{"host":"Sylvia","time":1611621542,"event":{"mods":["Act Like it!","BaseMod","Better Match","Better Note","Better Sensory Stone","Better Skull","Better Third Choice","Better Vampires","BetterRewards","Block Reminder","Colored Map","Colored Powertips","Curses Come First","Elementarium","GifTheSpireLib","Hallownest","Hermit","Highlight Path","Minty Spire (QoL Compilation)","Quick Restart","Random Character Button","Relic Stats","Shade Mod","Spicy Shops","StSLib","The Bug Knight","The Marked"],"gold_per_floor":[117,131,150,170,180,180,180,180,180,180,180,180,191,0,0,95,95,105,116,132,132,57,57,85,95,95,95,107,107,107,142,142,142,142],"floor_reached":33,"language":"ENG","playtime":1452,"items_purged":["theMarked:Strike"],"score":377,"play_id":"62891210-0d97-4a6a-b67d-eb8acfd6e388","local_time":"20210125193902","is_ascension_mode":false,"campfire_choices":[{"data":"theMarked:ElectricStrings","floor":6,"key":"SMITH"},{"data":"theMarked:ElectricStrings","floor":10,"key":"SMITH"},{"floor":12,"key":"REST"},{"data":"theMarked:EmpowerWeapon","floor":15,"key":"SMITH"},{"data":"theMarked:Toughness","floor":23,"key":"SMITH"},{"floor":27,"key":"REST"},{"floor":29,"key":"REST"},{"floor":32,"key":"REST"}],"circlet_count":0,"master_deck":["theMarked:Strike","theMarked:Strike","theMarked:Strike","theMarked:Defend","theMarked:Defend+1","theMarked:Defend","theMarked:Defend","theMarked:SoldierOfQuellstein","theMarked:ElectricStrings+1","theMarked:SwordAndMagic","theMarked:RepellingDischarge","theMarked:LightningStrikesTwice","theMarked:ElectricStrings+1","theMarked:ChainLightning","Bandage Up","theMarked:EmpowerWeapon+1","theMarked:Toughness+1","theMarked:HeightenedSenses","theMarked:Aftermath","theMarked:HeightenedSenses","theMarked:Maelstrom+1","theMarked:TwofoldDefense","theMarked:EmpowerWeapon+1","theMarked:HeightenedSenses"],"relics":["theMarked:ArtifactOfAir","Akabeko","Hallownest:DreamNailRelic","Pen Nib","Sozu","HollowMod:QueensCombRelic","Mummified Hand","White Beast Statue"],"acts_visited":["Exordium","TheCity"],"potions_floor_usage":[4,13,19,20],"damage_taken":[{"damage":0,"enemies":"2_ Uuma","floor":1,"turns":3},{"damage":7,"enemies":"Hallownest:2_Baldur","floor":2,"turns":3},{"damage":3,"enemies":"Hallownest:2_Tiktiks_and_1_Crawlid","floor":3,"turns":3},{"damage":0,"enemies":"Hallownest:MossCreep_and_Mosskin","floor":4,"turns":5},{"damage":3,"enemies":"Hallownest:1_Ooma_and_2_Uuma","floor":5,"turns":5},{"damage":5,"enemies":"Hallownest:Guard_and_Warrior","floor":13,"turns":4},{"damage":53,"enemies":"Hallownest:BossFalseKnight","floor":16,"turns":8},{"damage":0,"enemies":"Spheric Guardian","floor":18,"turns":2},{"damage":10,"enemies":"Shell Parasite","floor":19,"turns":3},{"damage":10,"enemies":"Snecko","floor":20,"turns":5},{"damage":38,"enemies":"Gremlin Leader","floor":24,"turns":5},{"damage":7,"enemies":"Centurion and Healer","floor":25,"turns":6},{"damage":36,"enemies":"Snake Plant","floor":28,"turns":4},{"damage":34,"enemies":"Slavers","floor":31,"turns":3},{"damage":42,"enemies":"Collector","floor":33,"turns":6}],"seed_played":"-1582537497788690438","potions_obtained":[{"floor":3,"key":"FearPotion"},{"floor":4,"key":"Fruit Juice"},{"floor":13,"key":"Swift Potion"},{"floor":16,"key":"SkillPotion"}],"is_trial":false,"path_per_floor":["M","M","M","M","M","R","?","?","T","R","?","R","M","?","R","B",null,"M","M","M","?","$","R","E","M","T","R","M","R","?","E","R","B"],"character_chosen":"THE_DEFAULT","items_purchased":["Akabeko","theMarked:ElectricStrings"],"campfire_rested":4,"item_purchase_floors":[0,0],"current_hp_per_floor":[64,57,54,59,56,56,56,56,56,56,56,75,70,70,70,21,75,75,65,55,55,55,55,21,22,22,37,13,28,45,15,30,0,0],"gold":142,"neow_bonus":"","is_daily":false,"chose_seed":false,"campfire_upgraded":4,"win_rate":0.0,"timestamp":1611621542,"path_taken":["M","M","M","?","M","R","?","?","T","R","?","R","M","?","R","BOSS","M","M","M","?","$","R","E","M","T","R","M","R","?","E","R","BOSS"],"items_purchased_type":["Relic","Card"],"build_version":"2020-12-18","purchased_purges":1,"victory":false,"max_hp_per_floor":[70,70,70,75,75,75,75,75,75,75,75,75,75,75,75,75,75,75,75,75,75,75,75,50,50,50,50,50,50,50,50,50,50,50],"relic_stats":{"Sozu":3,"counters":[39,159],"Mummified Hand":[2],"Pen Nib":[8],"obtain_stats":[{"HollowMod:QueensCombRelic":24,"NeowsBlessing":0,"Golden Idol":12,"Astrolabe":17,"Eternal Feather":7,"Pen Nib":14,"Hallownest:DreamNailRelic":11,"Whetstone":26,"Orichalcum":11,"Akabeko":0,"White Beast Statue":31,"Sozu":17,"theMarked:ArtifactOfAir":0,"DollysMirror":20,"Mummified Hand":26,"Pantograph":9,"Pandora\u0027s Box":17,"MealTicket":4,"Nloth\u0027s Gift":21},{"HollowMod:QueensCombRelic":35,"NeowsBlessing":0,"Golden Idol":5,"Astrolabe":16,"Eternal Feather":5,"Pen Nib":30,"Hallownest:DreamNailRelic":29,"Whetstone":22,"Orichalcum":13,"Akabeko":24,"White Beast Statue":38,"Sozu":31,"theMarked:ArtifactOfAir":0,"DollysMirror":9,"Mummified Hand":36,"Pantograph":5,"Pandora\u0027s Box":8,"MealTicket":12,"Nloth\u0027s Gift":19},{"HollowMod:QueensCombRelic":141,"NeowsBlessing":0,"Golden Idol":13,"Astrolabe":62,"Eternal Feather":13,"Pen Nib":119,"Hallownest:DreamNailRelic":115,"Whetstone":90,"Orichalcum":47,"Akabeko":96,"White Beast Statue":153,"Sozu":127,"theMarked:ArtifactOfAir":0,"DollysMirror":32,"Mummified Hand":147,"Pantograph":13,"Pandora\u0027s Box":28,"MealTicket":43,"Nloth\u0027s Gift":76}]},"card_choices":[{"not_picked":["theMarked:Frustration","theMarked:Parry"],"picked":"theMarked:SwordAndMagic","floor":1},{"not_picked":["theMarked:Convert","theMarked:ResourceFulStrike"],"picked":"theMarked:RepellingDischarge","floor":2},{"not_picked":["theMarked:SelfDefenseTraining","theMarked:TakeCover"],"picked":"theMarked:LightningStrikesTwice","floor":3},{"not_picked":["theMarked:SwordAndMagic","theMarked:MysticalArsenal"],"picked":"theMarked:ElectricStrings","floor":4},{"not_picked":["theMarked:ElectricStrings","theMarked:TheMission"],"picked":"theMarked:ChainLightning","floor":5},{"not_picked":["Dark Shackles","PanicButton"],"picked":"Bandage Up","floor":8},{"not_picked":["theMarked:TakeCover","theMarked:SwordAndMagic"],"picked":"theMarked:EmpowerWeapon","floor":13},{"not_picked":["theMarked:Snap","theMarked:UnarmedFury"],"picked":"theMarked:Toughness","floor":16},{"not_picked":["theMarked:Indomitable","theMarked:SwordAndMagic"],"picked":"theMarked:HeightenedSenses","floor":18},{"not_picked":["theMarked:StartUp","theMarked:Heritage"],"picked":"theMarked:Aftermath","floor":19},{"not_picked":["theMarked:SwordAndMagic+1","theMarked:Improvise"],"picked":"theMarked:HeightenedSenses","floor":20},{"not_picked":["theMarked:MysticalArsenal","theMarked:HeightenedSenses+1"],"picked":"theMarked:Maelstrom+1","floor":24},{"not_picked":["theMarked:FavorableWinds","theMarked:Memento"],"picked":"theMarked:TwofoldDefense","floor":25},{"not_picked":["theMarked:Parkour","theMarked:TheMission"],"picked":"theMarked:EmpowerWeapon+1","floor":28},{"not_picked":["theMarked:WastefulAttack","theMarked:Standoff"],"picked":"theMarked:HeightenedSenses","floor":31}],"player_experience":886370,"relics_obtained":[{"floor":24,"key":"HollowMod:QueensCombRelic"},{"floor":26,"key":"Mummified Hand"},{"floor":31,"key":"White Beast Statue"}],"event_choices":[{"damage_healed":0,"gold_gain":1,"player_choice":"1","damage_taken":0,"max_hp_gain":0,"max_hp_loss":0,"event_name":"betterStone:BetterStone","floor":8,"gold_loss":0},{"cards_removed":["theMarked:Strike"],"damage_healed":0,"gold_gain":0,"player_choice":"Elegance","damage_taken":0,"max_hp_gain":0,"max_hp_loss":0,"event_name":"betterThird:BetterWriting","floor":21,"gold_loss":0},{"damage_healed":17,"gold_gain":0,"player_choice":"Heal","damage_taken":0,"max_hp_gain":0,"max_hp_loss":0,"event_name":"The Library","floor":30,"gold_loss":0}],"is_beta":true,"boss_relics":[{"not_picked":["SlaversCollar","Velvet Choker"],"picked":"Sozu"}],"items_purged_floors":[22],"is_endless":false,"potions_floor_spawned":[3,4,13,16,19,28,31],"killed_by":"Collector","ascension_level":0}}