{"host":"hwrdjx5eod2cxh09","time":1611673842,"event":{"mods":["AchievementEnabler","BaseMod","Bestiary","Minty Spire (QoL Compilation)","Relic Stats"],"gold_per_floor":[219,25,25,35,45,45,79,79,126,126,126,126,143,162,162,261,261,276,286,111,111,111],"floor_reached":21,"language":"ENG","playtime":650,"items_purged":["Strike_R","Strike_R"],"score":179,"play_id":"8e6336fc-0490-43ff-98c2-85d7bbc419b7","local_time":"20210127001042","is_ascension_mode":false,"campfire_choices":[{"data":"Uppercut","floor":6.0,"key":"SMITH"},{"data":"Inflame","floor":11,"key":"SMITH"},{"data":"Body Slam","floor":15,"key":"SMITH"}],"circlet_count":0,"master_deck":["Strike_R","Defend_R","Defend_R","Defend_R","Defend_R","Bash","Inflame+1","Inflame","Body Slam+1","Uppercut+1","Flame Barrier","Anger","Pummel","Limit Break","True Grit","Dual Wield"],"relics":["Black Blood"],"acts_visited":["Exordium","TheCity"],"potions_floor_usage":[],"damage_taken":[{"damage":3.0,"enemies":"Jaw Worm","floor":1.0,"turns":5.0},{"damage":7.0,"enemies":"Cultist","floor":4.0,"turns":6.0},{"damage":2.0,"enemies":"Small Slimes","floor":5.0,"turns":4.0},{"damage":21.0,"enemies":"Gremlin Nob","floor":7.0,"turns":4.0},{"damage":15,"enemies":"Exordium Thugs","floor":13,"turns":5},{"damage":2,"enemies":"Blue Slaver","floor":14,"turns":5},{"damage":36,"enemies":"Hexaghost","floor":16,"turns":8},{"damage":24,"enemies":"3 Byrds","floor":18,"turns":4},{"damage":14,"enemies":"Spheric Guardian","floor":19,"turns":5},{"damage":60,"enemies":"Shelled Parasite and Fungi","floor":21,"turns":6}],"seed_played":"-4186189419477353756","potions_obtained":[{"floor":1.0,"key":"GamblersBrew"},{"floor":4.0,"key":"Fire Potion"},{"floor":13,"key":"Weak Potion"},{"floor":14,"key":"GamblersBrew"},{"floor":19,"key":"Explosive Potion"}],"is_trial":false,"path_per_floor":["M","$","?","M","M","R","E","?","T","?","R","?","M","M","R","B",null,"M","M","$","M"],"character_chosen":"IRONCLAD","items_purchased":["Inflame","Body Slam","Dual Wield"],"campfire_rested":0,"item_purchase_floors":[2,2,20],"current_hp_per_floor":[80,80,80,79,80,80,65,65,65,65,65,65,56,60,60,30,80,68,66,66,6,6],"gold":111,"neow_bonus":"HUNDRED_GOLD","is_daily":false,"chose_seed":false,"campfire_upgraded":3,"win_rate":0.0,"timestamp":1611673842,"path_taken":["M","$","?","M","M","R","E","?","T","?","R","?","?","M","R","BOSS","M","M","$","M"],"items_purchased_type":["Card","Card","Card"],"build_version":"2020-12-22","purchased_purges":2,"victory":false,"max_hp_per_floor":[80,80,80,80,80,80,80,80,80,80,80,80,80,80,80,80,80,80,80,80,80,80],"relic_stats":{"counters":[10,52],"Black Blood":60,"obtain_stats":[{"Black Blood":17,"Burning Blood":0},{"Black Blood":7,"Burning Blood":0},{"Black Blood":37,"Burning Blood":0}]},"card_choices":[{"not_picked":["Heavy Blade","Warcry"],"picked":"Inflame","floor":1.0},{"not_picked":["Searing Blow","Blood for Blood","Dark Embrace"],"picked":"SKIP","floor":4.0},{"not_picked":["Evolve","Flex"],"picked":"Uppercut","floor":5.0},{"not_picked":["Inflame","Double Tap"],"picked":"Flame Barrier","floor":7},{"not_picked":["Armaments","Warcry","Cleave"],"picked":"SKIP","floor":13},{"not_picked":["Entrench","Warcry"],"picked":"Pummel","floor":14},{"not_picked":["Berserk","Bludgeon"],"picked":"Limit Break","floor":16},{"not_picked":["Havoc+1","Clothesline+1","Wild Strike"],"picked":"SKIP","floor":18},{"not_picked":["Clothesline","Clash"],"picked":"True Grit","floor":19}],"player_experience":317291,"relics_obtained":[],"event_choices":[{"cards_removed":["Strike_R"],"damage_healed":0.0,"max_hp_gain":0.0,"max_hp_loss":0.0,"gold_gain":0.0,"event_name":"Purifier","player_choice":"Purged","floor":3.0,"gold_loss":0.0,"damage_taken":0.0},{"damage_healed":0,"gold_gain":0,"player_choice":"Fled","damage_taken":0,"max_hp_gain":0,"max_hp_loss":0,"event_name":"Scrap Ooze","floor":8,"gold_loss":0},{"damage_healed":0,"gold_gain":0,"player_choice":"Ignored","damage_taken":0,"max_hp_gain":0,"max_hp_loss":0,"event_name":"Golden Idol","floor":10,"gold_loss":0},{"damage_healed":0,"gold_gain":0,"cards_transformed":["Strike_R"],"player_choice":"Transformed","damage_taken":0,"max_hp_gain":0,"max_hp_loss":0,"event_name":"Transmorgrifier","floor":12,"gold_loss":0,"cards_obtained":["Anger"]}],"is_beta":false,"boss_relics":[{"not_picked":["Sozu","Mark of Pain"],"picked":"Black Blood"}],"items_purged_floors":[2,20],"is_endless":false,"potions_floor_spawned":[1,4,13,14,19],"killed_by":"Shelled Parasite and Fungi","ascension_level":0}}