{"host":"jeza3f7qwapecycc","time":1611662836,"event":{"mods":["BaseMod","Downfall","Minty Spire (QoL Compilation)","Relic Stats","StSLib"],"gold_per_floor":[99,111,111,127,127,67,92,106,118,118,103,28,28,13,23,127,127,77,95,195,214,64,14,68,82,101,132,132,40,40,12,32,127,127,77,92,92,111,461,471,525,554,100,100,14,35,35,65,90,90,90,90],"floor_reached":50,"language":"ZHS","playtime":3435,"items_purged":[],"score":582,"play_id":"db526886-496d-4dd4-a850-6ce8369a386a","local_time":"20210126200716","is_ascension_mode":false,"campfire_choices":[{"data":"Slimebound:Split","floor":1,"key":"SMITH"},{"data":"Slimebound:RainOfGoop","floor":10,"key":"SMITH"},{"data":"Slimebound:RejuvenatingLick","floor":13,"key":"SMITH"},{"data":"Slimebound:LeechLife","floor":18,"key":"SMITH"},{"data":"Ghostly","floor":23,"key":"SMITH"},{"data":"expansioncontent:AwakenDeath","floor":35,"key":"SMITH"}],"circlet_count":0,"master_deck":["Slimebound:Strike_Slimebound","Slimebound:Strike_Slimebound","Slimebound:Strike_Slimebound","Slimebound:Tackle","Slimebound:Defend_Slimebound","Slimebound:Defend_Slimebound","Slimebound:Defend_Slimebound","Slimebound:Defend_Slimebound","Slimebound:Split+1","Slimebound:CorrosiveSpit","Slimebound:SlimeBrawl","Slimebound:RainOfGoop+1","Slimebound:SlimeBrawl","Slimebound:SamplingLick","Slimebound:GrowthPunch","Slimebound:FinishingTackle","Slimebound:Schlurp","Slimebound:Prepare","Slimebound:RejuvenatingLick+1","Slimebound:LeadByExample","Slimebound:SplitLeeching","Slimebound:LeechLife+1","Slimebound:LivingWall","Slimebound:Gluttony","Ghostly+1","Slimebound:LevelUp","Slimebound:OozeBath+1","Slimebound:LivingWall+1","Slimebound:GoopSpray+1","expansioncontent:AwakenDeath+1","Slimebound:LeechEnergy+1","Slimebound:RainOfGoop","Slimebound:MinionMaster","Slimebound:LeechEnergy+1","Slimebound:DisruptingSlam","Slimebound:GoopSpray+1","Slimebound:Prepare","Slimebound:SlimeTap+1","Slimebound:GoopSpray+1","Slimebound:AcidTongue","Blind","Slimebound:SpikyOuterGoop","Slimebound:SamplingLick+1"],"relics":["Slimebound:AbsorbEndCombatUpgraded","Ancient Tea Set","Nunchaku","Slimebound:GreedOozeRelic","Potion Belt","Happy Flower","Smiling Mask","The Courier","HandDrill","Calipers","Slimebound:TarBlob","Old Coin","CeramicFish","Bronze Scales","Gremlin Horn","Oddly Smooth Stone","Bag of Marbles"],"acts_visited":["Exordium","TheCity","TheBeyond"],"potions_floor_usage":[15,25,27,31,33,33,42,46,46,48,48,48,50],"damage_taken":[{"damage":8,"enemies":"2 Louse","floor":2,"turns":2},{"damage":1,"enemies":"Cultist","floor":4,"turns":3},{"damage":3,"enemies":"downfall:FleeingMerchant","floor":6,"turns":4},{"damage":12,"enemies":"Small Slimes","floor":8,"turns":4},{"damage":6,"enemies":"Blue Slaver","floor":9,"turns":4},{"damage":6,"enemies":"downfall:FleeingMerchant","floor":11,"turns":4},{"damage":16,"enemies":"downfall:FleeingMerchant","floor":14,"turns":4},{"damage":10,"enemies":"Exordium Thugs","floor":15,"turns":3},{"damage":21,"enemies":"IC_STATUS_ARCHETYPE","floor":16,"turns":7},{"damage":4,"enemies":"Shell Parasite","floor":19,"turns":4},{"damage":23,"enemies":"downfall:LadyInBlue","floor":20,"turns":13},{"damage":3,"enemies":"Chosen","floor":21,"turns":3},{"damage":12,"enemies":"3 Cultists","floor":25,"turns":5},{"damage":17,"enemies":"Sentry and Sphere","floor":26,"turns":6},{"damage":40,"enemies":"Gremlin Leader","floor":27,"turns":9},{"damage":3,"enemies":"downfall:FleeingMerchant","floor":29,"turns":4},{"damage":7,"enemies":"downfall:FleeingMerchant","floor":31,"turns":4},{"damage":9,"enemies":"Snake Plant","floor":32,"turns":8},{"damage":45,"enemies":"WA_ARCHETYPE_CALM","floor":33,"turns":11},{"damage":49,"enemies":"3 Shapes","floor":36,"turns":7},{"damage":13,"enemies":"3 Shapes","floor":37,"turns":7},{"damage":3,"enemies":"Orb Walker","floor":38,"turns":3},{"damage":22,"enemies":"Orb Walker","floor":39,"turns":6},{"damage":15,"enemies":"Jaw Worm Horde","floor":40,"turns":4},{"damage":37,"enemies":"3 Darklings","floor":42,"turns":8},{"damage":30,"enemies":"Transient","floor":46,"turns":5},{"damage":21,"enemies":"Reptomancer","floor":48,"turns":7},{"damage":37,"enemies":"Jaw Worm Horde","floor":49,"turns":7},{"damage":110,"enemies":"SI_POISON_ARCHETYPE","floor":50,"turns":5}],"seed_played":"6014824790555141603","potions_obtained":[{"floor":2,"key":"champ:CounterPotion"},{"floor":4,"key":"ColorlessPotion"},{"floor":9,"key":"BlessingOfTheForge"},{"floor":19,"key":"Explosive Potion"},{"floor":20,"key":"Slimebound:SpawnSlimePotion"},{"floor":20,"key":"PowerPotion"},{"floor":20,"key":"PowerPotion"},{"floor":20,"key":"AttackPotion"},{"floor":27,"key":"Fire Potion"},{"floor":33,"key":"LiquidMemories"},{"floor":36,"key":"PowerPotion"},{"floor":37,"key":"Explosive Potion"},{"floor":42,"key":"Weak Potion"},{"floor":46,"key":"Swift Potion"},{"floor":48,"key":"SmokeBomb"}],"is_trial":false,"path_per_floor":["R","M","?","M","?","$","T","M","M","R","$","?","R","$","M","B",null,"R","M","?","M","?","R","T","M","M","E","T","$","?","$","M","B",null,"R","M","?","M","?","M","T","M","$","?","$","M","?","E","M","B"],"character_chosen":"SLIMEBOUND","items_purchased":["Slimebound:FinishingTackle","expansioncontent:AwakenDeath","HandDrill","Calipers","Block Potion","Bronze Scales","Gremlin Horn","Oddly Smooth Stone","Slimebound:AcidTongue","Blind"],"campfire_rested":0,"item_purchase_floors":[6,29,31,31,31,43,43,43,45,45],"current_hp_per_floor":[65,57,57,60,48,51,51,45,43,43,45,45,45,37,35,18,65,65,65,48,65,65,65,65,56,54,29,29,29,50,55,65,43,65,65,65,65,65,65,62,62,65,65,65,65,38,30,33,65,0,0,0],"gold":90,"neow_bonus":"THREE_CARDS","is_daily":false,"chose_seed":false,"campfire_upgraded":6,"win_rate":0.0,"timestamp":1611662836,"path_taken":["R","M","?","?","?","$","T","M","M","R","$","?","R","?","M","BOSS","R","M","?","?","?","R","T","M","M","E","?","?","?","$","M","BOSS","R","M","?","M","?","M","T","M","?","?","$","?","?","E","M","BOSS"],"items_purchased_type":["Card","Card","Relic","Relic","Potion","Relic","Relic","Relic","Card","Card"],"build_version":"2020-12-22","purchased_purges":0,"victory":false,"max_hp_per_floor":[65,65,65,65,65,65,65,65,65,65,65,65,65,65,65,65,65,65,65,65,65,65,65,65,65,65,65,65,65,65,65,65,65,65,65,65,65,65,65,65,65,65,65,65,65,65,65,65,65,65,65,65],"relic_stats":{"Nunchaku":[16],"Happy Flower":[35],"Gremlin Horn":[6,6],"counters":[29,160],"CeramicFish":45,"Bronze Scales":[63],"HandDrill":[48],"Smiling Mask":0,"obtain_stats":[{"Potion Belt":20,"Calipers":31,"Happy Flower":24,"Gremlin Horn":43,"CeramicFish":41,"Oddly Smooth Stone":43,"The Courier":28,"Ancient Tea Set":5,"Smiling Mask":27,"Slimebound:TarBlob":34,"Old Coin":39,"Slimebound:GreedOozeRelic":12,"Nunchaku":7,"Bronze Scales":43,"Slimebound:AbsorbEndCombat":0,"HandDrill":31,"Bag of Marbles":48,"Slimebound:AbsorbEndCombatUpgraded":17},{"Potion Belt":11,"Calipers":17,"Happy Flower":12,"Gremlin Horn":25,"CeramicFish":24,"Oddly Smooth Stone":25,"The Courier":15,"Ancient Tea Set":2,"Smiling Mask":15,"Slimebound:TarBlob":19,"Old Coin":23,"Slimebound:GreedOozeRelic":6,"Nunchaku":3,"Bronze Scales":25,"Slimebound:AbsorbEndCombat":0,"HandDrill":17,"Bag of Marbles":27,"Slimebound:AbsorbEndCombatUpgraded":9},{"Potion Belt":52,"Calipers":82,"Happy Flower":55,"Gremlin Horn":136,"CeramicFish":128,"Oddly Smooth Stone":136,"The Courier":74,"Ancient Tea Set":5,"Smiling Mask":74,"Slimebound:TarBlob":101,"Old Coin":124,"Slimebound:GreedOozeRelic":21,"Nunchaku":9,"Bronze Scales":136,"Slimebound:AbsorbEndCombat":0,"HandDrill":82,"Bag of Marbles":148,"Slimebound:AbsorbEndCombatUpgraded":35}]},"card_choices":[{"not_picked":["Slimebound:LivingWall","Slimebound:SplitBruiser"],"picked":"Slimebound:SlimeBrawl","floor":0},{"not_picked":["Slimebound:FormOfPuddle","Slimebound:ViciousTackle"],"picked":"Slimebound:RainOfGoop","floor":2},{"not_picked":["Slimebound:SplitBruiser","Slimebound:GrowthPunch"],"picked":"Slimebound:SamplingLick","floor":4},{"not_picked":["Slimebound:SlimeSpikes","Slimebound:SlimeBarrage"],"picked":"Slimebound:GrowthPunch","floor":6},{"not_picked":["Slimebound:Nibble","Slimebound:Prepare"],"picked":"Slimebound:Schlurp","floor":8},{"not_picked":["Slimebound:FinishingTackle","Slimebound:SlimeBarrage"],"picked":"Slimebound:Prepare","floor":9},{"not_picked":["Slimebound:PressTheAttack","Slimebound:SplitAcid"],"picked":"Slimebound:RejuvenatingLick","floor":11},{"not_picked":["Slimebound:HauntingLick","Slimebound:ItLooksTasty"],"picked":"Slimebound:LeadByExample","floor":14},{"not_picked":["Slimebound:RejuvenatingLick","Slimebound:ItLooksTasty"],"picked":"Slimebound:SplitLeeching","floor":15},{"not_picked":["Slimebound:DuplicatedForm","Slimebound:Teamwork"],"picked":"Slimebound:LeechLife","floor":16},{"not_picked":["Slimebound:LeechingTouch","Slimebound:HauntingLick"],"picked":"Slimebound:LivingWall","floor":19},{"not_picked":["Slimebound:MegaLick","Slimebound:SlimeBarrage"],"picked":"Slimebound:Gluttony","floor":20},{"not_picked":["Slimebound:GrowthPunch","Slimebound:SplitBruiser","Slimebound:ComboTackle"],"picked":"SKIP","floor":21},{"not_picked":["Slimebound:AcidTongue","Slimebound:Schlurp"],"picked":"Slimebound:LevelUp","floor":25},{"not_picked":["Slimebound:Dissolve+1","Slimebound:FinishingTackle"],"picked":"Slimebound:OozeBath","floor":26},{"not_picked":["Slimebound:SplitAcid","Slimebound:LeadByExample+1"],"picked":"Slimebound:LivingWall+1","floor":27},{"not_picked":["Slimebound:Schlurp","Slimebound:SplitAcid"],"picked":"Slimebound:GoopSpray+1","floor":29},{"not_picked":["Slimebound:FinishingTackle","Slimebound:HauntingLick"],"picked":"Slimebound:LeechEnergy+1","floor":31},{"not_picked":["Slimebound:HauntingLick+1","Slimebound:ViciousTackle"],"picked":"Slimebound:RainOfGoop","floor":32},{"not_picked":["Slimebound:CheckThePlaybook","Slimebound:RallyTheTroops"],"picked":"Slimebound:MinionMaster","floor":33},{"not_picked":["Slimebound:PressTheAttack","Slimebound:HauntingLick+1"],"picked":"Slimebound:LeechEnergy+1","floor":36},{"not_picked":["Slimebound:SplitBruiser","Slimebound:GrowthPunch"],"picked":"Slimebound:DisruptingSlam","floor":37},{"not_picked":["Slimebound:HauntingLick+1","Slimebound:SlimeBarrage"],"picked":"Slimebound:GoopSpray+1","floor":38},{"not_picked":["Slimebound:BestDefense","Slimebound:SplitLeeching"],"picked":"Slimebound:Prepare","floor":39},{"not_picked":["Slimebound:ItLooksTasty","Slimebound:LeechingTouch+1"],"picked":"Slimebound:SlimeTap+1","floor":40},{"not_picked":["Slimebound:RallyTheTroops","Slimebound:GrowthPunch+1"],"picked":"Slimebound:GoopSpray+1","floor":42},{"not_picked":["Slimebound:SlimeSpikes+1","Slimebound:GoopSpray"],"picked":"Slimebound:SpikyOuterGoop","floor":46},{"not_picked":["Slimebound:LeadByExample","Slimebound:ViciousTackle","Slimebound:GoopTackle"],"picked":"SKIP","floor":48},{"not_picked":["Slimebound:FinishingTackle+1","Slimebound:SplitBruiser"],"picked":"Slimebound:SamplingLick+1","floor":49}],"player_experience":796277,"relics_obtained":[{"floor":7,"key":"Nunchaku"},{"floor":20,"key":"Potion Belt"},{"floor":24,"key":"Happy Flower"},{"floor":27,"key":"Smiling Mask"},{"floor":28,"key":"The Courier"},{"floor":39,"key":"Old Coin"},{"floor":41,"key":"CeramicFish"},{"floor":48,"key":"Bag of Marbles"}],"event_choices":[{"damage_healed":0,"gold_gain":0,"player_choice":"Success","damage_taken":12,"relics_obtained":["Ancient Tea Set"],"max_hp_gain":0,"max_hp_loss":0,"event_name":"Scrap Ooze","floor":5,"gold_loss":0},{"damage_healed":21,"gold_gain":0,"player_choice":"Heal","damage_taken":0,"max_hp_gain":0,"max_hp_loss":0,"event_name":"The Library","floor":30,"gold_loss":0},{"damage_healed":0,"gold_gain":0,"player_choice":"Ignored","damage_taken":0,"max_hp_gain":0,"max_hp_loss":0,"event_name":"Mysterious Sphere","floor":44,"gold_loss":0}],"is_beta":false,"boss_relics":[{"not_picked":["Runic Dome","Fusion Hammer"],"picked":"Slimebound:AbsorbEndCombatUpgraded"},{"not_picked":["Calling Bell","Busted Crown"],"picked":"Slimebound:TarBlob"}],"items_purged_floors":[],"is_endless":false,"potions_floor_spawned":[2,4,9,19,20,27,33,36,37,42,46,48],"killed_by":"SI_POISON_ARCHETYPE","ascension_level":0}}