{"host":"ktoxvvst1mwxww91","time":1611676065,"event":{"mods":["BaseMod","Downfall","Minty Spire (QoL Compilation)","StSLib"],"gold_per_floor":[99,112,132,132,132,151,151,9,9,36,136,154,13,24,34,134,134,34,50,65,84,69,69,69,79,98,133,143,3,21,21,38,135,135,135,149,164,70,83,118,142,242,256,256,294,321,321,339,359,359,359,359],"floor_reached":50,"language":"ENG","playtime":2814,"items_purged":["champ:Strike","champ:Strike","champ:Strike","Shame"],"score":687,"play_id":"19884d85-d27e-4510-8fb5-db267f6eb316","local_time":"20210126164745","is_ascension_mode":true,"campfire_choices":[{"data":"champ:Taunt","floor":1,"key":"SMITH"},{"data":"champ:FanOfKnives","floor":9,"key":"SMITH"},{"data":"champ:HoldFirm","floor":18,"key":"SMITH"},{"data":"champ:RageSigil","floor":35,"key":"SMITH"},{"floor":44,"key":"REST"},{"floor":47,"key":"REST"}],"circlet_count":0,"master_deck":["champ:Execute","champ:Taunt+1","champ:BerserkerStyle","champ:Shatter","champ:FanOfKnives+1","champ:BringItOn","champ:FanOfKnives","champ:AdrenalArmor","champ:RageSigil+1","champ:Lariat","champ:BringItOn","champ:BringItOn","champ:HoldFirm+1","champ:Shatter+1","champ:AdrenalArmor","champ:EnGarde","champ:HoldFirm+1","champ:RageSigil","champ:EnGarde","champ:DeathBlow","champ:StanceDance","champ:SwordThrow","champ:FaceSlap","champ:Lariat","champ:MurderStrike","champ:Duel","champ:ShieldSlam","champ:BringItOn","champ:EnGarde","champ:FanOfKnives","champ:AdrenalArmor","champ:CalledShot+1","champ:BerserkersShout+1","champ:PerfectedStrike","Parasite","champ:PreciseThrust","champ:Endure+1","champ:Endure+1"],"relics":["champ:PowerArmor","champ:LiftRelic","StoneCalendar","Mercury Hourglass","Toy Ornithopter","Busted Crown","downfall:HeartBlessingGreen","Gremlin Horn","hexamod:CandleOfCauterizing","MutagenicStrength","Pandora\u0027s Box","Toxic Egg 2","Singing Bowl","Dream Catcher","CeramicFish"],"acts_visited":["Exordium","TheCity","TheBeyond"],"potions_floor_usage":[10,10,13,16,27,28,40,50,50],"damage_taken":[{"damage":13,"enemies":"Small Slimes","floor":2,"turns":4},{"damage":13,"enemies":"2 Louse","floor":3,"turns":3},{"damage":17,"enemies":"Cultist","floor":6,"turns":3},{"damage":44,"enemies":"downfall:FleeingMerchant","floor":8,"turns":4},{"damage":44,"enemies":"Gremlin Nob","floor":10,"turns":3},{"damage":72,"enemies":"downfall:LadyInBlue","floor":11,"turns":7},{"damage":19,"enemies":"Blue Slaver","floor":12,"turns":3},{"damage":20,"enemies":"downfall:FleeingMerchant","floor":13,"turns":4},{"damage":20,"enemies":"Lots of Slimes","floor":14,"turns":2},{"damage":25,"enemies":"Large Slime","floor":15,"turns":4},{"damage":64,"enemies":"IC_STATUS_ARCHETYPE","floor":16,"turns":7},{"damage":40,"enemies":"Chosen","floor":19,"turns":3},{"damage":0,"enemies":"Spheric Guardian","floor":20,"turns":1},{"damage":48,"enemies":"Centurion and Healer","floor":21,"turns":7},{"damage":20,"enemies":"downfall:FleeingMerchant","floor":22,"turns":4},{"damage":77,"enemies":"Cultist and Chosen","floor":25,"turns":6},{"damage":20,"enemies":"Shelled Parasite and Fungi","floor":26,"turns":4},{"damage":58,"enemies":"Book of Stabbing","floor":27,"turns":6},{"damage":20,"enemies":"Snake Plant","floor":28,"turns":3},{"damage":30,"enemies":"downfall:FleeingMerchant","floor":29,"turns":4},{"damage":20,"enemies":"Centurion and Healer","floor":30,"turns":4},{"damage":50,"enemies":"Sentry and Sphere","floor":32,"turns":5},{"damage":66,"enemies":"SI_MIRROR_ARCHETYPE","floor":33,"turns":7},{"damage":20,"enemies":"3 Darklings","floor":36,"turns":3},{"damage":30,"enemies":"Orb Walker","floor":37,"turns":3},{"damage":37,"enemies":"downfall:FleeingMerchant","floor":38,"turns":3},{"damage":12,"enemies":"3 Darklings","floor":39,"turns":3},{"damage":110,"enemies":"Nemesis","floor":40,"turns":7},{"damage":41,"enemies":"Writhing Mass","floor":43,"turns":5},{"damage":197,"enemies":"Giant Head","floor":45,"turns":9},{"damage":46,"enemies":"Spire Growth","floor":46,"turns":4},{"damage":70,"enemies":"4 Shapes","floor":48,"turns":5},{"damage":25,"enemies":"Sphere and 2 Shapes","floor":49,"turns":2},{"damage":134,"enemies":"WA_ARCHETYPE_DIVINITY","floor":50,"turns":11}],"seed_played":"2265229010915793925","potions_obtained":[{"floor":2,"key":"DistilledChaos"},{"floor":3,"key":"AttackPotion"},{"floor":11,"key":"champ:CounterPotion"},{"floor":11,"key":"LiquidMemories"},{"floor":11,"key":"Fire Potion"},{"floor":15,"key":"GamblersBrew"},{"floor":20,"key":"SneckoOil"},{"floor":21,"key":"FairyPotion"},{"floor":28,"key":"Ancient Potion"},{"floor":32,"key":"SteroidPotion"},{"floor":37,"key":"Regen Potion"},{"floor":45,"key":"sneckomod:MuddlingPotion"},{"floor":46,"key":"SteroidPotion"},{"floor":48,"key":"BlessingOfTheForge"},{"floor":49,"key":"Swift Potion"}],"is_trial":false,"path_per_floor":["R","M","M","?","?","M","T","$","R","E","?","M","$","M","M","B",null,"R","M","M","M","$","?","T","M","M","E","M","$","M","?","M","B",null,"R","M","M","$","M","E","T","?","M","R","E","M","R","M","M","B"],"character_chosen":"THE_CHAMP","items_purchased":["champ:BringItOn","champ:BringItOn","Toxic Egg 2","champ:PerfectedStrike"],"campfire_rested":2,"item_purchase_floors":[8,13,38,38],"current_hp_per_floor":[90,87,84,84,69,69,69,64,64,51,28,28,33,33,33,18,90,90,90,90,77,77,77,77,67,67,53,58,58,58,58,58,57,90,90,90,87,77,75,47,47,47,43,71,28,12,42,24,26,0,0,0],"gold":359,"neow_bonus":"BOSS_RELIC","is_daily":false,"chose_seed":false,"campfire_upgraded":4,"win_rate":0.0,"timestamp":1611676065,"path_taken":["R","M","M","?","?","?","T","$","R","E","?","M","$","M","M","BOSS","R","M","M","?","$","?","T","M","?","E","M","$","M","?","M","BOSS","R","M","M","$","M","E","T","?","M","R","E","M","R","M","M","BOSS"],"items_purchased_type":["Card","Card","Relic","Card"],"build_version":"2020-12-22","purchased_purges":4,"victory":false,"max_hp_per_floor":[90,90,90,90,90,90,90,90,90,90,90,90,90,90,90,90,90,90,90,90,90,90,90,90,90,90,90,90,90,90,90,90,90,90,90,90,90,90,90,92,92,92,94,94,94,94,96,98,100,100,100,100],"card_choices":[{"not_picked":["champ:FlashCut","champ:GutPunch"],"picked":"champ:BerserkerStyle","floor":2},{"not_picked":["champ:DefensiveStyle","champ:Backstep"],"picked":"champ:Shatter","floor":3},{"not_picked":["champ:Parry","champ:PerfectedStrike"],"picked":"champ:FanOfKnives","floor":6},{"not_picked":["champ:ViciousMockery","champ:TornadoPunch","champ:FocusedDefense"],"picked":"SKIP","floor":8},{"not_picked":["champ:GutPunch","champ:Improvising"],"picked":"champ:FanOfKnives","floor":10},{"not_picked":["champ:DefensiveStyle","champ:BerserkersShout"],"picked":"champ:AdrenalArmor","floor":11},{"not_picked":["champ:TornadoPunch","champ:FlashCut"],"picked":"champ:RageSigil","floor":12},{"not_picked":["champ:ViciousMockery","champ:FanOfKnives"],"picked":"champ:Lariat","floor":13},{"not_picked":["champ:BladeFlurry","champ:TornadoPunch","champ:ShieldSigil"],"picked":"SKIP","floor":14},{"not_picked":["champ:GladiatorStyle","champ:CrookedStrike"],"picked":"champ:BringItOn","floor":15},{"not_picked":["champ:HeavySlash","champ:ShieldThrow"],"picked":"champ:HoldFirm","floor":16},{"not_picked":[],"picked":"champ:Shatter+1","floor":19},{"not_picked":["champ:GutPunch"],"picked":"SKIP","floor":20},{"not_picked":[],"picked":"champ:AdrenalArmor","floor":21},{"not_picked":[],"picked":"champ:EnGarde","floor":22},{"not_picked":[],"picked":"champ:EnGarde","floor":25},{"not_picked":[],"picked":"champ:DeathBlow","floor":26},{"not_picked":["champ:FalseCounter"],"picked":"SKIP","floor":27},{"not_picked":[],"picked":"champ:StanceDance","floor":28},{"not_picked":[],"picked":"champ:SwordThrow","floor":29},{"not_picked":[],"picked":"champ:FaceSlap","floor":30},{"not_picked":[],"picked":"champ:Lariat","floor":32},{"not_picked":[],"picked":"champ:MurderStrike","floor":33},{"not_picked":[],"picked":"champ:AdrenalArmor","floor":36},{"not_picked":[],"picked":"champ:CalledShot+1","floor":37},{"not_picked":[],"picked":"champ:BerserkersShout+1","floor":38},{"not_picked":["champ:FlashCut+1"],"picked":"SKIP","floor":39},{"not_picked":["champ:Shatter+1"],"picked":"Singing Bowl","floor":40},{"not_picked":["champ:Haymaker+1"],"picked":"Singing Bowl","floor":43},{"not_picked":[],"picked":"champ:PreciseThrust","floor":44},{"not_picked":[],"picked":"champ:Endure+1","floor":45},{"not_picked":[],"picked":"champ:Endure+1","floor":46},{"not_picked":["champ:PerfectedStrike"],"picked":"Singing Bowl","floor":47},{"not_picked":["champ:CrownThrow+1"],"picked":"Singing Bowl","floor":48},{"not_picked":["champ:Circumvent+1"],"picked":"Singing Bowl","floor":49}],"player_experience":854246,"relics_obtained":[{"floor":7,"key":"StoneCalendar"},{"floor":10,"key":"Mercury Hourglass"},{"floor":11,"key":"Toy Ornithopter"},{"floor":24,"key":"Gremlin Horn"},{"floor":27,"key":"hexamod:CandleOfCauterizing"},{"floor":40,"key":"Singing Bowl"},{"floor":41,"key":"Dream Catcher"},{"floor":45,"key":"CeramicFish"}],"event_choices":[{"damage_healed":0,"gold_gain":0,"player_choice":"Inject Mutagens","damage_taken":0,"relics_obtained":["MutagenicStrength"],"max_hp_gain":0,"max_hp_loss":0,"event_name":"Drug Dealer","floor":31,"gold_loss":0}],"is_beta":false,"boss_relics":[{"not_picked":["Tiny House","Coffee Dripper"],"picked":"Busted Crown"},{"not_picked":["Philosopher\u0027s Stone","Velvet Choker"],"picked":"Pandora\u0027s Box"}],"items_purged_floors":[8,13,29,38],"is_endless":false,"potions_floor_spawned":[2,3,15,20,21,25,28,32,37,45,46,48,49],"killed_by":"WA_ARCHETYPE_DIVINITY","ascension_level":3}}