{"host":"hfxahm4y1ssattqc","time":1611629673,"event":{"mods":["2.2 Compatiblity","Act Like it!","Aspiration","BaseMod","Beaked The Cultist","Better Third Choice","BetterRewards","Colored Map","Colored Powertips","Custom Start","Googly Eyes","Halation","Hallownest","Hermit","Highlight Path","Hubris","Mimic Mod","Minty Spire (QoL Compilation)","Reorder Act Four","Shop Mod","Spikes Relics","StSLib","The Bug Knight","The IronCluck","The Jungle","Unknown Chances","slay the spire mod where everything is the same but ironclad has a cowboy hat"],"gold_per_floor":[210,142,142,161,13,13,26,53,53,53,93,93,114,139,139,139,139],"floor_reached":16,"language":"ENG","playtime":594,"items_purged":[],"score":110,"play_id":"ec1b9f6c-98f5-4855-9fd1-d6466c94594d","local_time":"20210125185433","is_ascension_mode":false,"campfire_choices":[{"data":"hermit:Snapshot","floor":6,"key":"SMITH"},{"floor":12,"key":"REST"},{"floor":15,"key":"REST"}],"circlet_count":0,"master_deck":["hermit:Strike_Hermit","hermit:Strike_Hermit","hermit:Strike_Hermit","hermit:Strike_Hermit","hermit:Defend_Hermit","hermit:Defend_Hermit","hermit:Defend_Hermit","hermit:Defend_Hermit","hermit:Snapshot+1","hermit:Covet","hermit:CursedWeapon+1","hermit:FatalDesire","hermit:Virtue","Injury","hermit:TakeCover"],"relics":["hermit:Momento","hermit:PetGhost","halation:TwoAmDonut","Matryoshka","Golden Idol","Nunchaku"],"acts_visited":["Exordium"],"potions_floor_usage":[11,14,16],"damage_taken":[{"damage":1,"enemies":"Cultist","floor":1,"turns":4},{"damage":4,"enemies":"2 Louse","floor":4,"turns":2},{"damage":3,"enemies":"Jaw Worm","floor":7,"turns":3},{"damage":44,"enemies":"3 Sentries","floor":8,"turns":15},{"damage":18,"enemies":"Lagavulin","floor":11,"turns":7},{"damage":14,"enemies":"Blue Slaver","floor":13,"turns":3},{"damage":2,"enemies":"Gremlin Gang","floor":14,"turns":7},{"damage":100051,"enemies":"The Guardian","floor":16,"turns":10}],"seed_played":"1571415593498665255","potions_obtained":[{"floor":4,"key":"GamblersBrew"},{"floor":7,"key":"Energy Potion"},{"floor":8,"key":"SmokeBomb"},{"floor":14,"key":"AttackPotion"}],"is_trial":false,"path_per_floor":["M","$","?","M","$","R","M","E","T","?","E","R","M","M","R","B"],"character_chosen":"HERMIT","items_purchased":["hermit:FatalDesire","hermit:PetGhost"],"campfire_rested":2,"item_purchase_floors":[2,5],"current_hp_per_floor":[74,74,74,70,70,70,67,23,23,23,5,27,13,11,33,0,0],"gold":139,"neow_bonus":"HUNDRED_GOLD","is_daily":false,"chose_seed":false,"campfire_upgraded":1,"win_rate":0.0,"timestamp":1611629673,"path_taken":["M","$","?","M","$","R","M","E","T","?","E","R","M","?","R","BOSS"],"items_purchased_type":["Card","Relic"],"build_version":"2020-12-22","purchased_purges":0,"victory":false,"max_hp_per_floor":[75,75,75,75,75,75,75,75,75,75,75,75,75,75,75,75,75],"card_choices":[{"not_picked":["hermit:Snipe","hermit:Vantage"],"picked":"hermit:CursedWeapon","floor":1},{"not_picked":["hermit:HoleUp","hermit:BodyArmor","hermit:Cheat"],"picked":"SKIP","floor":4},{"not_picked":["hermit:Dive","hermit:Purgatory","hermit:Maintenance"],"picked":"SKIP","floor":7},{"not_picked":["hermit:DeadMansHand","hermit:Brawl"],"picked":"hermit:Virtue","floor":8},{"not_picked":["hermit:LuckOfTheDraw","hermit:Cheat","hermit:LowProfile"],"picked":"SKIP","floor":11},{"not_picked":["hermit:Virtue","hermit:DeadMansHand"],"picked":"hermit:TakeCover","floor":13},{"not_picked":["hermit:HighCaliber","hermit:Manifest","hermit:Misfire"],"picked":"SKIP","floor":14}],"player_experience":910543,"relics_obtained":[{"floor":8,"key":"halation:TwoAmDonut"},{"floor":9,"key":"Matryoshka"},{"floor":11,"key":"Nunchaku"}],"event_choices":[{"damage_healed":0,"gold_gain":0,"player_choice":"Grow","damage_taken":0,"max_hp_gain":0,"max_hp_loss":0,"event_name":"Living Wall","floor":3,"gold_loss":0,"cards_upgraded":["hermit:CursedWeapon"]},{"damage_healed":0,"gold_gain":0,"player_choice":"Take Wound","damage_taken":0,"relics_obtained":["Golden Idol"],"max_hp_gain":0,"max_hp_loss":0,"event_name":"Golden Idol","floor":10,"gold_loss":0,"cards_obtained":["Injury"]}],"is_beta":false,"boss_relics":[],"items_purged_floors":[],"is_endless":false,"potions_floor_spawned":[4,7,8,14],"killed_by":"The Guardian","ascension_level":0}}