{"host":"q1gs7pmqdidxkuxt","time":1611654200,"event":{"mods":["AchievementEnabler","Aspiration","Bard","BaseMod","Beaked The Cultist","Better Altar","Better Match","Better Note","Better Sensory Stone","Better Skull","Better Third Choice","BetterRewards","CCEM2","Clawfect","Colored Map","Conspire","Downfall","GifTheSpireLib","Googly Eyes","Halation","Hermit","Highlight Path","Hubris","Hunter ??","Infinite Spire","Jedi Mod","Jorbs\u0027s Wanderer Trilogy","Mad Scientist","Marisa????????","Mimic Mod","Minty Spire (QoL Compilation)","Permanent Neow","Replay The Spire","Shade Mod","Shop Mod","Spicy Shops","StSLib","Stuff the Spire","The Administrix","The Blackbeard","The Bug Knight","The Construct","The Cursed","The Disciple","The Gatherer","The Hierophant","The IronCluck","The Jungle","The Mystic","The Necromancer","The Problem Sleuth","The Runesmith","The Servant 0.9.4","The Spell Scribe","The Witch","Unceasing Turn Reminder","[IsaacMod]????","everything is the same but u backflip on backflip","slay the spire mod where everything is the same but ironclad has a cowboy hat"],"gold_per_floor":[117,129,139,154,172,172,183,183,213,225,240,258,278,295,295,395,395,415,415,415],"floor_reached":19,"language":"ENG","playtime":1126,"items_purged":["StuffTheSpire:Slingshot"],"score":169,"play_id":"c7e9b324-07bf-4f83-be06-247fb462ce4a","local_time":"20210126034320","is_ascension_mode":false,"campfire_choices":[{"data":"Bash","floor":6,"key":"SMITH"},{"floor":15,"key":"REST"}],"circlet_count":0,"master_deck":["Strike_R","Strike_R","Strike_R","Strike_R","Defend_R","Defend_R","Defend_R","Defend_R","Bash+1","Clash","Anger","ReplayTheSpireMod:Muscle Training","Reckless Charge","Metallicize","Battle Trance","jedi:unlimitedpower","Anger+1"],"relics":["Burning Blood","HushsDoor","DeadEye","Runic Cube","MomsKnife"],"acts_visited":["Exordium","TheCity"],"potions_floor_usage":[],"damage_taken":[{"damage":17,"enemies":"Jaw Worm","floor":1,"turns":4},{"damage":6,"enemies":"2 Louse","floor":2,"turns":3},{"damage":6,"enemies":"Cultist","floor":3,"turns":3},{"damage":0,"enemies":"Large Slime","floor":4,"turns":3},{"damage":23,"enemies":"Exordium Thugs","floor":5,"turns":4},{"damage":5,"enemies":"Lots of Slimes","floor":7,"turns":4},{"damage":9,"enemies":"Blue Slaver","floor":9,"turns":5},{"damage":2,"enemies":"Blue Slaver","floor":10,"turns":2},{"damage":1,"enemies":"Large Slime","floor":11,"turns":4},{"damage":22,"enemies":"2 Fungi Beasts","floor":12,"turns":3},{"damage":17,"enemies":"Exordium Thugs","floor":13,"turns":5},{"damage":9,"enemies":"3 Louse","floor":14,"turns":2},{"damage":34,"enemies":"Slime Boss","floor":16,"turns":7},{"damage":18,"enemies":"Spheric Guardian","floor":18,"turns":2},{"damage":33,"enemies":"3 Byrds","floor":19,"turns":1}],"seed_played":"5526016583594524771","potions_obtained":[{"floor":3,"key":"jedi:StrikingPotion"},{"floor":4,"key":"BlessingOfTheForge"},{"floor":7,"key":"Swift Potion"},{"floor":11,"key":"Toxic Potion"},{"floor":14,"key":"hexamod:SoulburnPotion"}],"is_trial":false,"path_per_floor":["M","M","M","M","M","R","M","?","MIM","M","M","M","M","M","R","B",null,"M","M"],"character_chosen":"IRONCLAD","items_purchased":["MomsKnife"],"campfire_rested":1,"item_purchase_floors":[17],"current_hp_per_floor":[69,69,69,75,58,58,59,59,56,60,65,49,38,35,59,31,43,31,0,0],"gold":415,"neow_bonus":"THREE_CARDS","is_daily":false,"chose_seed":false,"campfire_upgraded":1,"win_rate":0.0,"timestamp":1611654200,"path_taken":["M","M","M","M","M","R","M","?","MIM","M","?","M","M","M","R","BOSS","M","M"],"items_purchased_type":["Relic"],"build_version":"2020-12-22","purchased_purges":1,"victory":false,"max_hp_per_floor":[80,80,80,80,80,80,80,80,80,80,80,80,80,80,80,80,43,43,43,43],"card_choices":[{"not_picked":["Heavy Blade","Evolve","ReplayTheSpireMod:Strike From Hell"],"picked":"SKIP","floor":1},{"not_picked":["jedi:suffering","Sentinel"],"picked":"Clash","floor":2},{"not_picked":["jedi:controlledanger","Pommel Strike"],"picked":"StuffTheSpire:Slingshot","floor":3},{"not_picked":["StuffTheSpire:Slingshot","Wild Strike","conspire:HitWhereItHurts"],"picked":"SKIP","floor":4},{"not_picked":["Sword Boomerang","True Grit","Burning Pact"],"picked":"SKIP","floor":5},{"not_picked":["Dark Embrace","StuffTheSpire:RockThrow"],"picked":"Anger","floor":7},{"not_picked":["StuffTheSpire:RagingBull","Dark Embrace"],"picked":"ReplayTheSpireMod:Muscle Training","floor":10},{"not_picked":["jedi:fear","Wild Strike"],"picked":"Bomb","floor":11},{"not_picked":["Shrug It Off","Pummel"],"picked":"Reckless Charge","floor":12},{"not_picked":["Havoc","ReplayTheSpireMod:Strike From Hell"],"picked":"Metallicize","floor":13},{"not_picked":["Feel No Pain","Wild Strike"],"picked":"Battle Trance","floor":14},{"not_picked":["Corruption","Double Tap"],"picked":"jedi:unlimitedpower","floor":16},{"not_picked":["Perfected Strike","Run Through"],"picked":"Anger+1","floor":18}],"player_experience":176872,"relics_obtained":[],"event_choices":[],"is_beta":false,"boss_relics":[{"not_picked":["aspiration:RitualDagger","Replay:Drink Me"],"picked":"Runic Cube"},{"not_picked":[]}],"items_purged_floors":[17],"is_endless":false,"potions_floor_spawned":[3,4,7,11,13,14],"killed_by":"3 Byrds","ascension_level":0}}