{"host":"7iv10lxbxedtd0qh","time":1611696456,"event":{"mods":["BaseMod","Colored Map","Colored Powertips","Downfall","Minty Spire (QoL Compilation)","StSLib"],"gold_per_floor":[99,114,126,146,162,188,188,207,207,207,223,133,133,159,175,273,273,173,185,196,196,212,238,320,349,349,359,159,0,12,24,38,142,142,142,153,248,261,281,281,352,366,366,386,396,396,429,154,172,172,172,201,126,126,126,126],"floor_reached":57,"language":"ENG","playtime":2652,"items_purged":["bronze:Strike","bronze:Strike","bronze:Strike","bronze:Strike"],"score":1517,"play_id":"afac64be-9a89-4dca-bcc9-983961bae100","local_time":"20210126222736","is_ascension_mode":false,"campfire_choices":[{"data":"bronze:Goto","floor":1.0,"key":"SMITH"},{"data":"bronze:FineTuning","floor":9.0,"key":"SMITH"},{"data":"bronze:ChosenStrike","floor":13.0,"key":"SMITH"},{"floor":18.0,"key":"RECALL"},{"data":"bronze:Frontload","floor":28.0,"key":"SMITH"},{"data":"bronze:Replicate","floor":35.0,"key":"SMITH"},{"data":"expansioncontent:DashGenerateEvil","floor":43.0,"key":"SMITH"},{"data":"bronze:Goto","floor":46.0,"key":"SMITH"},{"data":"bronze:Assembly","floor":54.0,"key":"SMITH"}],"circlet_count":0,"master_deck":["bronze:Defend","bronze:Defend","bronze:Defend+1","bronze:Defend","bronze:Replicate+1","bronze:Goto+1","bronze:ChosenStrike+1","bronze:ChosenStrike+1","bronze:FineTuning+1","bronze:Frontload+1","bronze:Safeguard+1","bronze:FineTuning+1","bronze:Frontload+1","bronze:Repulsor","expansioncontent:DashGenerateEvil+1","bronze:MaxOutput","bronze:Goto+1","bronze:Assembly+1"],"relics":["bronze:BronzeCore","InkBottle","Blue Candle","Busted Crown","downfall:HeartBlessingGreen","White Beast Statue","War Paint","downfall:RedIOU","downfall:HeartBlessingRed","downfall:HeartBlessingBlue","Membership Card","SlaversCollar","Frozen Eye","Bottled Flame","Bottled Lightning","Mummified Hand","Bag of Preparation"],"acts_visited":["Exordium","TheCity","TheBeyond","TheEnding"],"potions_floor_usage":[],"damage_taken":[{"damage":1.0,"enemies":"Jaw Worm","floor":2.0,"turns":3.0},{"damage":0.0,"enemies":"Cultist","floor":3.0,"turns":3.0},{"damage":2.0,"enemies":"2 Louse","floor":4.0,"turns":2.0},{"damage":3.0,"enemies":"Exordium Wildlife","floor":5.0,"turns":3.0},{"damage":0.0,"enemies":"Gremlin Nob","floor":6.0,"turns":2.0},{"damage":10.0,"enemies":"Red Slaver","floor":8.0,"turns":4.0},{"damage":0.0,"enemies":"Lots of Slimes","floor":11.0,"turns":4.0},{"damage":0.0,"enemies":"downfall:FleeingMerchant","floor":12.0,"turns":4.0},{"damage":8.0,"enemies":"Lagavulin","floor":14.0,"turns":4.0},{"damage":0.0,"enemies":"3 Louse","floor":15.0,"turns":2.0},{"damage":48.0,"enemies":"DF_ARCHETYPE_STREAMLINE","floor":16.0,"turns":11.0},{"damage":0.0,"enemies":"3 Byrds","floor":19.0,"turns":4.0},{"damage":0.0,"enemies":"Shell Parasite","floor":20.0,"turns":2.0},{"damage":0.0,"enemies":"Cultist and Chosen","floor":22.0,"turns":3.0},{"damage":0.0,"enemies":"Book of Stabbing","floor":23.0,"turns":4.0},{"damage":0.0,"enemies":"Slavers","floor":25.0,"turns":4.0},{"damage":0.0,"enemies":"Sentry and Sphere","floor":27.0,"turns":2.0},{"damage":0.0,"enemies":"downfall:FleeingMerchant","floor":29.0,"turns":4.0},{"damage":0.0,"enemies":"Centurion and Healer","floor":30.0,"turns":2.0},{"damage":10.0,"enemies":"Snecko","floor":31.0,"turns":4.0},{"damage":0.0,"enemies":"3 Cultists","floor":32.0,"turns":3.0},{"damage":0.0,"enemies":"SI_MIRROR_ARCHETYPE","floor":33.0,"turns":4.0},{"damage":15.0,"enemies":"Orb Walker","floor":36.0,"turns":4.0},{"damage":0.0,"enemies":"downfall:FleeingMerchant","floor":37.0,"turns":2.0},{"damage":0.0,"enemies":"3 Darklings","floor":38.0,"turns":2.0},{"damage":0.0,"enemies":"Sphere and 2 Shapes","floor":39.0,"turns":2.0},{"damage":0.0,"enemies":"Transient","floor":42.0,"turns":5.0},{"damage":0.0,"enemies":"3 Darklings","floor":44.0,"turns":3.0},{"damage":13.0,"enemies":"Maw","floor":45.0,"turns":5.0},{"damage":0.0,"enemies":"Giant Head","floor":47.0,"turns":4.0},{"damage":9.0,"enemies":"Transient","floor":49.0,"turns":5.0},{"damage":0.0,"enemies":"WA_ARCHETYPE_DIVINITY","floor":50.0,"turns":1.0},{"damage":0.0,"enemies":"downfall:CharBossMerchant","floor":52.0,"turns":2.0},{"damage":2.0,"enemies":"downfall:NeowBoss","floor":55.0,"turns":9.0},{"damage":28,"enemies":"downfall:NeowBossFinal","floor":56,"turns":5}],"seed_played":"2513996203330232102","potions_obtained":[{"floor":2.0,"key":"Fire Potion"},{"floor":4.0,"key":"bronze:BurnAndBuffPotion"},{"floor":6.0,"key":"BlessingOfTheForge"},{"floor":14.0,"key":"DistilledChaos"},{"floor":15.0,"key":"bronze:BuildAFunctionPotion"},{"floor":23.0,"key":"LiquidBronze"},{"floor":25.0,"key":"EssenceOfSteel"},{"floor":27.0,"key":"Regen Potion"},{"floor":29.0,"key":"Energy Potion"},{"floor":39.0,"key":"Swift Potion"},{"floor":42.0,"key":"EntropicBrew"},{"floor":44.0,"key":"SpeedPotion"},{"floor":49.0,"key":"bronze:CleanCodePotion"}],"is_trial":false,"path_per_floor":["R","M","M","M","M","E","T","M","R","?","M","$","R","E","M","B",null,"R","M","M","?","M","E","T","E","?","M","R","$","M","M","M","B",null,"R","M","$","M","M","?","T","M","R","M","M","R","E","$","M","B",null,"E","$","R","B","B",null],"character_chosen":"THE_AUTOMATON","items_purchased":["Membership Card","Frozen Eye","expansioncontent:DashGenerateEvil","bronze:MaxOutput","Mummified Hand","bronze:Assembly"],"campfire_rested":0,"item_purchase_floors":[29,37,37,37,48,48],"current_hp_per_floor":[77,76,76,74,71,71,71,61,61,61,61,61,61,53,53,5,77,77,77,77,77,77,77,77,77,77,77,87,87,87,77,77,77,87,87,72,72,72,72,72,72,72,72,72,59,59,59,59,64,64,87,87,87,87,85,57],"gold":126,"neow_bonus":"TEN_PERCENT_HP_BONUS","is_daily":false,"chose_seed":false,"campfire_upgraded":8,"win_rate":0.0,"timestamp":1611696456,"path_taken":["R","M","M","M","M","E","T","M","R","?","?","?","R","E","M","BOSS","R","M","M","?","M","E","T","E","?","M","R","$","M","?","M","BOSS","R","M","$","M","M","?","T","?","R","M","M","R","E","$","M","BOSS","E","$","R","BOSS","BOSS"],"items_purchased_type":["Relic","Relic","Card","Card","Relic","Card"],"build_version":"2020-12-22","purchased_purges":4,"victory":true,"max_hp_per_floor":[77,77,77,77,77,77,77,77,77,77,77,77,77,77,77,77,77,77,77,77,77,77,77,77,77,77,77,87,87,87,87,87,87,87,87,87,87,87,87,87,87,87,87,87,87,87,87,87,87,87,87,87,87,87,87,87],"card_choices":[{"not_picked":["bronze:Overheat","bronze:Branch"],"picked":"bronze:ChosenStrike","floor":2.0},{"not_picked":["bronze:Branch","bronze:WhirlingStrike"],"picked":"bronze:ChosenStrike","floor":3.0},{"not_picked":["bronze:Iterate","bronze:WhirlingStrike"],"picked":"bronze:FineTuning","floor":4.0},{"not_picked":["bronze:Iterate","bronze:DelayedGuard","bronze:DelayedSlice"],"picked":"SKIP","floor":5.0},{"not_picked":["bronze:BuggyMess","bronze:WildBeam"],"picked":"bronze:Frontload","floor":6.0},{"not_picked":["bronze:Shell","bronze:DelayedSlice"],"picked":"bronze:Safeguard","floor":8.0},{"not_picked":["bronze:Frontload","bronze:Format"],"picked":"bronze:FineTuning","floor":11.0},{"not_picked":["bronze:Shell","bronze:ChosenStrike","bronze:WildBeam"],"picked":"SKIP","floor":12.0},{"not_picked":["bronze:BurnOut","bronze:WildBeam","bronze:Allocate"],"picked":"SKIP","floor":14.0},{"not_picked":["bronze:BugBarrage","bronze:Shield"],"picked":"bronze:Frontload","floor":15.0},{"not_picked":["bronze:BitShift"],"picked":"SKIP","floor":19.0},{"not_picked":["bronze:BitShift"],"picked":"SKIP","floor":20.0},{"not_picked":["bronze:CutThrough"],"picked":"SKIP","floor":22.0},{"not_picked":["bronze:BuggyMess"],"picked":"SKIP","floor":23.0},{"not_picked":["bronze:DigitalCarnage"],"picked":"SKIP","floor":25.0},{"not_picked":["bronze:DelayedGuard"],"picked":"SKIP","floor":27.0},{"not_picked":["bronze:Repair"],"picked":"SKIP","floor":29.0},{"not_picked":["bronze:Turbo+1"],"picked":"SKIP","floor":30.0},{"not_picked":["bronze:Shield+1"],"picked":"SKIP","floor":31.0},{"not_picked":["bronze:Return"],"picked":"SKIP","floor":32.0},{"not_picked":[],"picked":"bronze:Repulsor","floor":36.0},{"not_picked":["bronze:Deprecate+1"],"picked":"SKIP","floor":37.0},{"not_picked":["bronze:OilSpill"],"picked":"SKIP","floor":38.0},{"not_picked":["bronze:WildBeam+1"],"picked":"SKIP","floor":39.0},{"not_picked":["bronze:CutThrough"],"picked":"SKIP","floor":42.0},{"not_picked":["bronze:DelayedGuard"],"picked":"SKIP","floor":44.0},{"not_picked":["bronze:DelayedGuard"],"picked":"SKIP","floor":45.0},{"not_picked":["bronze:WhirlingStrike+1"],"picked":"SKIP","floor":47.0},{"not_picked":["bronze:BugBarrage"],"picked":"SKIP","floor":49.0},{"not_picked":["bronze:Return"],"picked":"SKIP","floor":52.0}],"player_experience":716631,"relics_obtained":[{"floor":6.0,"key":"InkBottle"},{"floor":7.0,"key":"Blue Candle"},{"floor":14.0,"key":"Boot"},{"floor":23.0,"key":"White Beast Statue"},{"floor":25.0,"key":"War Paint"},{"floor":41.0,"key":"Bottled Flame"},{"floor":47.0,"key":"Bottled Lightning"},{"floor":52.0,"key":"Bag of Preparation"}],"event_choices":[{"damage_healed":0.0,"max_hp_gain":0.0,"max_hp_loss":0.0,"gold_gain":0.0,"event_name":"Vampires","player_choice":"Ignored","floor":21.0,"gold_loss":0.0,"damage_taken":0.0}],"is_beta":false,"boss_relics":[{"not_picked":["Sozu","Pandora\u0027s Box"],"picked":"Busted Crown"},{"not_picked":["Calling Bell","Tiny House"],"picked":"SlaversCollar"}],"items_purged_floors":[12,37,48,53],"is_endless":false,"potions_floor_spawned":[2,4,6,14,15,23,25,27,29,30,31,32,33,36,37,38,39,42,44,45,47,49,52],"ascension_level":0}}