{"host":"edc6wmn2qug8wnvl","time":1611659858,"event":{"mods":["AchievementEnabler","BaseMod","Colored Map","Colored Powertips","Minty Spire (QoL Compilation)","StSLib"],"gold_per_floor":[118,138,158,172,184,184,215,215,215,104,104,131,150,150,150,253,253,271,271,285,54,65,65,65,65,65,65,92,110,110,110,110],"floor_reached":31,"language":"ENG","playtime":1835,"items_purged":[],"score":265,"play_id":"430a7b0d-c2ef-4e30-a191-005c31266899","local_time":"20210126031738","is_ascension_mode":false,"campfire_choices":[{"data":"Perfected Strike","floor":6,"key":"SMITH"},{"floor":11,"key":"REST"},{"floor":15,"key":"REST"},{"floor":23,"key":"REST"},{"floor":25,"key":"REST"},{"floor":27,"key":"REST"},{"floor":30,"key":"REST"}],"circlet_count":0,"master_deck":["Strike_R","Strike_R","Strike_R","Strike_R","Strike_R","Defend_R","Defend_R","Defend_R","Defend_R","Bash","Hemokinesis","Body Slam","Heavy Blade","Fiend Fire","Perfected Strike+1","Disarm","Inflame","Shockwave","Ghostly Armor","Reaper","Shrug It Off","Entrench+1","Double Tap","Pain","Rupture","Rage"],"relics":["Burning Blood","NeowsBlessing","Shuriken","Darkstone Periapt","Blood Vial","Paper Frog","SacredBark","PreservedInsect","WarpedTongs","Bottled Flame","Ice Cream"],"acts_visited":["Exordium","TheCity"],"potions_floor_usage":[7,7,20,22],"damage_taken":[{"damage":0,"enemies":"Small Slimes","floor":1,"turns":1},{"damage":0,"enemies":"Jaw Worm","floor":2,"turns":1},{"damage":0,"enemies":"2 Louse","floor":3,"turns":1},{"damage":14,"enemies":"Looter","floor":4,"turns":4},{"damage":13,"enemies":"Lots of Slimes","floor":5,"turns":5},{"damage":23,"enemies":"3 Sentries","floor":7,"turns":7},{"damage":26,"enemies":"Lagavulin","floor":12,"turns":6},{"damage":20,"enemies":"3 Louse","floor":13,"turns":3},{"damage":44,"enemies":"The Guardian","floor":16,"turns":9},{"damage":50,"enemies":"Spheric Guardian","floor":18,"turns":6},{"damage":1,"enemies":"Chosen","floor":20,"turns":5},{"damage":55,"enemies":"Shelled Parasite and Fungi","floor":22,"turns":8},{"damage":50,"enemies":"Book of Stabbing","floor":28,"turns":6},{"damage":37,"enemies":"Snake Plant","floor":29,"turns":6},{"damage":55,"enemies":"Sentry and Sphere","floor":31,"turns":7}],"seed_played":"-5974114320997156545","potions_obtained":[{"floor":4,"key":"SpeedPotion"},{"floor":5,"key":"HeartOfIron"},{"floor":7,"key":"ElixirPotion"},{"floor":16,"key":"CultistPotion"},{"floor":20,"key":"Block Potion"}],"is_trial":false,"path_per_floor":["M","M","M","M","M","R","E","?","T","$","R","E","M","T","R","B",null,"M","?","M","$","M","R","?","R","T","R","E","M","R","M"],"character_chosen":"IRONCLAD","items_purchased":["Inflame","Shockwave","PreservedInsect","Double Tap"],"campfire_rested":6,"item_purchase_floors":[10,10,21,21],"current_hp_per_floor":[80,80,80,72,65,65,48,48,48,48,72,52,40,40,64,28,80,36,36,54,54,17,41,47,72,72,86,42,17,42,0,0],"gold":110,"neow_bonus":"THREE_ENEMY_KILL","is_daily":false,"chose_seed":false,"campfire_upgraded":1,"win_rate":0.0,"timestamp":1611659858,"path_taken":["M","M","M","M","M","R","E","?","T","$","R","E","M","?","R","BOSS","M","?","M","$","M","R","?","R","T","R","E","M","R","M"],"items_purchased_type":["Card","Card","Relic","Card"],"build_version":"2020-12-22","purchased_purges":0,"victory":false,"max_hp_per_floor":[80,80,80,80,80,80,80,80,80,80,80,80,80,80,80,80,80,80,80,80,80,80,80,86,86,86,86,86,86,86,86,86],"card_choices":[{"not_picked":["Armaments","Clash"],"picked":"Hemokinesis","floor":1},{"not_picked":["Pummel","Reckless Charge"],"picked":"Body Slam","floor":2},{"not_picked":["Dropkick","Body Slam"],"picked":"Heavy Blade","floor":3},{"not_picked":["Headbutt","Ghostly Armor"],"picked":"Fiend Fire","floor":4},{"not_picked":["Body Slam","Flame Barrier"],"picked":"Perfected Strike","floor":5},{"not_picked":["Clash","Dark Embrace"],"picked":"Disarm","floor":7},{"not_picked":["Clash","Flex","Pommel Strike"],"picked":"SKIP","floor":12},{"not_picked":["Shrug It Off","Iron Wave"],"picked":"Ghostly Armor","floor":13},{"not_picked":["Juggernaut","Fiend Fire"],"picked":"Reaper","floor":16},{"not_picked":["Clash+1","Iron Wave+1"],"picked":"Shrug It Off","floor":18},{"not_picked":["Armaments","Ghostly Armor"],"picked":"Entrench+1","floor":20},{"not_picked":["Flex","Pommel Strike+1","Uppercut"],"picked":"SKIP","floor":22},{"not_picked":["Clash","Pummel"],"picked":"Rupture","floor":28},{"not_picked":["Heavy Blade","True Grit"],"picked":"Rage","floor":29}],"player_experience":54056,"relics_obtained":[{"floor":7,"key":"Shuriken"},{"floor":9,"key":"Darkstone Periapt"},{"floor":12,"key":"Blood Vial"},{"floor":14,"key":"Paper Frog"},{"floor":26,"key":"Bottled Flame"},{"floor":28,"key":"Ice Cream"}],"event_choices":[{"damage_healed":0,"gold_gain":0,"player_choice":"Ignored","damage_taken":0,"max_hp_gain":0,"max_hp_loss":0,"event_name":"Shining Light","floor":8,"gold_loss":0},{"damage_healed":0,"gold_gain":0,"player_choice":"Ignored","damage_taken":0,"max_hp_gain":0,"max_hp_loss":0,"event_name":"Vampires","floor":19,"gold_loss":0},{"damage_healed":0,"gold_gain":0,"player_choice":"Rummage","damage_taken":0,"relics_obtained":["WarpedTongs"],"max_hp_gain":0,"max_hp_loss":0,"event_name":"Accursed Blacksmith","floor":24,"gold_loss":0,"cards_obtained":["Pain"]}],"is_beta":false,"boss_relics":[{"not_picked":["Cursed Key","Sozu"],"picked":"SacredBark"}],"items_purged_floors":[],"is_endless":false,"potions_floor_spawned":[4,5,7,16,20],"killed_by":"Sentry and Sphere","ascension_level":0}}