{"host":"Qube","time":1611635301,"event":{"mods":["AchievementEnabler","BaseMod","Colored Map","Colored Powertips","Highlight Path","Minty Spire (QoL Compilation)","Permanent Neow","Quick Restart","Random Character Button","StSLib"],"gold_per_floor":[119,136,147,166,181,181,213,213,213,230,230,557,557,576,576,576,576],"floor_reached":16,"language":"ENG","playtime":710,"items_purged":[],"score":228,"play_id":"46db0112-ff65-444f-91bd-4da646ad67d9","local_time":"20210125202821","is_ascension_mode":true,"campfire_choices":[{"data":"Devotion","floor":6,"key":"SMITH"},{"floor":11,"key":"REST"},{"data":"Establishment","floor":13,"key":"SMITH"},{"data":"Eruption","floor":15,"key":"SMITH"}],"circlet_count":0,"master_deck":["AscendersBane","Strike_P","Strike_P","Strike_P","Strike_P","Defend_P","Defend_P","Defend_P","Defend_P","Eruption+1","Vigilance","CurseOfTheBell","Protect","FollowUp","FlyingSleeves","Devotion+1","Establishment+1","Crescendo","WheelKick"],"relics":["Calling Bell","Bag of Preparation","Singing Bowl","Mango","Mummified Hand","Mercury Hourglass","Shovel","Old Coin"],"acts_visited":["Exordium"],"potions_floor_usage":[5,12,16],"damage_taken":[{"damage":12.0,"enemies":"Small Slimes","floor":1.0,"turns":6.0},{"damage":1.0,"enemies":"Cultist","floor":2.0,"turns":4.0},{"damage":9.0,"enemies":"Jaw Worm","floor":3.0,"turns":5.0},{"damage":4.0,"enemies":"Blue Slaver","floor":4.0,"turns":7.0},{"damage":8,"enemies":"3 Louse","floor":5,"turns":5},{"damage":24,"enemies":"Lagavulin","floor":7,"turns":5},{"damage":7,"enemies":"Red Slaver","floor":10,"turns":6},{"damage":3,"enemies":"Gremlin Nob","floor":12,"turns":3},{"damage":2,"enemies":"Gremlin Gang","floor":14,"turns":2},{"damage":13,"enemies":"Hexaghost","floor":16,"turns":9}],"seed_played":"-611532734985037920","potions_obtained":[{"floor":3.0,"key":"DuplicationPotion"},{"floor":10,"key":"AttackPotion"},{"floor":12,"key":"EssenceOfSteel"},{"floor":14,"key":"DuplicationPotion"}],"is_trial":false,"path_per_floor":["M","M","M","M","M","R","E","?","T","M","R","E","R","M","R","B"],"character_chosen":"WATCHER","items_purchased":[],"campfire_rested":1,"item_purchase_floors":[],"current_hp_per_floor":[63,62,53,49,41,41,17,17,17,10,34,31,31,31,31,18,18],"gold":576,"neow_bonus":"BOSS_RELIC","is_daily":false,"chose_seed":false,"campfire_upgraded":3,"win_rate":0.0,"timestamp":1611635301,"path_taken":["M","M","M","M","M","R","E","?","T","?","R","E","R","M","R","BOSS"],"items_purchased_type":[],"build_version":"2020-12-18","purchased_purges":0,"victory":false,"max_hp_per_floor":[82,82,82,82,82,82,82,82,82,82,82,82,82,84,84,84,84],"card_choices":[{"not_picked":["EmptyFist","ForeignInfluence"],"picked":"Protect","floor":1.0},{"not_picked":["Weave","ClearTheMind"],"picked":"FollowUp","floor":2.0},{"not_picked":["EmptyFist","Consecrate"],"picked":"FlyingSleeves","floor":3.0},{"not_picked":["Crescendo","MentalFortress"],"picked":"Devotion","floor":4.0},{"not_picked":["Evaluate","ForeignInfluence"],"picked":"Crescendo","floor":5},{"not_picked":["Wallop","Meditate"],"picked":"Establishment","floor":7},{"not_picked":["EmptyFist","Consecrate"],"picked":"Crescendo","floor":10},{"not_picked":["FearNoEvil","JustLucky"],"picked":"WheelKick","floor":12},{"not_picked":["Crescendo","Tantrum","PathToVictory"],"picked":"Singing Bowl","floor":14}],"player_experience":969501,"relics_obtained":[{"floor":0.0,"key":"Bag of Preparation"},{"floor":0.0,"key":"Singing Bowl"},{"floor":0.0,"key":"Mango"},{"floor":7,"key":"Mummified Hand"},{"floor":9,"key":"Shovel"},{"floor":12,"key":"Old Coin"}],"event_choices":[{"cards_removed":["Crescendo"],"damage_healed":0,"gold_gain":0,"player_choice":"Gave Card","damage_taken":0,"relics_obtained":["Mercury Hourglass"],"max_hp_gain":0,"max_hp_loss":0,"event_name":"WeMeetAgain","floor":8,"gold_loss":0}],"is_beta":true,"boss_relics":[],"items_purged_floors":[],"is_endless":false,"potions_floor_spawned":[3,10,12,14],"killed_by":"Hexaghost","ascension_level":20}}