{"host":"vpcwwncyo54nsck6","time":1611635844,"event":{"mods":["BaseMod","Downfall","Minty Spire (QoL Compilation)","StSLib"],"gold_per_floor":[99,116,116,134,150,50,50,112,24,55,67,109,21,64,90,102,102,102],"floor_reached":16,"language":"ENG","playtime":1751,"items_purged":[],"score":141,"play_id":"4aa602a3-c2a3-45cf-b6c4-f887142a4d32","local_time":"20210125203724","is_ascension_mode":true,"campfire_choices":[{"floor":1,"key":"RECALL"},{"data":"Slimebound:Split","floor":6,"key":"SMITH"},{"data":"Slimebound:DisruptingSlam","floor":9,"key":"SMITH"},{"data":"Slimebound:CorrosiveSpit","floor":11,"key":"SMITH"},{"data":"Slimebound:SlimeBarrage","floor":13,"key":"SMITH"}],"circlet_count":0,"master_deck":["Slimebound:Strike_Slimebound","Slimebound:Strike_Slimebound","Slimebound:Strike_Slimebound","Slimebound:Tackle","Slimebound:Defend_Slimebound","Slimebound:Defend_Slimebound","Slimebound:Defend_Slimebound","Slimebound:Defend_Slimebound","Slimebound:Split+1","Slimebound:CorrosiveSpit+1","Slimebound:SlimeBarrage+1","Slimebound:LeechingTouch","Slimebound:DisruptingSlam+1","Slimebound:SplitBruiser","Slimebound:ForwardTackle","Slimebound:FlameTackle"],"relics":["Slimebound:AbsorbEndCombat","Blue Candle","downfall:HeartBlessingRed","MawBank","downfall:HeartBlessingBlue","Regal Pillow","downfall:HeartBlessingGreen","Bronze Scales"],"acts_visited":["Exordium"],"potions_floor_usage":[12,16,16],"damage_taken":[{"damage":1,"enemies":"Jaw Worm","floor":2,"turns":4},{"damage":3,"enemies":"Small Slimes","floor":4,"turns":3},{"damage":2,"enemies":"2 Louse","floor":5,"turns":3},{"damage":26,"enemies":"3 Sentries","floor":8,"turns":6},{"damage":4,"enemies":"2 Fungi Beasts","floor":10,"turns":3},{"damage":15,"enemies":"3 Sentries","floor":12,"turns":5},{"damage":20,"enemies":"Gremlin Nob","floor":14,"turns":4},{"damage":9,"enemies":"Blue Slaver","floor":15,"turns":3},{"damage":43,"enemies":"WA_ARCHETYPE_RETAIN","floor":16,"turns":7}],"seed_played":"-6090347571900237498","potions_obtained":[{"floor":0,"key":"GamblersBrew"},{"floor":0,"key":"BlessingOfTheForge"},{"floor":0,"key":"sneckomod:MuddlingPotion"},{"floor":14,"key":"Fruit Juice"}],"is_trial":false,"path_per_floor":["R","M","?","M","M","R","T","?","R","M","R","E","R","E","M","B"],"character_chosen":"SLIMEBOUND","items_purchased":[],"campfire_rested":0,"item_purchase_floors":[],"current_hp_per_floor":[65,65,60,61,63,63,63,43,53,53,53,44,44,28,21,0,0,0],"gold":102,"neow_bonus":"THREE_SMALL_POTIONS","is_daily":false,"chose_seed":false,"campfire_upgraded":4,"win_rate":0.0,"timestamp":1611635844,"path_taken":["R","M","?","M","M","R","T","?","R","M","R","E","R","E","M","BOSS"],"items_purchased_type":[],"build_version":"2020-12-22","purchased_purges":0,"victory":false,"max_hp_per_floor":[65,65,65,65,65,65,65,65,75,75,75,75,75,75,75,80,80,80],"card_choices":[{"not_picked":["Slimebound:Schlurp","Slimebound:LevelUp"],"picked":"Slimebound:SlimeBarrage","floor":2},{"not_picked":["Slimebound:Grow","Slimebound:SamplingLick"],"picked":"Slimebound:LeechingTouch","floor":4},{"not_picked":["Slimebound:FinishingTackle","Slimebound:ItLooksTasty"],"picked":"Slimebound:DisruptingSlam","floor":5},{"not_picked":["Slimebound:ProtectTheBoss","Slimebound:LeechEnergy"],"picked":"Slimebound:SplitBruiser","floor":8},{"not_picked":["Slimebound:Replication","Slimebound:GrowthPunch"],"picked":"Slimebound:ForwardTackle","floor":10},{"not_picked":["Slimebound:Recycling","Slimebound:SplitAcid","Slimebound:SplitBruiser"],"picked":"SKIP","floor":12},{"not_picked":["Slimebound:SplitAcid","Slimebound:RollThrough"],"picked":"Slimebound:FlameTackle","floor":14},{"not_picked":["Slimebound:SplitAcid","Slimebound:LeechEnergy","Slimebound:LeechingTouch"],"picked":"SKIP","floor":15}],"player_experience":2448201,"relics_obtained":[{"floor":8,"key":"MawBank"},{"floor":12,"key":"Regal Pillow"},{"floor":14,"key":"Bronze Scales"}],"event_choices":[],"is_beta":false,"boss_relics":[],"items_purged_floors":[],"is_endless":false,"potions_floor_spawned":[4,5,10,14],"killed_by":"WA_ARCHETYPE_RETAIN","ascension_level":1}}