{"host":"0fro2zsghd18gsf6","time":1611668006,"event":{"mods":["Act Like it!","Arknights The Spire","BaseMod","Better Third Choice","CapriCore","Minty Spire (QoL Compilation)","StSLib","The Immortal","Waifu the Spire"],"gold_per_floor":[119,119,119,58,77,103,73,73,73,73,73,73],"floor_reached":11,"language":"ZHS","playtime":316,"items_purged":[],"score":94,"play_id":"1f1b8de3-c526-4971-a08c-92279eabaa90","local_time":"20210126213326","is_ascension_mode":false,"campfire_choices":[{"data":"ats:Rapid Magazine","floor":8,"key":"SMITH"},{"data":"ats:Emotion Absorption","floor":10,"key":"SMITH"}],"circlet_count":0,"master_deck":["ats:Strike C","ats:Strike G","ats:Strike S","ats:Strike V","ats:Armor Crushing Shot","ats:Defend","ats:Defend","ats:Defend","ats:Emotion Absorption+1","ats:Curse Doll","ats:Assault Order","Burst","ats:Consecutive Shot Auto","ats:Shell Defense","ats:Apocalypse","ats:Rapid Magazine+1"],"relics":["ats:Sanity","NeowsBlessing","The Courier","ats:Originium","Anchor","Gremlin Horn"],"acts_visited":["Exordium"],"potions_floor_usage":[6,7],"damage_taken":[{"damage":0,"enemies":"2 Louse","floor":1,"turns":1},{"damage":0,"enemies":"Jaw Worm","floor":5,"turns":1},{"damage":0,"enemies":"3 Sentries","floor":6,"turns":1},{"damage":35,"enemies":"Lagavulin","floor":11,"turns":7}],"seed_played":"7356910892934319933","potions_obtained":[{"floor":6,"key":"Fruit Juice"},{"floor":7,"key":"Fruit Juice"},{"floor":7,"key":"FearPotion"}],"is_trial":false,"path_per_floor":["M","?","?","$","M","E","?","R","T","R","E"],"character_chosen":"DOCTOR_CLASS","items_purchased":["ats:Consecutive Shot Auto","ats:Shell Defense"],"campfire_rested":0,"item_purchase_floors":[4,4],"current_hp_per_floor":[72,72,51,51,51,56,61,61,61,61,46,46],"gold":73,"neow_bonus":"THREE_ENEMY_KILL","is_daily":false,"chose_seed":false,"campfire_upgraded":2,"win_rate":0.0,"timestamp":1611668006,"path_taken":["M","?","?","$","M","E","?","R","T","R","E"],"items_purchased_type":["Card","Card"],"build_version":"2020-12-22","purchased_purges":0,"victory":false,"max_hp_per_floor":[72,72,72,72,72,77,82,82,82,82,82,82],"card_choices":[{"not_picked":["ats:Revitalization","ats:Flexible Camouflage"],"picked":"ats:Curse Doll","floor":1},{"not_picked":["ats:Cat Scratch","ats:Leaping Hammer"],"picked":"ats:Apocalypse","floor":5},{"not_picked":["ats:Apocalypse","ats:Sunburst"],"picked":"ats:Rapid Magazine","floor":6}],"player_experience":201835,"relics_obtained":[{"floor":6,"key":"ats:Originium"},{"floor":6,"key":"Anchor"},{"floor":9,"key":"Gremlin Horn"}],"event_choices":[{"damage_healed":0,"gold_gain":0,"cards_transformed":["ats:Defend"],"player_choice":"Change","damage_taken":0,"max_hp_gain":0,"max_hp_loss":0,"event_name":"Living Wall","floor":2,"gold_loss":0,"cards_obtained":["ats:Assault Order"]},{"damage_healed":0,"gold_gain":0,"player_choice":"Bought 2 Potions","damage_taken":0,"max_hp_gain":0,"max_hp_loss":0,"event_name":"The Woman in Blue","floor":7,"gold_loss":0}],"is_beta":false,"boss_relics":[],"items_purged_floors":[],"is_endless":false,"potions_floor_spawned":[6],"killed_by":"Lagavulin","ascension_level":0}}