{"host":"1mdoazogr9tl4b3g","time":1611639839,"event":{"mods":["Act Like it!","Aspiration","Bard","BaseMod","Beaked The Cultist","BetterRewards","Block Reminder","Conspire","Glutton Mod","Hermit","Hubris","Infinite Spire","Marisa????????","Mimic Mod","Minty Spire (QoL Compilation)","Rare Cards Sparkle","Relic Sorter","Replay The Spire","Shop Mod","StSLib","The Animator","The Blackbeard","The Bladedancer","The Bug Knight","The Construct","The Cursed","The Disciple","The Hierophant","The Mystic","The Necromancer","The Runesmith","The Servant 0.9.4","The Spell Scribe","Uncapped","Wandering Minibosses"],"gold_per_floor":[114,141,67,87,187,187,226,151,191,191,211,222,222,96,96,96,96],"floor_reached":16,"language":"ENG","playtime":2287,"items_purged":["animator:Strike","animator:Strike"],"score":100,"play_id":"7cba789b-ba4c-4ae6-9c71-c5cf6e30fc9c","local_time":"20210125234359","is_ascension_mode":false,"campfire_choices":[{"data":"animator:DolaStephanie","floor":6.0,"key":"SMITH"},{"data":"animator:Evileye","floor":10.0,"key":"SMITH"},{"data":"animator:Tatsumaki","floor":15,"key":"SMITH"}],"circlet_count":0,"master_deck":["animator:Strike_NoGameNoLife","animator:Defend_NoGameNoLife","animator:Strike","animator:Defend","animator:Defend","animator:Defend","animator:DolaSchwi","animator:DolaCouronne","animator:Jibril","animator:Pride","animator:DolaStephanie+1","animator:DolaRiku","animator:Evileye+1","animator:Millim","animator:Tatsumaki+1"],"relics":["animator:LivingPicture","animator:TheMissingPiece","animator:PurgingStone","Iron Hammer","animator:WornHelmet"],"acts_visited":["Exordium"],"potions_floor_usage":[],"damage_taken":[{"damage":0.0,"enemies":"Cultist","floor":1.0,"turns":4.0},{"damage":4.0,"enemies":"Jaw Worm","floor":2.0,"turns":4.0},{"damage":13.0,"enemies":"2 Louse","floor":4.0,"turns":4.0},{"damage":25.0,"enemies":"Gremlin Nob","floor":7.0,"turns":5.0},{"damage":1.0,"enemies":"Exordium Thugs","floor":9.0,"turns":5.0},{"damage":16.0,"enemies":"Exordium Thugs","floor":11.0,"turns":4.0},{"damage":0.0,"enemies":"Large Slime","floor":12.0,"turns":5.0},{"damage":25,"enemies":"Fading Forest","floor":16,"turns":11}],"seed_played":"-8512447109150969581","potions_obtained":[{"floor":1.0,"key":"PowerPotion"},{"floor":11.0,"key":"Energy Potion"},{"floor":12.0,"key":"Death Potion"}],"is_trial":false,"path_per_floor":["M","M","$","M","?","R","E","$","MIM","R","M","M","?","$","R","B"],"character_chosen":"THE_ANIMATOR","items_purchased":["animator:Pride","animator:Tatsumaki"],"campfire_rested":0,"item_purchase_floors":[3,14],"current_hp_per_floor":[66,62,62,50,50,50,25,25,24,24,8,8,15,15,15,0,0],"gold":96,"neow_bonus":"","is_daily":false,"chose_seed":false,"campfire_upgraded":3,"win_rate":0.0,"timestamp":1611639839,"path_taken":["M","?","$","M","?","R","E","?","MIM","R","M","?","?","?","R","BOSS"],"items_purchased_type":["Card","Card"],"build_version":"2020-12-22","purchased_purges":2,"victory":false,"max_hp_per_floor":[66,66,66,67,67,67,67,67,67,67,67,67,67,67,67,67,67],"card_choices":[{"not_picked":["animator:WinryRockbell","animator:CowGirl","animator:Verdia"],"picked":"SKIP","floor":1.0},{"not_picked":["animator:PandorasActor","animator:CowGirl","animator:Verdia"],"picked":"SKIP","floor":1.0},{"not_picked":["animator:PandorasActor","animator:CowGirl","animator:Verdia"],"picked":"SKIP","floor":1.0},{"not_picked":["animator:Rena","animator:YunYun"],"picked":"animator:Jibril","floor":2.0},{"not_picked":["animator:DolaCouronne","animator:DolaRiku"],"picked":"animator:DolaStephanie","floor":4.0},{"not_picked":["animator:IzunaHatsuse","animator:ChlammyZell"],"picked":"animator:DolaRiku","floor":7.0},{"not_picked":["animator:Illya","animator:RoyMustang"],"picked":"animator:Evileye","floor":9.0},{"not_picked":["animator:Assassin","animator:Spearman"],"picked":"animator:Millim","floor":11.0},{"not_picked":["animator:ElricEdward","animator:Verdia","animator:DolaStephanie"],"picked":"SKIP","floor":12.0}],"player_experience":397291,"relics_obtained":[{"floor":7.0,"key":"Iron Hammer"},{"floor":9.0,"key":"animator:WornHelmet"}],"event_choices":[{"damage_healed":0.0,"max_hp_gain":0.0,"max_hp_loss":0.0,"gold_gain":100.0,"event_name":"Golden Shrine","player_choice":"Pray","floor":5.0,"gold_loss":0.0,"damage_taken":0.0}],"is_beta":false,"boss_relics":[],"items_purged_floors":[8,14],"is_endless":false,"potions_floor_spawned":[1,11,12],"killed_by":"Fading Forest","ascension_level":0}}