{"host":"08sn1703g14rasc1","time":1611650268,"event":{"mods":["AchievementEnabler","BaseMod","Colored Map","Colored Powertips","Hermit","Minty Spire (QoL Compilation)","StSLib"],"gold_per_floor":[13,13,32,44,56,56,84,84,84,84,102,102,102,27,27,151,151,175,200,45,58,58,58],"floor_reached":22,"language":"ENG","playtime":852,"items_purged":["Decay"],"score":260,"play_id":"c5531345-84ce-4405-9346-639d0cf5b5bb","local_time":"20210126003748","is_ascension_mode":true,"campfire_choices":[{"floor":6,"key":"REST"},{"floor":8,"key":"REST"},{"data":"Eruption","floor":13,"key":"SMITH"},{"data":"ClearTheMind","floor":15,"key":"SMITH"}],"circlet_count":0,"master_deck":["Defend_P","Defend_P","Eruption+1","Vigilance","FlurryOfBlows","FollowUp","Halt","FlurryOfBlows","EmptyBody","ClearTheMind+1","ConjureBlade","Tantrum+1","Weave+1","DevaForm+1","ThirdEye","Consecrate","Halt","MentalFortress"],"relics":["PureWater","Regal Pillow","Toy Ornithopter","Golden Idol","Astrolabe"],"acts_visited":["Exordium","TheCity"],"potions_floor_usage":[7,7,11,16,16,21,21,21,21,21,22],"damage_taken":[{"damage":0,"enemies":"2 Louse","floor":1,"turns":4},{"damage":0,"enemies":"Cultist","floor":3,"turns":2},{"damage":19,"enemies":"Small Slimes","floor":4,"turns":2},{"damage":0,"enemies":"Blue Slaver","floor":5,"turns":3},{"damage":30,"enemies":"Lagavulin","floor":7,"turns":6},{"damage":0,"enemies":"Large Slime","floor":11,"turns":4},{"damage":24,"enemies":"Hexaghost","floor":16,"turns":9},{"damage":0,"enemies":"3 Byrds","floor":18,"turns":4},{"damage":34,"enemies":"2 Thieves","floor":19,"turns":4},{"damage":30,"enemies":"Cultist and Chosen","floor":21,"turns":8},{"damage":32,"enemies":"Snake Plant","floor":22,"turns":5}],"seed_played":"-2448691273047279072","potions_obtained":[{"floor":5,"key":"EntropicBrew"},{"floor":7,"key":"AttackPotion"},{"floor":11,"key":"FearPotion"},{"floor":16,"key":"Dexterity Potion"},{"floor":19,"key":"Strength Potion"}],"is_trial":false,"path_per_floor":["M","?","M","M","M","R","E","R","T","?","M","?","R","$","R","B",null,"M","M","$","M","M"],"character_chosen":"WATCHER","items_purchased":["EntropicBrew","Halt"],"campfire_rested":2,"item_purchase_floors":[20,20],"current_hp_per_floor":[65,65,65,46,46,67,37,72,72,54,59,59,59,59,59,45,65,65,31,31,26,0,0],"gold":58,"neow_bonus":"REMOVE_TWO","is_daily":false,"chose_seed":false,"campfire_upgraded":2,"win_rate":0.0,"timestamp":1611650268,"path_taken":["M","?","M","?","M","R","E","R","T","?","M","?","R","$","R","BOSS","M","M","$","?","M"],"items_purchased_type":["Potion","Card"],"build_version":"2020-12-22","purchased_purges":1,"victory":false,"max_hp_per_floor":[72,72,72,72,72,72,72,72,72,72,72,72,72,72,72,72,72,72,72,72,72,72,72],"card_choices":[{"not_picked":["FollowUp","Halt"],"picked":"FlurryOfBlows","floor":1},{"not_picked":["Indignation","Collect","Meditate"],"picked":"SKIP","floor":3},{"not_picked":["Protect","Worship"],"picked":"Halt","floor":4},{"not_picked":["Prostrate","Nirvana"],"picked":"FlurryOfBlows","floor":5},{"not_picked":["LikeWater","Weave"],"picked":"EmptyBody","floor":7},{"not_picked":["FollowUp","CutThroughFate"],"picked":"ClearTheMind","floor":11},{"not_picked":["Scrawl","Ragnarok"],"picked":"ConjureBlade","floor":16},{"not_picked":["FearNoEvil+1","FlyingSleeves"],"picked":"ThirdEye","floor":18},{"not_picked":["Meditate","Prostrate"],"picked":"Consecrate","floor":19},{"not_picked":["Evaluate","CrushJoints"],"picked":"MentalFortress","floor":21}],"player_experience":486141,"relics_obtained":[{"floor":7,"key":"Regal Pillow"},{"floor":9,"key":"Toy Ornithopter"}],"event_choices":[{"damage_healed":0,"gold_gain":0,"cards_transformed":["Defend_P"],"player_choice":"Transformed","damage_taken":0,"max_hp_gain":0,"max_hp_loss":0,"event_name":"Transmorgrifier","floor":2,"gold_loss":0,"cards_obtained":["FollowUp"]},{"damage_healed":0,"gold_gain":0,"player_choice":"Take Damage","damage_taken":18,"relics_obtained":["Golden Idol"],"max_hp_gain":0,"max_hp_loss":0,"event_name":"Golden Idol","floor":10,"gold_loss":0},{"damage_healed":0,"gold_gain":0,"player_choice":"Cursed","damage_taken":0,"max_hp_gain":0,"max_hp_loss":0,"event_name":"Wheel of Change","floor":12,"gold_loss":0,"cards_obtained":["Decay"]}],"is_beta":false,"boss_relics":[{"not_picked":["Calling Bell","Snecko Eye"],"picked":"Astrolabe"}],"items_purged_floors":[14],"is_endless":false,"potions_floor_spawned":[5,7,11,16,19],"killed_by":"Snake Plant","ascension_level":8}}