{"host":"q3s8ewiy6v9taln3","time":1611673814,"event":{"mods":["BaseMod","Minty Spire (QoL Compilation)"],"gold_per_floor":[116,116,63,73,93,127,141,141,193,224,74,84,108,121,121,121,121],"floor_reached":16,"language":"ENG","playtime":569,"items_purged":[],"score":134,"play_id":"e3987409-b34b-4e4f-8f95-52601ba02493","local_time":"20210126101014","is_ascension_mode":true,"campfire_choices":[{"data":"Flex","floor":8,"key":"SMITH"},{"data":"Flex","floor":15,"key":"SMITH"}],"circlet_count":0,"master_deck":["Strike_R","Strike_R","Strike_R","Strike_R+1","Strike_R","Defend_R","Defend_R","Defend_R","Defend_R","Bash+1","Flex+1","Flex","Bloodletting","Flex+1","Immolate"],"relics":["Burning Blood","Lantern","Meat on the Bone","Dream Catcher","Centennial Puzzle","Bag of Marbles","Odd Mushroom"],"acts_visited":["Exordium"],"potions_floor_usage":[6,6,10,16,16],"damage_taken":[{"damage":6,"enemies":"Cultist","floor":1,"turns":4},{"damage":10,"enemies":"Small Slimes","floor":4,"turns":2},{"damage":7,"enemies":"Jaw Worm","floor":5,"turns":2},{"damage":30,"enemies":"Lagavulin","floor":6,"turns":6},{"damage":8,"enemies":"2 Fungi Beasts","floor":7,"turns":4},{"damage":28,"enemies":"Gremlin Nob","floor":10,"turns":4},{"damage":0,"enemies":"3 Louse","floor":12,"turns":1},{"damage":9,"enemies":"The Mushroom Lair","floor":13,"turns":3},{"damage":0,"enemies":"Exordium Wildlife","floor":14,"turns":1},{"damage":59,"enemies":"Hexaghost","floor":16,"turns":8}],"seed_played":"6429551868489972939","potions_obtained":[{"floor":1,"key":"Swift Potion"},{"floor":4,"key":"SteroidPotion"},{"floor":7,"key":"EssenceOfSteel"},{"floor":10,"key":"SpeedPotion"},{"floor":12,"key":"SkillPotion"}],"is_trial":false,"path_per_floor":["M","?","$","M","M","E","M","R","T","E","$","M","?","M","R","B"],"character_chosen":"IRONCLAD","items_purchased":["Flex","Bag of Marbles"],"campfire_rested":0,"item_purchase_floors":[3,11],"current_hp_per_floor":[80,64,64,60,59,35,45,45,45,35,35,53,50,56,56,0,0],"gold":121,"neow_bonus":"RANDOM_COMMON_RELIC","is_daily":false,"chose_seed":false,"campfire_upgraded":2,"win_rate":0.0,"timestamp":1611673814,"path_taken":["M","?","$","M","M","E","M","R","T","E","$","M","?","M","R","BOSS"],"items_purchased_type":["Card","Relic"],"build_version":"2020-12-22","purchased_purges":0,"victory":false,"max_hp_per_floor":[80,80,80,80,80,80,80,80,80,80,80,80,80,80,80,80,80],"card_choices":[{"not_picked":["Dropkick","Metallicize"],"picked":"Flex","floor":1},{"not_picked":["Dropkick","True Grit"],"picked":"Bloodletting","floor":4},{"not_picked":["Dropkick","Anger","True Grit"],"picked":"SKIP","floor":5},{"not_picked":["Infernal Blade","Hemokinesis"],"picked":"Flex","floor":6},{"not_picked":["Evolve","Armaments","Body Slam"],"picked":"SKIP","floor":7},{"not_picked":["Whirlwind","Reckless Charge"],"picked":"Immolate","floor":10},{"not_picked":["Thunderclap","Reckless Charge","Armaments"],"picked":"SKIP","floor":12},{"not_picked":["Body Slam","Armaments","Clash"],"picked":"SKIP","floor":14}],"player_experience":132839,"relics_obtained":[{"floor":6,"key":"Meat on the Bone"},{"floor":9,"key":"Dream Catcher"},{"floor":10,"key":"Centennial Puzzle"},{"floor":13,"key":"Odd Mushroom"}],"event_choices":[{"damage_healed":0,"gold_gain":0,"player_choice":"Entered Light","damage_taken":16,"max_hp_gain":0,"max_hp_loss":0,"event_name":"Shining Light","floor":2,"gold_loss":0,"cards_upgraded":["Strike_R","Bash"]},{"damage_healed":0,"gold_gain":0,"player_choice":"Fought Mushrooms","damage_taken":0,"max_hp_gain":0,"max_hp_loss":0,"event_name":"Mushrooms","floor":13,"gold_loss":0}],"is_beta":false,"boss_relics":[],"items_purged_floors":[],"is_endless":false,"potions_floor_spawned":[1,4,7,10,12],"killed_by":"Hexaghost","ascension_level":4}}