{"host":"irzto8mbmvyhawyg","time":1611628427,"event":{"mods":["AchievementEnabler","Act Like it!","Aspiration","BaseMod","BetterRewards","Colored Map","Colored Powertips","Conspire","Friendly Minions","Gensokyo","Gold Saver","Hubris","Infinite Spire","Minty Spire (QoL Compilation)","Replay The Spire","StSLib","SuperFastMode","The Jungle"],"gold_per_floor":[113,0,0,275,292,323,323,350,350,350,350,403,438,457,457,556,556,572,583,612,612,562,562,587,607,687,724,724,762,762,762],"floor_reached":30,"language":"ENG","playtime":993,"items_purged":["Strike_B"],"score":479,"play_id":"72230f94-9a16-4ee3-8e39-07b7c6b1ce26","local_time":"20210125203347","is_ascension_mode":true,"campfire_choices":[{"data":"Storm","floor":7,"key":"SMITH"},{"floor":15,"key":"REST"},{"floor":23,"key":"REST"}],"circlet_count":0,"master_deck":["AscendersBane","Strike_B","Strike_B","Defend_B","Defend_B","Defend_B","Defend_B","Zap","Dualcast","Defragment","Storm+1","Regret","Genetic Algorithm","Barrage","Ball Lightning","Barrage","Chill","Echo Form","hubris:Ukulele+1","White Noise","Redo","conspire:SpireCoStock","Sweeping Beam+1","Heatsinks","Amplify","Heatsinks"],"relics":["Cracked Core","NeowsBlessing","ReplayFunnel","aspiration:Lifesprig","aspiration:FetidBarrel","Letter Opener","Centennial Puzzle","infinitespire:CursedDice","Fusion Hammer","Red Mask","Pen Nib","The Courier","Vajra","hubris:Towel"],"acts_visited":["Exordium","TheCity"],"potions_floor_usage":[8,16,16,20,27,29],"damage_taken":[{"damage":0,"enemies":"conspire:RoseBush","floor":1,"turns":1},{"damage":0,"enemies":"Cultist","floor":5,"turns":1},{"damage":0,"enemies":"3 Sentries","floor":6,"turns":1},{"damage":34,"enemies":"Lagavulin","floor":8,"turns":8},{"damage":29,"enemies":"Replay:BlueRogue","floor":13,"turns":5},{"damage":14,"enemies":"Small Slimes","floor":14,"turns":3},{"damage":30,"enemies":"The Guardian","floor":16,"turns":9},{"damage":14,"enemies":"Chosen","floor":18,"turns":4},{"damage":16,"enemies":"3 Byrds","floor":19,"turns":3},{"damage":27,"enemies":"Masked Bandits","floor":20,"turns":4},{"damage":22,"enemies":"conspire:SneckoGhost","floor":24,"turns":7},{"damage":3,"enemies":"Snake Plant","floor":25,"turns":3},{"damage":16,"enemies":"Gremlin Leader","floor":27,"turns":6},{"damage":13,"enemies":"3 Cultists","floor":29,"turns":3},{"damage":36,"enemies":"conspire:SneckoGhost","floor":30,"turns":3}],"seed_played":"3526308730226343276","potions_obtained":[{"floor":6,"key":"EssenceOfSteel"},{"floor":8,"key":"CultistPotion"},{"floor":13,"key":"Energy Potion"},{"floor":18,"key":"Cursed Concoction"},{"floor":25,"key":"Elixir"},{"floor":27,"key":"AttackPotion"}],"is_trial":false,"path_per_floor":["M","$","?","?","M","E","R","E","T","?","?","T","E","M","R","B",null,"M","M","?","?","?","R","E","M","T","E","?","M","E"],"character_chosen":"DEFECT","items_purchased":["Storm"],"campfire_rested":2,"item_purchase_floors":[2],"current_hp_per_floor":[68,68,50,50,50,50,50,16,16,38,63,63,34,20,42,12,59,45,29,2,2,2,24,2,45,45,29,29,16,0,0],"gold":762,"neow_bonus":"THREE_ENEMY_KILL","is_daily":false,"chose_seed":false,"campfire_upgraded":1,"win_rate":0.0,"timestamp":1611628427,"path_taken":["M","$","?","?","?","E","R","E","T","?","?","?","E","M","R","BOSS","M","M","?","?","?","R","E","M","T","E","?","M","E"],"items_purchased_type":["Card"],"build_version":"2020-12-22","purchased_purges":1,"victory":false,"max_hp_per_floor":[75,75,75,75,75,75,75,75,75,75,75,75,75,75,75,75,75,75,75,75,75,75,75,75,75,75,75,75,75,75,75],"card_choices":[{"not_picked":["conspire:SharedLibrary","Static Discharge"],"picked":"Defragment","floor":1},{"not_picked":["BasicCrystalCard","Blizzard"],"picked":"Genetic Algorithm","floor":5},{"not_picked":["Redo","Stack"],"picked":"Barrage","floor":6},{"not_picked":["Hologram","ReplayTheSpireMod:Reroute Power"],"picked":"Ball Lightning","floor":8},{"not_picked":["hubris:DoWhile","Go for the Eyes"],"picked":"Barrage","floor":13},{"not_picked":["BasicCrystalCard","Panic Button"],"picked":"Chill","floor":14},{"not_picked":["Mirror Shield","Buffer"],"picked":"Echo Form","floor":16},{"not_picked":["Beam Cell+1","Gash"],"picked":"hubris:Ukulele+1","floor":18},{"not_picked":["Hello World","Go for the Eyes"],"picked":"White Noise","floor":19},{"not_picked":["Rebound","Blizzard"],"picked":"Redo","floor":20},{"not_picked":["conspire:Rain+1","hubris:SpecializedCircuitry"],"picked":"Sweeping Beam+1","floor":24},{"not_picked":["Melter","Stack"],"picked":"Heatsinks","floor":25},{"not_picked":["Beam Cell","Barrage"],"picked":"Amplify","floor":27},{"not_picked":["Redo","Undo"],"picked":"Heatsinks","floor":29}],"player_experience":418241,"relics_obtained":[{"floor":6,"key":"aspiration:Lifesprig"},{"floor":8,"key":"aspiration:FetidBarrel"},{"floor":9,"key":"Letter Opener"},{"floor":12,"key":"Centennial Puzzle"},{"floor":13,"key":"infinitespire:CursedDice"},{"floor":20,"key":"Red Mask"},{"floor":24,"key":"Pen Nib"},{"floor":26,"key":"The Courier"},{"floor":27,"key":"Vajra"}],"event_choices":[{"damage_healed":0,"gold_gain":0,"player_choice":"Success","damage_taken":18,"relics_obtained":["ReplayFunnel"],"max_hp_gain":0,"max_hp_loss":0,"event_name":"Scrap Ooze","floor":3,"gold_loss":0},{"damage_healed":0,"gold_gain":275,"player_choice":"Desecrate","damage_taken":0,"max_hp_gain":0,"max_hp_loss":0,"event_name":"Golden Shrine","floor":4,"gold_loss":0,"cards_obtained":["Regret"]},{"damage_healed":25,"gold_gain":0,"player_choice":"Banana","damage_taken":0,"max_hp_gain":0,"max_hp_loss":0,"event_name":"Big Fish","floor":11,"gold_loss":0},{"damage_healed":0,"gold_gain":0,"player_choice":"Fought Bandits","damage_taken":0,"max_hp_gain":0,"max_hp_loss":0,"event_name":"Masked Bandits","floor":20,"gold_loss":0},{"cards_removed":["Strike_B"],"damage_healed":0,"gold_gain":0,"player_choice":"Elegance","damage_taken":0,"max_hp_gain":0,"max_hp_loss":0,"event_name":"Back to Basics","floor":21,"gold_loss":0},{"damage_healed":0,"gold_gain":0,"player_choice":"Invest 1","damage_taken":0,"max_hp_gain":0,"max_hp_loss":0,"event_name":"conspire:Investor","floor":22,"gold_loss":0}],"is_beta":false,"boss_relics":[{"not_picked":["Astrolabe","Replay:Drink Me"],"picked":"Fusion Hammer"}],"items_purged_floors":[2],"is_endless":false,"potions_floor_spawned":[6,8,13,18,25,27],"killed_by":"conspire:SneckoGhost","ascension_level":11}}