{"host":"kwnpvqmnt47pmyi1","time":1611692656,"event":{"mods":["AchievementEnabler","BaseMod","Bestiary","BetterRewards","Downfall","Hermit","Hubris","Marisa????????","Minty Spire (QoL Compilation)","Reliquary","Replay The Spire","Shade Mod","StSLib","The Hierophant","The Servant 0.9.4"],"gold_per_floor":[113,132,132,132,132,149,178,195,244,244,244,244],"floor_reached":11,"language":"ENG","playtime":1061,"items_purged":[],"score":77,"play_id":"eb83de5b-1f57-4ee3-b627-836be15ef8b2","local_time":"20210126122416","is_ascension_mode":true,"campfire_choices":[{"floor":10,"key":"REST"}],"circlet_count":0,"master_deck":["Strike_R","Strike_R","Strike_R","Strike_R","Strike_R","Defend_R","Defend_R+1","Defend_R","Defend_R+1","Bash+1","Sword Boomerang","Replay:Undeath\u0027s Touch","Decay","Iron Wave"],"relics":["Burning Blood","Toxic Egg 2","Smiling Mask","ReplayTheSpireMod:TigerMarble"],"acts_visited":["Exordium"],"potions_floor_usage":[11,11],"damage_taken":[{"damage":7,"enemies":"Small Slimes","floor":1,"turns":4},{"damage":0,"enemies":"2 Louse","floor":2,"turns":2},{"damage":2,"enemies":"Cultist","floor":6,"turns":2},{"damage":29,"enemies":"Gremlin Nob","floor":7,"turns":4},{"damage":23,"enemies":"Gremlin Gang","floor":8,"turns":8},{"damage":55,"enemies":"3 Sentries","floor":11,"turns":9}],"seed_played":"-5623494210945229504","potions_obtained":[{"floor":6,"key":"SpeedPotion"},{"floor":8,"key":"Elixir"}],"is_trial":false,"path_per_floor":["M","M","?","?","?","M","E","M","T","R","E"],"character_chosen":"IRONCLAD","items_purchased":[],"campfire_rested":1,"item_purchase_floors":[],"current_hp_per_floor":[79,80,64,61,61,65,42,25,25,49,0,0],"gold":244,"neow_bonus":"RANDOM_EVENT","is_daily":false,"chose_seed":false,"campfire_upgraded":0,"win_rate":0.0,"timestamp":1611692656,"path_taken":["M","M","?","?","?","M","E","M","T","R","E"],"items_purchased_type":[],"build_version":"2020-12-22","purchased_purges":0,"victory":false,"max_hp_per_floor":[80,80,80,80,80,80,80,80,80,80,80,80],"card_choices":[{"not_picked":["ReplayTheSpireMod:Corrosion Curse","Wild Strike"],"picked":"Sword Boomerang","floor":1},{"not_picked":["Rupture","Whirlwind"],"picked":"Replay:Undeath\u0027s Touch","floor":2},{"not_picked":["Burning Pact+1","Havoc+1","Power Through+1"],"picked":"SKIP","floor":6},{"not_picked":["Rage+1","Intimidate+1","Blood for Blood"],"picked":"SKIP","floor":7},{"not_picked":["Warcry+1","ReplayReversal+1"],"picked":"Iron Wave","floor":8}],"player_experience":266246,"relics_obtained":[{"floor":7,"key":"Smiling Mask"},{"floor":9,"key":"ReplayTheSpireMod:TigerMarble"}],"event_choices":[{"damage_healed":0,"gold_gain":0,"player_choice":"Grow","damage_taken":0,"max_hp_gain":0,"max_hp_loss":0,"event_name":"Living Wall","floor":0,"gold_loss":0,"cards_upgraded":["Bash"]},{"damage_healed":0,"gold_gain":0,"player_choice":"Entered Light","damage_taken":16,"max_hp_gain":0,"max_hp_loss":0,"event_name":"Shining Light","floor":3,"gold_loss":0,"cards_upgraded":["Defend_R","Defend_R"]},{"damage_healed":0,"gold_gain":0,"player_choice":"Success","damage_taken":3,"relics_obtained":["Toxic Egg 2"],"max_hp_gain":0,"max_hp_loss":0,"event_name":"Scrap Ooze","floor":4,"gold_loss":0},{"damage_healed":0,"gold_gain":0,"player_choice":"Cursed","damage_taken":0,"max_hp_gain":0,"max_hp_loss":0,"event_name":"Wheel of Change","floor":5,"gold_loss":0,"cards_obtained":["Decay"]}],"is_beta":false,"boss_relics":[],"items_purged_floors":[],"is_endless":false,"potions_floor_spawned":[6,8],"killed_by":"3 Sentries","ascension_level":1}}