{"host":"g7mkzn6qfoxkk5sz","time":1611622715,"event":{"mods":["BaseMod","Colored Map","Colored Powertips","Downfall","Hermit","Marisa????????","Minty Spire (QoL Compilation)","StSLib","The Animator","The Bug Knight","The Cursed","The Servant 0.9.4"],"gold_per_floor":[111,122,142,142,159,159,194,194],"floor_reached":7,"language":"ENG","playtime":423,"items_purged":[],"score":53,"play_id":"43c31b42-8e0a-4618-8ebd-515bf36c21c1","local_time":"20210126025835","is_ascension_mode":false,"campfire_choices":[{"data":"WasteNot","floor":6,"key":"SMITH"}],"circlet_count":0,"master_deck":["Strike_S","Strike_S","Strike_S","Strike_S","Defend_S","Defend_S","Defend_S","Defend_S","KidneyShot","Exchange","Rearm","DoubleEdge","WasteNot+1","BottledTime","SpecialFormula"],"relics":["Uniform","NeowsBlessing","Gambling Chip","Anchor"],"acts_visited":["Exordium"],"potions_floor_usage":[],"damage_taken":[{"damage":0,"enemies":"Cultist","floor":1,"turns":1},{"damage":0,"enemies":"2 Louse","floor":2,"turns":1},{"damage":0,"enemies":"Small Slimes","floor":3,"turns":1},{"damage":11,"enemies":"2 Fungi Beasts","floor":5,"turns":4},{"damage":40,"enemies":"3 Sentries","floor":7,"turns":11}],"seed_played":"5187297510662488582","potions_obtained":[{"floor":7,"key":"SmokeBomb"}],"is_trial":false,"path_per_floor":["M","M","M","?","M","R","E"],"character_chosen":"THE_SERVANT","items_purchased":[],"campfire_rested":0,"item_purchase_floors":[],"current_hp_per_floor":[65,65,65,53,42,42,2,2],"gold":194,"neow_bonus":"THREE_ENEMY_KILL","is_daily":false,"chose_seed":false,"campfire_upgraded":1,"win_rate":0.0,"timestamp":1611622715,"path_taken":["M","M","M","?","M","R","E"],"items_purchased_type":[],"build_version":"2020-12-22","purchased_purges":0,"victory":false,"max_hp_per_floor":[65,65,65,65,65,65,65,65],"card_choices":[{"not_picked":["Ricochet","Barrier"],"picked":"Rearm","floor":1},{"not_picked":["RealityMarble","DualDimension"],"picked":"DoubleEdge","floor":2},{"not_picked":["Unruled","Alleviate"],"picked":"WasteNot","floor":3},{"not_picked":["Potential","Starlight"],"picked":"BottledTime","floor":5},{"not_picked":["TimeWarp","Barrier"],"picked":"SpecialFormula","floor":7}],"player_experience":428309,"relics_obtained":[{"floor":7,"key":"Anchor"}],"event_choices":[{"damage_healed":0,"gold_gain":0,"player_choice":"Success","damage_taken":12,"relics_obtained":["Gambling Chip"],"max_hp_gain":0,"max_hp_loss":0,"event_name":"Scrap Ooze","floor":4,"gold_loss":0}],"is_beta":false,"boss_relics":[],"items_purged_floors":[],"is_endless":false,"potions_floor_spawned":[7],"killed_by":"3 Sentries","ascension_level":0}}