{"host":"j4g6ia6asvpyu2b0","time":1611622365,"event":{"mods":["BaseMod","Colored Map","Minty Spire (QoL Compilation)","Permanent Neow","Quick Restart","Relic Stats","StSLib","Unceasing Turn Reminder"],"gold_per_floor":[116,116,191,264,283,283,308,308,308,334,350,177,190,220,220,320,320,332,332,35,54,69,69,100,112,112,141,153,167,167,167],"floor_reached":30,"language":"ENG","playtime":987,"items_purged":["Strike_G","Strike_G"],"score":429,"play_id":"77c502fa-796d-4bf6-a1b6-da8268c86dc8","local_time":"20210125175245","is_ascension_mode":true,"campfire_choices":[{"data":"Dash","floor":6.0,"key":"SMITH"},{"floor":8.0,"key":"REST"},{"data":"Noxious Fumes","floor":15,"key":"SMITH"},{"data":"Apotheosis","floor":23,"key":"SMITH"}],"circlet_count":0,"master_deck":["Strike_G","Strike_G","Defend_G","Defend_G","Defend_G","Defend_G","Defend_G","Survivor+1","Neutralize","Dash+1","Deadly Poison+1","Dodge and Roll","Catalyst","Predator","Noxious Fumes+1","Burst","Blade Dance","Deadly Poison","Bullet Time","Dash+1","Apotheosis+1","Footwork","Blade Dance","Quick Slash","PiercingWail+1","Blade Dance","Footwork","Footwork+1","Backflip","Deadly Poison+1"],"relics":["Runic Dome","InkBottle","The Courier","War Paint","Question Card","Gremlin Horn","Regal Pillow","SacredBark","Nunchaku","Ornamental Fan","Bottled Tornado"],"acts_visited":["Exordium","TheCity"],"potions_floor_usage":[14,18,24,25,27,27,27,27,28,30],"damage_taken":[{"damage":4.0,"enemies":"Small Slimes","floor":1.0,"turns":4.0},{"damage":2.0,"enemies":"Jaw Worm","floor":5.0,"turns":3.0},{"damage":14.0,"enemies":"3 Sentries","floor":7.0,"turns":9.0},{"damage":0.0,"enemies":"Gremlin Nob","floor":10.0,"turns":4.0},{"damage":2.0,"enemies":"Cultist","floor":11.0,"turns":3.0},{"damage":0,"enemies":"3 Louse","floor":13,"turns":3},{"damage":0,"enemies":"3 Sentries","floor":14,"turns":6},{"damage":3,"enemies":"Hexaghost","floor":16,"turns":9},{"damage":0,"enemies":"2 Thieves","floor":18,"turns":2},{"damage":10,"enemies":"Spheric Guardian","floor":21,"turns":4},{"damage":35,"enemies":"Snake Plant","floor":22,"turns":3},{"damage":18,"enemies":"Book of Stabbing","floor":24,"turns":6},{"damage":3,"enemies":"3 Cultists","floor":25,"turns":5},{"damage":0,"enemies":"Slavers","floor":27,"turns":2},{"damage":0,"enemies":"Centurion and Healer","floor":28,"turns":6},{"damage":0,"enemies":"Shelled Parasite and Fungi","floor":29,"turns":4},{"damage":8,"enemies":"Book of Stabbing","floor":30,"turns":1}],"seed_played":"1223584454988911190","potions_obtained":[{"floor":7.0,"key":"Fire Potion"},{"floor":11.0,"key":"Block Potion"},{"floor":14,"key":"PowerPotion"},{"floor":18,"key":"EntropicBrew"},{"floor":22,"key":"Explosive Potion"},{"floor":24,"key":"Swift Potion"},{"floor":27,"key":"DistilledChaos"}],"is_trial":false,"path_per_floor":["M","?","?","T","M","R","E","R","T","E","M","$","M","E","R","B",null,"M","?","$","M","M","R","E","M","T","E","M","M","E"],"character_chosen":"THE_SILENT","items_purchased":["Noxious Fumes","Burst","Apotheosis","Footwork","Blade Dance"],"campfire_rested":1,"item_purchase_floors":[12,12,20,20,20],"current_hp_per_floor":[66,48,37,37,35,35,21,42,42,42,40,40,40,40,40,37,70,70,70,70,60,25,25,7,4,4,4,4,4,0,0],"gold":167,"neow_bonus":"BOSS_RELIC","is_daily":false,"chose_seed":false,"campfire_upgraded":3,"win_rate":0.0,"timestamp":1611622365,"path_taken":["M","?","?","?","M","R","E","R","T","E","M","$","M","E","R","BOSS","M","?","$","M","M","R","E","M","T","E","?","M","E"],"items_purchased_type":["Card","Card","Card","Card","Card"],"build_version":"2020-12-22","purchased_purges":2,"victory":false,"max_hp_per_floor":[70,70,70,70,70,70,70,70,70,70,70,70,70,70,70,70,70,70,70,70,70,70,70,70,70,70,70,70,70,70,70],"relic_stats":{"Regal Pillow":0,"Nunchaku":[4],"Gremlin Horn":[11,11],"counters":[17,74],"Ornamental Fan":[20],"War Paint":["Survivor","Deadly Poison"],"Question Card":13,"obtain_stats":[{"Runic Dome":0,"Regal Pillow":14,"Nunchaku":24,"Gremlin Horn":10,"Ornamental Fan":26,"SacredBark":17,"The Courier":4,"War Paint":7,"Bottled Tornado":27,"Question Card":9,"InkBottle":2,"Ring of the Snake":0},{"Runic Dome":0,"Regal Pillow":7,"Nunchaku":12,"Gremlin Horn":4,"Ornamental Fan":13,"SacredBark":8,"The Courier":1,"War Paint":3,"Bottled Tornado":14,"Question Card":3,"InkBottle":1,"Ring of the Snake":0},{"Runic Dome":0,"Regal Pillow":32,"Nunchaku":56,"Gremlin Horn":20,"Ornamental Fan":61,"SacredBark":41,"The Courier":4,"War Paint":16,"Bottled Tornado":63,"Question Card":16,"InkBottle":4,"Ring of the Snake":0}],"InkBottle":[28]},"card_choices":[{"not_picked":["Poisoned Stab","All Out Attack"],"picked":"Dash","floor":1.0},{"not_picked":["Dodge and Roll","Choke"],"picked":"Deadly Poison","floor":5.0},{"not_picked":["Expertise","Eviscerate"],"picked":"Dodge and Roll","floor":7.0},{"not_picked":["Dodge and Roll","Choke","Cloak And Dagger"],"picked":"Catalyst","floor":10.0},{"not_picked":["Underhanded Strike","Bane","Expertise"],"picked":"Predator","floor":11.0},{"not_picked":["Dagger Throw","PiercingWail","Prepared"],"picked":"Blade Dance","floor":13},{"not_picked":["Glass Knife","Distraction","Slice"],"picked":"Deadly Poison","floor":14},{"not_picked":["Grand Finale","Venomology","Adrenaline"],"picked":"Bullet Time","floor":16},{"not_picked":["Acrobatics","Prepared","PiercingWail"],"picked":"Dash+1","floor":18},{"not_picked":["Dagger Throw","Bullet Time","Slice"],"picked":"Quick Slash","floor":21},{"not_picked":["Distraction","All Out Attack+1","Cloak And Dagger+1"],"picked":"PiercingWail+1","floor":22},{"not_picked":["Skewer","Slice","Noxious Fumes"],"picked":"Blade Dance","floor":24},{"not_picked":["Deadly Poison+1","Unload","Finisher"],"picked":"Footwork","floor":25},{"not_picked":["Predator","Heel Hook+1","PiercingWail"],"picked":"Footwork+1","floor":27},{"not_picked":["Dagger Throw","Skewer","Backstab+1"],"picked":"Backflip","floor":28},{"not_picked":["Expertise","All Out Attack","Dagger Throw"],"picked":"Deadly Poison+1","floor":29}],"player_experience":1017675,"relics_obtained":[{"floor":4.0,"key":"The Courier"},{"floor":7.0,"key":"War Paint"},{"floor":9.0,"key":"Question Card"},{"floor":10.0,"key":"Gremlin Horn"},{"floor":14,"key":"Regal Pillow"},{"floor":24,"key":"Nunchaku"},{"floor":26,"key":"Ornamental Fan"},{"floor":27,"key":"Bottled Tornado"}],"event_choices":[{"damage_healed":0.0,"max_hp_gain":0.0,"max_hp_loss":0.0,"gold_gain":0.0,"event_name":"Scrap Ooze","player_choice":"Success","floor":2.0,"gold_loss":0.0,"damage_taken":18.0,"relics_obtained":["InkBottle"]},{"damage_healed":0.0,"max_hp_gain":0.0,"max_hp_loss":0.0,"gold_gain":75.0,"event_name":"World of Goop","player_choice":"Gather Gold","floor":3.0,"gold_loss":0.0,"damage_taken":11.0},{"cards_removed":["Strike_G"],"damage_healed":0,"gold_gain":0,"player_choice":"Offered Basic","damage_taken":0,"max_hp_gain":0,"max_hp_loss":0,"event_name":"Bonfire Elementals","floor":19,"gold_loss":0}],"is_beta":false,"boss_relics":[{"not_picked":["WristBlade","Astrolabe"],"picked":"SacredBark"}],"items_purged_floors":[12,20],"is_endless":false,"potions_floor_spawned":[7,11,14,18,22,24,27],"killed_by":"Book of Stabbing","ascension_level":2}}