{"host":"pesfwaef25r60kxm","time":1611641685,"event":{"mods":["Arknights The Spire","BaseMod","Colored Powertips","Hunter ÁÔÈË","Minty Spire (QoL Compilation)","Replay The Spire","RumiaBox-Â¶Ã×æ«µÄÉñÃØºÐ×Ó","Spicy Shops","StSLib","The Cursed","[IsaacMod]ÒÔÈö¼âËþ","noobMod","¡¾ÒÅÎï¿¨ÅÆ¡¿REMEMod"],"gold_per_floor":[114,127,127,146,161,186,186,176,199,210,221,248,248,73,73,172,172,191,209,209,209,219,246,264,264,290,324,337,369,104,116,116,219,219,237,237,87,128,128,241,241,356,356,373,389,434,434,452,452,452,452,452,3,30,30],"floor_reached":56,"language":"ZHS","playtime":2210,"items_purged":["Strike_G","Strike_G","Strike_G","Pain","Strike_G","Strike_G","Defend_G"],"score":1742,"play_id":"f5ca0d9c-ec0a-4147-9f6e-d97e4c389b09","local_time":"20210126141445","is_ascension_mode":true,"campfire_choices":[{"data":"A Thousand Cuts","floor":7,"key":"SMITH"},{"data":"REME_GreenPollution","floor":13,"key":"SMITH"},{"floor":15,"key":"RECALL"},{"data":"Toxin Wave","floor":25,"key":"SMITH"},{"data":"Fluid Movement","floor":32,"key":"SMITH"},{"data":"Night Terror","floor":41,"key":"SMITH"},{"floor":49,"key":"REST"},{"data":"Noxious Fumes","floor":52,"key":"SMITH"}],"circlet_count":0,"master_deck":["Defend_G","Defend_G","Defend_G","Defend_G","Survivor","Neutralize","Poisoned Stab","Backflip","A Thousand Cuts+1","Footwork","REME_GreenPollution+1","Toxin Wave+1","Replay:Bag of Tricks","REME_WheelOfFate","Bouncing Flask+1","Toxin Wave","Blur+1","Noxious Fumes+1","Calculated Gamble+1","Fluid Movement+1","Night Terror+1","Backflip+1","Caltrops","Outmaneuver","Neutralize","Bouncing Flask+1","Footwork+1","Backflip+1","Madness","Madness","Well Laid Plans"],"relics":["HushsDoor","ice","Replay:Kaleidoscope","Void","AddBug","SecretRecord","SecretRecord","SecretRecord","SecretRecord","SecretRecord","SecretRecord","SecretRecord"],"acts_visited":["Exordium","TheCity","TheBeyond","TheEnding"],"potions_floor_usage":[6,55,55,55],"damage_taken":[{"damage":1,"enemies":"2 Louse","floor":1,"turns":3},{"damage":0,"enemies":"Cultist","floor":2,"turns":4},{"damage":5,"enemies":"Jaw Worm","floor":4,"turns":4},{"damage":2,"enemies":"Looter","floor":5,"turns":3},{"damage":0,"enemies":"3 Sentries","floor":6,"turns":1},{"damage":70,"enemies":"Hiden Room Battle","floor":8,"turns":5},{"damage":15,"enemies":"Gremlin Gang","floor":10,"turns":4},{"damage":0,"enemies":"Blue Slaver","floor":11,"turns":2},{"damage":0,"enemies":"Gremlin Nob","floor":12,"turns":3},{"damage":0,"enemies":"Slime Boss","floor":16,"turns":5},{"damage":0,"enemies":"3 Byrds","floor":18,"turns":2},{"damage":10,"enemies":"2 Thieves","floor":19,"turns":3},{"damage":10,"enemies":"Sentry and Sphere","floor":22,"turns":4},{"damage":2,"enemies":"Book of Stabbing","floor":23,"turns":3},{"damage":8,"enemies":"Shelled Parasite and Fungi","floor":24,"turns":2},{"damage":2,"enemies":"Replay:Snechameleon","floor":27,"turns":3},{"damage":6,"enemies":"Snake Plant","floor":28,"turns":2},{"damage":4,"enemies":"Book of Stabbing","floor":29,"turns":2},{"damage":0,"enemies":"3 Cultists","floor":31,"turns":2},{"damage":0,"enemies":"Automaton","floor":33,"turns":5},{"damage":0,"enemies":"Orb Walker","floor":35,"turns":1},{"damage":13,"enemies":"Giant Head","floor":40,"turns":5},{"damage":12,"enemies":"Nemesis","floor":42,"turns":4},{"damage":8,"enemies":"3 Darklings","floor":44,"turns":2},{"damage":5,"enemies":"Spire Growth","floor":45,"turns":3},{"damage":29,"enemies":"2 Orb Walkers","floor":46,"turns":4},{"damage":0,"enemies":"Transient","floor":48,"turns":5},{"damage":0,"enemies":"Time Eater","floor":50,"turns":3},{"damage":33,"enemies":"Shield and Spear","floor":54,"turns":3},{"damage":608,"enemies":"Delirium","floor":55,"turns":9}],"seed_played":"9161929557049987710","potions_obtained":[{"floor":1,"key":"SteroidPotion"},{"floor":5,"key":"Explosive Potion"},{"floor":6,"key":"Elixir"},{"floor":16,"key":"Regen Potion"},{"floor":38,"key":"EssenceOfSteel"}],"is_trial":false,"path_per_floor":["M","M","?","M","M","E","R","?","T","M","M","E","R","$","R","B",null,"M","M","?","?","M","E","M","R","T","E","M","E","$","M","R","B",null,"M","?","$","?","$","E","R","E","T","M","M","?","?","M","R","B",null,"R","$","E","B",null],"character_chosen":"THE_SILENT","items_purchased":["REME_WheelOfFate","Fluid Movement","PowerPotion","Guide Book","Orichalcum"],"campfire_rested":1,"item_purchase_floors":[17,30,53,53,53],"current_hp_per_floor":[48,48,31,26,24,24,24,20,20,5,83,83,83,83,83,83,75,75,65,65,65,55,53,45,45,45,43,37,33,33,33,33,33,94,94,94,94,94,94,81,81,69,69,61,56,27,13,33,68,68,123,123,123,90,1489],"gold":30,"neow_bonus":"ONE_RARE_RELIC","is_daily":false,"chose_seed":false,"campfire_upgraded":6,"win_rate":0.0,"timestamp":1611641685,"path_taken":["M","M","?","M","M","E","R","?","T","?","M","E","R","?","R","BOSS","M","M","?","?","?","E","M","R","T","E","M","E","$","?","R","BOSS","M","?","$","?","$","E","R","E","T","M","?","?","?","M","R","BOSS","R","$","E","BOSS"],"items_purchased_type":["Card","Card","Potion","Relic","Relic"],"build_version":"2020-12-22","purchased_purges":7,"victory":true,"max_hp_per_floor":[70,70,70,70,70,70,70,76,76,83,83,84,84,84,84,84,75,80,82,82,82,85,90,92,92,92,95,95,97,97,97,97,101,94,94,94,94,94,94,96,96,103,103,105,106,112,112,117,117,123,123,123,123,129,1925],"card_choices":[{"not_picked":[],"picked":"Bomb","floor":0},{"not_picked":["Dagger Spray","Flying Knee"],"picked":"Poisoned Stab","floor":1},{"not_picked":["Quick Slash","Dodge and Roll"],"picked":"Backflip","floor":2},{"not_picked":["Dagger Spray","Deflect"],"picked":"A Thousand Cuts","floor":4},{"not_picked":["Catalyst","Replay:Poison Smokescreen"],"picked":"Bomb","floor":5},{"not_picked":["Flechettes","Deadly Poison"],"picked":"Footwork","floor":6},{"not_picked":["Prepared","Hidden Blade","Poisoned Stab"],"picked":"SKIP","floor":10},{"not_picked":["Masterful Stab","Predator"],"picked":"REME_GreenPollution","floor":11},{"not_picked":["Deadly Poison","Prepared"],"picked":"Toxin Wave","floor":12},{"not_picked":["Venomology","Phantasmal Killer"],"picked":"Replay:Bag of Tricks","floor":16},{"not_picked":["Deadly Poison","Sucker Punch","Acrobatics"],"picked":"SKIP","floor":18},{"not_picked":["Underhanded Strike+1","PiercingWail"],"picked":"Bouncing Flask+1","floor":19},{"not_picked":["Poisoned Stab","Deflect","Finisher"],"picked":"SKIP","floor":22},{"not_picked":["Sucker Punch+1","Infinite Blades+1","Hidden Blade"],"picked":"SKIP","floor":23},{"not_picked":["PiercingWail","ReplayTheSpireMod:From All Sides"],"picked":"Toxin Wave","floor":24},{"not_picked":["Blade Dance+1","Bane"],"picked":"Blur+1","floor":27},{"not_picked":["Deflect","Toxin Wave"],"picked":"Noxious Fumes","floor":28},{"not_picked":["Eviscerate","Blade Dance+1"],"picked":"Calculated Gamble+1","floor":29},{"not_picked":["Tactician+1","Prepared","Outmaneuver"],"picked":"SKIP","floor":31},{"not_picked":["ReplayTheSpireMod:From All Sides","Envenom"],"picked":"Night Terror","floor":33},{"not_picked":["ReplayTheSpireMod:Exploit Weakness","Blade Dance+1"],"picked":"Backflip+1","floor":35},{"not_picked":["Tools of the Trade","Choke","Backstab+1"],"picked":"SKIP","floor":40},{"not_picked":["Poisoned Stab+1","Outmaneuver"],"picked":"Bouncing Flask+1","floor":42},{"not_picked":["Quick Slash+1","Sucker Punch+1","Blur"],"picked":"SKIP","floor":44},{"not_picked":["Flechettes","Deflect+1"],"picked":"Footwork+1","floor":45},{"not_picked":["Choke","Deadly Poison+1"],"picked":"Backflip+1","floor":46},{"not_picked":["Dagger Spray","Slice+1"],"picked":"Well Laid Plans","floor":48},{"not_picked":["Blade Dance","Flying Knee","ReplayTheSpireMod:Tripwire"],"picked":"SKIP","floor":54}],"player_experience":112952,"relics_obtained":[{"floor":1,"key":"AddBug"},{"floor":6,"key":"HowToJump"},{"floor":8,"key":"Darkstone Periapt"},{"floor":8,"key":"Art of War"},{"floor":8,"key":"SecretRecord"},{"floor":12,"key":"UnicornStump"},{"floor":19,"key":"SecretRecord"},{"floor":23,"key":"Mirror"},{"floor":26,"key":"Anchor"},{"floor":27,"key":"Molten Egg 2"},{"floor":28,"key":"SecretRecord"},{"floor":29,"key":"AnarchistCookbook"},{"floor":33,"key":"SecretRecord"},{"floor":40,"key":"Iron Hammer"},{"floor":42,"key":"SteamSale"},{"floor":43,"key":"SumBook"},{"floor":44,"key":"SecretRecord"},{"floor":46,"key":"Gambling Chip"},{"floor":54,"key":"SecretRecord"},{"floor":54,"key":"NineVolt"}],"event_choices":[{"damage_healed":0,"gold_gain":0,"player_choice":"Take Damage","damage_taken":17,"relics_obtained":["Golden Idol"],"max_hp_gain":0,"max_hp_loss":0,"event_name":"Golden Idol","floor":3,"gold_loss":0},{"damage_healed":0,"gold_gain":0,"player_choice":"Fight","damage_taken":0,"max_hp_gain":0,"max_hp_loss":0,"event_name":"HidenRoomEvent","floor":8,"gold_loss":0},{"damage_healed":0,"gold_gain":0,"player_choice":"Rummage","damage_taken":0,"relics_obtained":["WarpedTongs"],"max_hp_gain":0,"max_hp_loss":0,"event_name":"Accursed Blacksmith","floor":20,"gold_loss":0,"cards_obtained":["Pain"]},{"damage_healed":0,"gold_gain":0,"player_choice":"3 cards matched","damage_taken":0,"max_hp_gain":0,"max_hp_loss":0,"event_name":"Match and Keep!","floor":36,"gold_loss":0,"cards_obtained":["Caltrops","Outmaneuver","Neutralize"]},{"damage_healed":0,"gold_gain":0,"player_choice":"Fight","damage_taken":0,"max_hp_gain":0,"max_hp_loss":0,"event_name":"Mysterious Sphere","floor":46,"gold_loss":0},{"damage_healed":0,"gold_gain":0,"player_choice":"Embrace Madness","damage_taken":14,"max_hp_gain":0,"max_hp_loss":0,"event_name":"Winding Halls","floor":47,"gold_loss":0,"cards_obtained":["Madness","Madness"]}],"is_beta":false,"boss_relics":[{"not_picked":["Kintsugi","Replay:Bronze Core"],"picked":"Astrolabe"},{"not_picked":[]},{"not_picked":["SoulBox","Abe\u0027s Treasure"],"picked":"Pandora\u0027s Box"},{"not_picked":[]}],"items_purged_floors":[14,14,17,30,34,37,53],"is_endless":false,"potions_floor_spawned":[1,5,6,16,18,22,23,24,33,42,44],"ascension_level":1}}