{"host":"jeza3f7qwapecycc","time":1611654672,"event":{"mods":["BaseMod","Downfall","Minty Spire (QoL Compilation)","Relic Stats","StSLib"],"gold_per_floor":[99,119,137,137,147,147,147,147,132,152,152,63,63,63,77,77,77,77],"floor_reached":16,"language":"ZHS","playtime":872,"items_purged":[],"score":90,"play_id":"b120f3be-74cb-4b33-bc08-a37ce80bee7d","local_time":"20210126175112","is_ascension_mode":false,"campfire_choices":[{"data":"Guardian:TwinSlam","floor":1,"key":"SMITH"},{"data":"Guardian:DonusPower","floor":6,"key":"SMITH"},{"data":"Guardian:StasisStrike","floor":11,"key":"SMITH"},{"data":"Guardian:PiercingHide","floor":13,"key":"SMITH"}],"circlet_count":0,"master_deck":["Guardian:Strike_Guardian","Guardian:Strike_Guardian","Guardian:Strike_Guardian","Guardian:Strike_Guardian","Guardian:Defend_Guardian","Guardian:Defend_Guardian","Guardian:Defend_Guardian","Guardian:Defend_Guardian","Guardian:CurlUp","Guardian:TwinSlam+1","Guardian:DonusPower+1","Guardian:PrismaticBeam","Guardian:StasisStrike+1","Guardian:PiercingHide+1","Guardian:RollAttack","Guardian:ShieldSpikes"],"relics":["Guardian:ModeShifter","Bottled Lightning","Oddly Smooth Stone","downfall:ShatteredFragment"],"acts_visited":["Exordium"],"potions_floor_usage":[16,16,16],"damage_taken":[{"damage":5,"enemies":"Small Slimes","floor":2,"turns":4},{"damage":1,"enemies":"Jaw Worm","floor":3,"turns":6},{"damage":7,"enemies":"2 Louse","floor":5,"turns":4},{"damage":0,"enemies":"downfall:FleeingMerchant","floor":9,"turns":4},{"damage":4,"enemies":"Exordium Wildlife","floor":10,"turns":4},{"damage":9,"enemies":"downfall:FleeingMerchant","floor":12,"turns":4},{"damage":7,"enemies":"Blue Slaver","floor":15,"turns":2},{"damage":53,"enemies":"IC_STATUS_ARCHETYPE","floor":16,"turns":8}],"seed_played":"-7218855064044932103","potions_obtained":[{"floor":2,"key":"ColorlessPotion"},{"floor":5,"key":"Regen Potion"},{"floor":15,"key":"EssenceOfSteel"}],"is_trial":false,"path_per_floor":["R","M","M","?","M","R","T","T","$","M","R","$","R","?","M","B"],"character_chosen":"GUARDIAN","items_purchased":["Guardian:RollAttack","Guardian:Gem_Lightblue"],"campfire_rested":0,"item_purchase_floors":[12,12],"current_hp_per_floor":[88,83,82,87,80,80,80,80,80,76,76,67,67,43,36,0,0,0],"gold":77,"neow_bonus":"TEN_PERCENT_HP_BONUS","is_daily":false,"chose_seed":false,"campfire_upgraded":4,"win_rate":0.0,"timestamp":1611654672,"path_taken":["R","M","M","?","M","R","T","?","$","M","R","$","R","?","M","BOSS"],"items_purchased_type":["Card","Card"],"build_version":"2020-12-22","purchased_purges":0,"victory":false,"max_hp_per_floor":[88,88,88,93,93,93,93,93,93,93,93,93,93,93,93,93,93,93],"relic_stats":{"counters":[8,36],"obtain_stats":[{"downfall:ShatteredFragment":14,"Guardian:ModeShifter":0,"Oddly Smooth Stone":8,"Bottled Lightning":7},{"downfall:ShatteredFragment":6,"Guardian:ModeShifter":0,"Oddly Smooth Stone":3,"Bottled Lightning":3},{"downfall:ShatteredFragment":26,"Guardian:ModeShifter":0,"Oddly Smooth Stone":14,"Bottled Lightning":14}]},"card_choices":[{"not_picked":["Guardian:ShieldSpikes","Guardian:RollAttack"],"picked":"Guardian:Gem_Green","floor":2},{"not_picked":["Guardian:Gem_Crimson","Guardian:Gem_Red"],"picked":"Guardian:DonusPower","floor":3},{"not_picked":["Guardian:Repulse","Guardian:Gem_Purple","Guardian:Reroute"],"picked":"SKIP","floor":5},{"not_picked":["Guardian:BodySlam","Guardian:TemporalStrike"],"picked":"Guardian:PrismaticBeam","floor":9},{"not_picked":["Guardian:TemporalShield","Guardian:Emergency"],"picked":"Guardian:StasisStrike","floor":10},{"not_picked":["Guardian:Suspension","Guardian:Recover"],"picked":"Guardian:PiercingHide","floor":12},{"not_picked":["Guardian:TemporalShield","Guardian:CrystalBeam"],"picked":"Guardian:ShieldSpikes","floor":15}],"player_experience":790947,"relics_obtained":[{"floor":7,"key":"Bottled Lightning"},{"floor":8,"key":"Oddly Smooth Stone"}],"event_choices":[{"damage_healed":0,"gold_gain":0,"player_choice":"Donut","damage_taken":0,"max_hp_gain":5,"max_hp_loss":0,"event_name":"Big Fish","floor":4,"gold_loss":0}],"is_beta":false,"boss_relics":[],"items_purged_floors":[],"is_endless":false,"potions_floor_spawned":[2,5,15],"killed_by":"IC_STATUS_ARCHETYPE","ascension_level":0}}