{"host":"ws1rigs6jhqnf67d","time":1611671580,"event":{"mods":["100% Spire Juice","BaseMod","Friendly Minions","KinomotoSakuraMod(ƒæ÷Æ±æ”£)","Kiyohime£®«Âºß£©","Lobotomy","LobotomyExtend","Marisa£®ÏF”Í°°ƒß¿Ì…≥£©","Minty Spire (QoL Compilation)","Remilia£®¿Ÿ√◊¿Ú—«£©","StSLib","The Bug Knight","The Senshi","Youmu£®ªÍ∆«—˝√Œ£©","[IsaacMod]“‘»ˆº‚À˛"],"gold_per_floor":[117,128,139,158,170,197,197,232,232,244,272,284,323,335,347,436,448,480,510,536,548,560,906,918,930,942,970,992,622,641,641,641],"floor_reached":31,"language":"ZHS","playtime":1233,"items_purged":[],"score":817,"play_id":"67469a3c-7cbc-4258-93d2-c599ffe417ca","local_time":"20210126223300","is_ascension_mode":true,"campfire_choices":[{"data":"Apotheosis","floor":7,"key":"SMITH"},{"floor":15,"key":"REST"},{"floor":24,"key":"REST"}],"circlet_count":0,"master_deck":["SakuraCardTheShield+","SakuraCardTheSword+","AscendersBane","ClowCardTheSword","ClowCardTheSword","ClowCardTheSword","ClowCardTheShield","ClowCardTheShield","ClowCardTheShield","SpellCardSeal","SpellCardRelease","Apotheosis+1","ClowCardTheJump","ClowCardTheFight+1","ClowCardTheMove","ClowCardTheLight"],"relics":["KSMOD_SealedBook","KSMOD_SealedWand","HushsDoor","BookOfRevelations","LetterFromLob","HornCleat","HollowMod:PaleOreRelic","MawBank","Nunchaku","Black Star","Old Coin","Bird Faced Urn","Pocketwatch","Membership Card","Bag of Preparation","Blood Vial"],"acts_visited":["Exordium","TheCity"],"potions_floor_usage":[5,6,6,6,16,23,25,31],"damage_taken":[{"damage":2,"enemies":"Jaw Worm","floor":1,"turns":4},{"damage":7,"enemies":"Small Slimes","floor":2,"turns":5},{"damage":0,"enemies":"2 Louse","floor":3,"turns":4},{"damage":8,"enemies":"Blue Slaver","floor":4,"turns":4},{"damage":5,"enemies":"Gremlin Gang","floor":5,"turns":5},{"damage":0,"enemies":"Gremlin Nob","floor":6,"turns":3},{"damage":0,"enemies":"Lagavulin","floor":8,"turns":7},{"damage":0,"enemies":"3 Louse","floor":11,"turns":3},{"damage":32,"enemies":"3 Sentries","floor":13,"turns":11},{"damage":0,"enemies":"Hexaghost","floor":16,"turns":7},{"damage":17,"enemies":"2 Thieves","floor":18,"turns":3},{"damage":0,"enemies":"Chosen","floor":19,"turns":5},{"damage":10,"enemies":"Centurion and Healer","floor":20,"turns":4},{"damage":0,"enemies":"Book of Stabbing","floor":23,"turns":3},{"damage":17,"enemies":"Snecko","floor":25,"turns":4},{"damage":5,"enemies":"Shelled Parasite and Fungi","floor":27,"turns":4},{"damage":18,"enemies":"Sentry and Sphere","floor":28,"turns":6},{"damage":0,"enemies":"3 Cultists","floor":30,"turns":5},{"damage":36,"enemies":"Slavers","floor":31,"turns":3}],"seed_played":"-3218446659808017722","potions_obtained":[{"floor":1,"key":"Weak Potion"},{"floor":4,"key":"Fire Potion"},{"floor":5,"key":"EntropicBrew"},{"floor":13,"key":"Regen Potion"},{"floor":18,"key":"LiquidMemories"},{"floor":20,"key":"PowerPotion"}],"is_trial":false,"path_per_floor":["M","M","M","M","M","E","R","E","T","E","M","?","E","?","R","B",null,"M","M","M","?","?","E","R","M","T","M","M","$","M","E"],"character_chosen":"KINOMOTOSAKURA","items_purchased":["Membership Card","Bag of Preparation","Blood Vial","Regen Potion"],"campfire_rested":2,"item_purchase_floors":[29,29,29,29],"current_hp_per_floor":[57,50,50,42,37,37,37,37,37,37,37,37,5,5,22,37,54,37,37,27,11,24,24,43,26,26,23,7,7,11,0,0],"gold":641,"neow_bonus":"RANDOM_COLORLESS_2","is_daily":false,"chose_seed":false,"campfire_upgraded":1,"win_rate":0.0,"timestamp":1611671580,"path_taken":["M","M","M","M","M","E","R","E","T","E","M","?","E","?","R","BOSS","M","?","M","?","?","E","R","M","T","M","M","$","M","E"],"items_purchased_type":["Relic","Relic","Relic","Potion"],"build_version":"2020-12-22","purchased_purges":0,"victory":false,"max_hp_per_floor":[59,59,59,59,59,59,59,59,59,59,59,59,59,59,59,59,59,59,59,59,64,64,64,64,64,64,64,64,64,64,64,64],"card_choices":[{"not_picked":["Chrysalis","EpicFetus"],"picked":"Apotheosis","floor":0},{"not_picked":["ClowCardTheSand","ClowCardTheMist"],"picked":"ClowCardTheJump","floor":1},{"not_picked":["ClowCardTheIllusion","ClowCardTheMist","ClowCardTheSilent"],"picked":"SKIP","floor":2},{"not_picked":["ClowCardTheIllusion","ClowCardTheWindy"],"picked":"ClowCardTheFight","floor":3},{"not_picked":["ClowCardTheErase","ClowCardTheIllusion","ClowCardTheShot"],"picked":"SKIP","floor":4},{"not_picked":["ClowCardTheWood","ClowCardTheLock","ClowCardTheRain"],"picked":"SKIP","floor":5},{"not_picked":["ClowCardTheLock","ClowCardTheLibra","ClowCardTheSand"],"picked":"SKIP","floor":6},{"not_picked":["ClowCardTheLock","ClowCardTheSilent","ClowCardTheMaze"],"picked":"SKIP","floor":8},{"not_picked":["ClowCardTheSweet","ClowCardThePower","ClowCardTheGlow"],"picked":"SKIP","floor":11},{"not_picked":["ClowCardTheMirror","ClowCardTheFight"],"picked":"ClowCardTheMove","floor":13},{"not_picked":["ClowCardTheTwin","ClowCardTheDark"],"picked":"ClowCardTheLight","floor":16},{"not_picked":["ClowCardTheSnow","ClowCardTheLittle","ClowCardTheRain"],"picked":"SKIP","floor":18},{"not_picked":["ClowCardTheSand","ClowCardTheDream","ClowCardTheShadow"],"picked":"SKIP","floor":19},{"not_picked":["ClowCardTheWood+1","ClowCardTheGlow","ClowCardTheSilent"],"picked":"SKIP","floor":20},{"not_picked":["ClowCardTheRain","ClowCardTheArrow","ClowCardTheFly"],"picked":"SKIP","floor":23},{"not_picked":["ClowCardTheGlow","ClowCardTheSong","ClowCardTheMove"],"picked":"SKIP","floor":27},{"not_picked":["ClowCardTheMirror","ClowCardTheErase","ClowCardTheIllusion"],"picked":"SKIP","floor":28},{"not_picked":["ClowCardTheDream","ClowCardTheShadow","ClowCardTheWave+1"],"picked":"SKIP","floor":30}],"player_experience":894090,"relics_obtained":[{"floor":1,"key":"LetterFromLob"},{"floor":6,"key":"HornCleat"},{"floor":8,"key":"HollowMod:PaleOreRelic"},{"floor":9,"key":"MawBank"},{"floor":13,"key":"Nunchaku"},{"floor":23,"key":"Old Coin"},{"floor":23,"key":"Bird Faced Urn"},{"floor":26,"key":"Pocketwatch"}],"event_choices":[{"damage_healed":0,"gold_gain":0,"player_choice":"Grow","damage_taken":0,"max_hp_gain":0,"max_hp_loss":0,"event_name":"Living Wall","floor":12,"gold_loss":0,"cards_upgraded":["ClowCardTheFight"]},{"damage_healed":0,"gold_gain":0,"player_choice":"Ignored","damage_taken":0,"max_hp_gain":0,"max_hp_loss":0,"event_name":"Liars Game","floor":14,"gold_loss":0},{"damage_healed":0,"gold_gain":0,"player_choice":"Shed Blood","damage_taken":21,"max_hp_gain":5,"max_hp_loss":0,"event_name":"Forgotten Altar","floor":21,"gold_loss":0},{"damage_healed":13,"gold_gain":0,"player_choice":"Heal","damage_taken":0,"max_hp_gain":0,"max_hp_loss":0,"event_name":"The Library","floor":22,"gold_loss":0}],"is_beta":false,"boss_relics":[{"not_picked":["Tiny House","Runic Pyramid"],"picked":"Black Star"},{"not_picked":[]}],"items_purged_floors":[],"is_endless":false,"potions_floor_spawned":[1,4,5,13,18,20,25],"killed_by":"Slavers","ascension_level":19}}