{"host":"njb27ds59h4j3ikk","time":1611624481,"event":{"mods":["AchievementEnabler","BaseMod","Better Altar","Better Match","Better Note","Better Sensory Stone","Better Skull","Better Third Choice","BetterRewards","Downfall","Hermit","Hubris","Minty Spire (QoL Compilation)","Permanent Neow","Quarter Circle Forward PUNCH!","Quick Restart","Rare Cards Sparkle","Shop Mod","StSLib","Trackpad","Transform Curses"],"gold_per_floor":[112,127,127,141,158,333,358,358,373,384,384,418,431,447,447,550,550,566,581,95,195,520,520,546,556,606,623,635,646,675,686,486,584,584,595,607,624,634,53,87,87,208,258,158,177,80,80,130,130,130,130,130,130],"floor_reached":52,"language":"ENG","playtime":3087,"items_purged":[],"score":985,"play_id":"621d11d7-9750-44ad-9784-799a376a0603","local_time":"20210125202801","is_ascension_mode":false,"campfire_choices":[{"floor":11.0,"key":"REST"},{"floor":15.0,"key":"REST"},{"floor":23.0,"key":"RECALL"},{"floor":32.0,"key":"REST"},{"data":"hermit:Determination","floor":44,"key":"SMITH"},{"data":"hermit:FlashPowder","floor":47,"key":"SMITH"},{"data":"hermit:Showdown","floor":49,"key":"SMITH"}],"circlet_count":0,"master_deck":["hermit:Strike_Hermit","hermit:Strike_Hermit","hermit:Strike_Hermit","hermit:Defend_Hermit+1","hermit:Defend_Hermit","hermit:Defend_Hermit","hermit:Snapshot","hermit:Covet","Regret","hermit:DeadMansHand","hermit:EternalForm","hermit:Determination+1","hermit:Spite","hermit:FlashPowder+1","hermit:Headshot","Doubt","hermit:Brawl","hermit:Quickdraw","hermit:HighCaliber","hermit:Ricochet","hermit:Dive","hermit:Dissolve","hermit:Misfire+1","hermit:Ricochet+1","hermit:Desperado+1","Regret","hermit:FinalCanter","hermit:Manifest+1","hermit:Showdown+1","hermit:SprayPray","hermit:EyeOfTheStorm","hermit:Misfire+1","hermit:BlackWind","hermit:TrackingShot+1","hermit:Feint","hermit:NoHoldsBarred+1","Parasite","hermit:BigShot+1","hermit:Glare+1","hermit:ShadowCloak+1","hermit:Malice+1","hubris:DuctTapeCard","Doubt","hermit:Grudge","hermit:HoleUp+1","hermit:Coalescence","hermit:Cheat"],"relics":["hermit:Momento","hubris:Towel","qcfpunch:Broken_Tusk","Boot","Ginger","expansioncontent:StudyCardRelic","Lee\u0027s Waffle","Lantern","downfall:CloakOfManyFaces","CultistMask","FaceOfCleric","NlothsMask","GremlinMask","SsserpentHead","TungstenRod","downfall:HeartBlessingBlue","downfall:HeartBlessingRed","hermit:BartenderGlass","champ:Barbells","trackpad:ByrdBGone","Bronze Scales","hubris:DuctTape","trackpad:RapidFire","downfall:HeartBlessingGreen","ClockworkSouvenir","trackpad:Mousetrap"],"acts_visited":["Exordium","TheCity","TheBeyond","TheEnding"],"potions_floor_usage":[40,40,40,40,50,50,52,52,52,52],"damage_taken":[{"damage":6.0,"enemies":"2 Louse","floor":1.0,"turns":3.0},{"damage":10.0,"enemies":"Small Slimes","floor":2.0,"turns":4.0},{"damage":6.0,"enemies":"Jaw Worm","floor":4.0,"turns":3.0},{"damage":32.0,"enemies":"Large Slime","floor":5.0,"turns":6.0},{"damage":0.0,"enemies":"3 Louse","floor":9.0,"turns":2.0},{"damage":5.0,"enemies":"Large Slime","floor":10.0,"turns":5.0},{"damage":28.0,"enemies":"3 Sentries","floor":12.0,"turns":5.0},{"damage":1.0,"enemies":"Exordium Wildlife","floor":13.0,"turns":3.0},{"damage":3.0,"enemies":"2 Fungi Beasts","floor":14.0,"turns":3.0},{"damage":19.0,"enemies":"IC_STATUS_ARCHETYPE","floor":16.0,"turns":5.0},{"damage":40.0,"enemies":"3 Byrds","floor":18.0,"turns":6.0},{"damage":0.0,"enemies":"Spheric Guardian","floor":19.0,"turns":3.0},{"damage":5.0,"enemies":"downfall:FleeingMerchant","floor":20.0,"turns":4.0},{"damage":14.0,"enemies":"downfall:FaceTrader","floor":21.0,"turns":7.0},{"damage":9.0,"enemies":"Snake Plant","floor":25.0,"turns":3.0},{"damage":0.0,"enemies":"Sentry and Sphere","floor":27.0,"turns":3.0},{"damage":7.0,"enemies":"Shelled Parasite and Fungi","floor":28.0,"turns":4.0},{"damage":18.0,"enemies":"Snake Plant","floor":29.0,"turns":3.0},{"damage":23.0,"enemies":"Slavers","floor":30.0,"turns":3.0},{"damage":1.0,"enemies":"Cultist and Chosen","floor":31.0,"turns":5.0},{"damage":48.0,"enemies":"WA_ARCHETYPE_CALM","floor":33.0,"turns":10.0},{"damage":14.0,"enemies":"Orb Walker","floor":35.0,"turns":3.0},{"damage":16.0,"enemies":"3 Shapes","floor":36.0,"turns":4.0},{"damage":9.0,"enemies":"Jaw Worm Horde","floor":37.0,"turns":4.0},{"damage":17.0,"enemies":"Writhing Mass","floor":38.0,"turns":6.0},{"damage":5.0,"enemies":"downfall:FleeingMerchant","floor":39.0,"turns":4.0},{"damage":12,"enemies":"Reptomancer","floor":40,"turns":3},{"damage":2,"enemies":"Maw","floor":45,"turns":5},{"damage":6,"enemies":"downfall:FleeingMerchant","floor":46,"turns":3},{"damage":67,"enemies":"SI_POISON_ARCHETYPE","floor":50,"turns":7},{"damage":186,"enemies":"downfall:CharBossMerchant","floor":52,"turns":9}],"seed_played":"-9216107790925648416","potions_obtained":[{"floor":2.0,"key":"Block Potion"},{"floor":4.0,"key":"champ:CounterPotion"},{"floor":5.0,"key":"CultistPotion"},{"floor":13.0,"key":"SteroidPotion"},{"floor":16.0,"key":"PowerPotion"},{"floor":19.0,"key":"PowerPotion"},{"floor":21.0,"key":"champ:CounterPotion"},{"floor":27.0,"key":"Swift Potion"},{"floor":30.0,"key":"ColorlessPotion"},{"floor":31.0,"key":"Strength Potion"},{"floor":37.0,"key":"Fire Potion"},{"floor":45,"key":"Dexterity Potion"},{"floor":48,"key":"FairyPotion"},{"floor":48,"key":"SteroidPotion"}],"is_trial":false,"path_per_floor":["M","M","?","M","M","?","T","?","M","M","R","E","M","M","R","B",null,"M","M","$","?","?","R","T","M","?","M","M","M","E","M","R","B",null,"M","M","M","M","$","E","T","?","?","R","M","$","R","?","R","B",null,"E"],"character_chosen":"HERMIT","items_purchased":["Lee\u0027s Waffle","Sadistic Nature","Lantern","champ:Barbells","trackpad:ByrdBGone","hermit:ShadowCloak","Fire Potion","PowerPotion","ClockworkSouvenir","hermit:Coalescence","trackpad:Mousetrap","PowerPotion","hermit:Cheat"],"campfire_rested":3,"item_purchase_floors":[20,20,20,39,39,39,39,39,46,46,46,46,46],"current_hp_per_floor":[69,59,59,53,21,21,21,21,21,16,38,10,9,6,28,9,75,35,35,82,68,68,68,68,60,60,61,55,38,16,16,55,8,99,86,71,63,47,43,41,41,41,105,105,104,99,99,99,99,33,108,0,0],"gold":130,"neow_bonus":"TRANSFORM_TWO_CARDS","is_daily":false,"chose_seed":false,"campfire_upgraded":3,"win_rate":0.0,"timestamp":1611624481,"path_taken":["M","M","?","M","M","?","T","?","M","M","R","E","M","M","R","BOSS","M","M","$","?","?","R","T","M","?","M","M","M","E","M","R","BOSS","M","M","M","M","$","E","T","?","?","R","M","$","R","?","R","BOSS","E"],"items_purchased_type":["Relic","Card","Relic","Relic","Relic","Card","Potion","Potion","Relic","Card","Relic","Potion","Card"],"build_version":"2020-12-22","purchased_purges":0,"victory":false,"max_hp_per_floor":[75,75,75,75,75,75,75,75,75,75,75,75,75,75,75,75,75,75,75,82,82,82,82,82,83,83,84,85,86,87,88,98,99,99,100,101,102,103,104,105,105,105,105,105,106,107,107,107,107,108,108,113,113],"card_choices":[{"not_picked":["hermit:Ricochet","hermit:TrackingShot"],"picked":"hermit:Determination","floor":1.0},{"not_picked":["hermit:LoneWolf","hermit:Feint"],"picked":"hermit:Spite","floor":2.0},{"not_picked":["hermit:Glare","hermit:Combo"],"picked":"hermit:FlashPowder","floor":4.0},{"not_picked":["hermit:Glare","hermit:GhostlyPresence"],"picked":"hermit:Headshot","floor":5.0},{"not_picked":["hermit:GhostlyPresence","hermit:LowProfile"],"picked":"hermit:Brawl","floor":9.0},{"not_picked":["hermit:Gambit","hermit:HoleUp"],"picked":"hermit:Quickdraw","floor":10.0},{"not_picked":["hermit:GoldenBullet","hermit:LowProfile"],"picked":"hermit:HighCaliber","floor":12.0},{"not_picked":["hermit:Quickdraw","hermit:LowProfile"],"picked":"hermit:Ricochet","floor":13.0},{"not_picked":["hermit:Feint","hermit:FullyLoaded"],"picked":"hermit:Dive","floor":14.0},{"not_picked":["hermit:HighNoon","hermit:EternalForm"],"picked":"hermit:Dissolve","floor":16.0},{"not_picked":["hermit:Desperado","hermit:Coalescence"],"picked":"hermit:Misfire+1","floor":18.0},{"not_picked":["hermit:Deadeye","hermit:Roulette"],"picked":"hermit:Ricochet+1","floor":19.0},{"not_picked":["hermit:LowProfile","hermit:Malice"],"picked":"hermit:Gestalt+1","floor":20.0},{"not_picked":["hermit:Midnight","hermit:BodyArmor"],"picked":"hermit:Desperado+1","floor":21.0},{"not_picked":["hermit:FullyLoaded+1","hermit:Ricochet+1"],"picked":"hermit:FinalCanter","floor":25.0},{"not_picked":["hermit:CursedWeapon","hermit:LowProfile"],"picked":"hermit:Manifest+1","floor":27.0},{"not_picked":["hermit:Quickdraw","hermit:BigShot"],"picked":"hermit:Showdown","floor":28.0},{"not_picked":["hermit:Headshot","hermit:Manifest"],"picked":"hermit:SprayPray","floor":29.0},{"not_picked":["hermit:LowProfile","hermit:SprayPray"],"picked":"hermit:EyeOfTheStorm","floor":30.0},{"not_picked":["hermit:LowProfile","hermit:ItchyTrigger"],"picked":"hermit:Misfire+1","floor":31.0},{"not_picked":["hermit:HeroicBravado","hermit:FatalDesire"],"picked":"hermit:BlackWind","floor":33.0},{"not_picked":["hermit:Manifest+1","hermit:FullyLoaded+1"],"picked":"hermit:TrackingShot+1","floor":35.0},{"not_picked":["hermit:Misfire+1","hermit:Headshot"],"picked":"hermit:Feint","floor":36.0},{"not_picked":["hermit:Misfire","hermit:LowProfile+1"],"picked":"hermit:NoHoldsBarred","floor":37.0},{"not_picked":["hermit:TrackingShot+1","hermit:ItchyTrigger"],"picked":"hermit:BigShot+1","floor":38.0},{"not_picked":["hermit:HighCaliber+1","hermit:Misfire"],"picked":"hermit:Glare+1","floor":39.0},{"not_picked":["hermit:FullyLoaded+1","hermit:Feint"],"picked":"hermit:Malice+1","floor":40},{"not_picked":["hermit:CursedWeapon","hermit:GoldenBullet"],"picked":"hermit:Grudge","floor":45},{"not_picked":["hermit:Feint+1","hermit:CalledShot"],"picked":"hermit:HoleUp+1","floor":46}],"player_experience":1317710,"relics_obtained":[{"floor":7.0,"key":"qcfpunch:Broken_Tusk"},{"floor":12.0,"key":"Ginger"},{"floor":21.0,"key":"downfall:CloakOfManyFaces"},{"floor":30.0,"key":"TungstenRod"},{"floor":40,"key":"Bronze Scales"},{"floor":41,"key":"hubris:DuctTape"},{"floor":42,"key":"trackpad:RapidFire"}],"event_choices":[{"damage_healed":0,"gold_gain":0,"player_choice":"Got Potions","damage_taken":0,"max_hp_gain":0,"max_hp_loss":0,"event_name":"Lab","floor":48,"gold_loss":0}],"is_beta":false,"boss_relics":[{"not_picked":["qcfpunch:Killian_Engine_Alpha","trackpad:Coffee"],"picked":"expansioncontent:StudyCardRelic"},{"not_picked":["Sozu","hubris:TerracottaHorce"],"picked":"hermit:BartenderGlass"}],"items_purged_floors":[],"is_endless":false,"potions_floor_spawned":[2,4,5,13,14,16,19,21,27,30,31,37,45],"killed_by":"downfall:CharBossMerchant","ascension_level":0}}