{"host":"snn1c4qsf0fj7fzf","time":1611644396,"event":{"mods":["AchievementEnabler","Aspiration","Astrologer","BaseMod","Colored Powertips","Downfall","Hermit","Infinite Spire","Lobotomy","Marisa????????","Minty Spire (QoL Compilation)","Random Character Button","Rare Cards Sparkle","Reimu??????","Reliquary","Replay The Spire","Shop Mod","Spire Arcade","StSLib","The Administrix","The Cursed","The Gatherer","The Hierophant","The Poker Player","The Runesmith","Wandering Minibosses"],"gold_per_floor":[114,39,56,56,56,90,190,222,222,249,261,289,320,343,355,470,482,508,537,549,574,597,643,655,684,696,724,736,748,791,822,834,846,846],"floor_reached":33,"language":"ENG","playtime":4635,"items_purged":["Defend_P","Defend_P"],"score":384,"play_id":"5e4f80d6-ef72-40ba-999c-302bd5ace057","local_time":"20210126145956","is_ascension_mode":false,"campfire_choices":[{"data":"Eruption","floor":11,"key":"SMITH"},{"floor":15,"key":"REST"},{"floor":24,"key":"REST"},{"floor":32,"key":"DIG"}],"circlet_count":0,"master_deck":["Strike_P","Strike_P","Strike_P","Defend_P","Defend_P","Eruption+1","Vigilance","Replay:BluntJabs","PathToVictory","ReplayTheSpireMod:Book of Names","Replay:BluntJabs","BattleHymn","EmptyFist","Replay:ManipulateFuture","PathToVictory","Prostrate","LessonLearned","Prostrate","FlurryOfBlows+1","PathToVictory","JustLucky","JustLucky","PathToVictory+1"],"relics":["PureWater","aspiration:Nostalgia","FlyPower:ReiMu","InkBottle","Letter Opener","Strawberry","MawBank","aspiration:PoetsPen_weak","Mercury Hourglass","reliquary:Bookmark","aspiration:IroncladSkillbook","Bird Faced Urn","Eternal Feather"],"acts_visited":["Exordium","TheCity"],"potions_floor_usage":[8,18,19,30,33,33,33],"damage_taken":[{"damage":0,"enemies":"Cultist","floor":1,"turns":3},{"damage":0,"enemies":"Small Slimes","floor":3,"turns":4},{"damage":13,"enemies":"Gremlin Nob","floor":6,"turns":4},{"damage":21,"enemies":"3 Sentries","floor":8,"turns":8},{"damage":3,"enemies":"Gremlin Nob","floor":10,"turns":3},{"damage":0,"enemies":"2 Louse","floor":12,"turns":2},{"damage":9,"enemies":"2 Fungi Beasts","floor":13,"turns":2},{"damage":7,"enemies":"Lots of Slimes","floor":14,"turns":3},{"damage":0,"enemies":"Slime Boss","floor":16,"turns":4},{"damage":15,"enemies":"Shell Parasite","floor":18,"turns":3},{"damage":0,"enemies":"Spheric Guardian","floor":19,"turns":3},{"damage":17,"enemies":"Centurion and Healer","floor":21,"turns":4},{"damage":9,"enemies":"Snake Plant","floor":22,"turns":3},{"damage":17,"enemies":"Book of Stabbing","floor":23,"turns":4},{"damage":11,"enemies":"Shelled Parasite and Fungi","floor":25,"turns":3},{"damage":1,"enemies":"Sentry and Sphere","floor":27,"turns":3},{"damage":16,"enemies":"Replay:Snechameleon","floor":30,"turns":3},{"damage":3,"enemies":"Snecko","floor":31,"turns":3},{"damage":35,"enemies":"Automaton","floor":33,"turns":4}],"seed_played":"-8964031384844382575","potions_obtained":[{"floor":6,"key":"Block Potion"},{"floor":8,"key":"SpeedPotion"},{"floor":12,"key":"Energy Potion"},{"floor":14,"key":"Block Potion"},{"floor":16,"key":"LiquidBronze"},{"floor":18,"key":"StancePotion"},{"floor":21,"key":"BlessingOfTheForge"},{"floor":30,"key":"BlessingOfTheForge"}],"is_trial":false,"path_per_floor":["M","$","M","?","?","E","?","E","T","E","R","M","M","M","R","B",null,"M","M","$","M","M","E","R","M","T","M","AVR","?","E","M","R","B"],"character_chosen":"WATCHER","items_purchased":[],"campfire_rested":2,"item_purchase_floors":[],"current_hp_per_floor":[72,72,72,55,48,35,35,14,21,18,18,18,9,2,25,25,79,64,64,64,47,38,21,44,33,33,32,32,32,20,23,23,0,0],"gold":846,"neow_bonus":"NOSTALGIA","is_daily":false,"chose_seed":false,"campfire_upgraded":1,"win_rate":0.0,"timestamp":1611644396,"path_taken":["M","$","M","?","?","E","?","E","T","E","R","M","?","M","R","BOSS","M","?","$","M","M","E","R","M","T","M","AVR","?","E","M","R","BOSS"],"items_purchased_type":[],"build_version":"2020-12-22","purchased_purges":2,"victory":false,"max_hp_per_floor":[72,72,72,72,72,72,72,72,79,79,79,79,79,79,79,79,79,79,79,79,79,79,79,79,79,79,79,79,79,79,79,79,79,79],"card_choices":[{"not_picked":["Adaptation","JustLucky"],"picked":"Replay:BluntJabs","floor":1},{"not_picked":["Fasting2","WheelKick"],"picked":"PathToVictory","floor":3},{"not_picked":["infinitespire:Gouge","infinitespire:NeuralNetwork"],"picked":"ReplayTheSpireMod:Book of Names","floor":4},{"not_picked":["Adaptation","FlyingSleeves"],"picked":"Replay:BluntJabs","floor":6},{"not_picked":["JustLucky","CrushJoints"],"picked":"BattleHymn","floor":8},{"not_picked":["Omniscience","Replay:DivineShield"],"picked":"EmptyFist","floor":10},{"not_picked":["WreathOfFlame","Replay:Anticipation"],"picked":"Replay:ManipulateFuture","floor":12},{"not_picked":["CutThroughFate","FlyingSleeves"],"picked":"PathToVictory","floor":13},{"not_picked":["JustLucky","ThirdEye"],"picked":"Prostrate","floor":14},{"not_picked":["Blasphemy","Ragnarok"],"picked":"LessonLearned","floor":16},{"not_picked":["BattleHymn","CarveReality+1"],"picked":"Prostrate","floor":18},{"not_picked":["Weave+1","EmptyFist"],"picked":"FlurryOfBlows+1","floor":19},{"not_picked":["Evaluate","Pray+1"],"picked":"PathToVictory","floor":21},{"not_picked":["Evaluate","Conclude+1","CrushJoints"],"picked":"SKIP","floor":22},{"not_picked":["Crescendo","LessonLearned","EmptyFist"],"picked":"SKIP","floor":23},{"not_picked":["Crescendo","LessonLearned","EmptyFist"],"picked":"SKIP","floor":23},{"not_picked":["Replay:DivineShield","SashWhip"],"picked":"JustLucky","floor":25},{"not_picked":["Replay:ManipulateFuture","BowlingBash+1"],"picked":"JustLucky","floor":27},{"not_picked":["Bloodletting","Bludgeon","Perfected Strike+1","InnerPeace"],"picked":"SKIP","floor":30},{"not_picked":["Replay:BluntJabs","Armaments","CutThroughFate","Pommel Strike"],"picked":"SKIP","floor":31}],"player_experience":331430,"relics_obtained":[{"floor":6,"key":"InkBottle"},{"floor":8,"key":"Letter Opener"},{"floor":9,"key":"Strawberry"},{"floor":10,"key":"MawBank"},{"floor":23,"key":"Mercury Hourglass"},{"floor":30,"key":"Bird Faced Urn"},{"floor":32,"key":"Eternal Feather"}],"event_choices":[{"cards_removed":["Strike_P"],"damage_healed":0,"gold_gain":0,"player_choice":"Card Removal","damage_taken":7,"max_hp_gain":0,"max_hp_loss":0,"event_name":"Golden Wing","floor":5,"gold_loss":0},{"damage_healed":0,"gold_gain":100,"player_choice":"Pray","damage_taken":0,"max_hp_gain":0,"max_hp_loss":0,"event_name":"Golden Shrine","floor":7,"gold_loss":0},{"damage_healed":0,"gold_gain":0,"player_choice":"Copied","damage_taken":0,"max_hp_gain":0,"max_hp_loss":0,"event_name":"Duplicator","floor":29,"gold_loss":0,"cards_obtained":["PathToVictory"]}],"is_beta":false,"boss_relics":[{"not_picked":["Philosopher\u0027s Stone","aspiration:RitualDagger"],"picked":"aspiration:PoetsPen_weak"}],"items_purged_floors":[2,28],"is_endless":false,"potions_floor_spawned":[6,8,12,14,16,18,21,22,30,31],"killed_by":"Automaton","ascension_level":0}}