{"host":"cm56dopeulr50jn0","time":1611687960,"event":{"mods":["BaseMod","Bestiary","Better Match","Better Third Choice","Downfall","Minty Spire (QoL Compilation)","Relic Stats","StSLib"],"gold_per_floor":[116,126,144,163,175,187,187,187,201,211,111,36,36,62,62,161,161,161,179,11,24,38,57,82,110,122,154,176,215,241,271,301,416,428,340,368,390,23,23,129,156,13,30,40,40,90,120,120,131,131],"floor_reached":51,"language":"ENG","playtime":6733,"items_purged":["Regret"],"score":779,"play_id":"de79d599-81f4-4862-acfc-de9dcd9af9a3","local_time":"20210126110600","is_ascension_mode":false,"campfire_choices":[{"data":"bronze:Fortify","floor":8.0,"key":"SMITH"},{"floor":11.0,"key":"REST"},{"data":"bronze:Turbo","floor":13.0,"key":"SMITH"},{"data":"bronze:Allocate","floor":15.0,"key":"SMITH"},{"data":"bronze:Repair","floor":18.0,"key":"SMITH"},{"floor":35.0,"key":"RECALL"},{"data":"Apotheosis","floor":45,"key":"SMITH"}],"circlet_count":0,"master_deck":["bronze:Defend","bronze:Defend","bronze:Defend","bronze:Defend","bronze:Replicate","bronze:Goto","bronze:FollowUp","bronze:WildBeam","bronze:WildBeam","bronze:Fortify+1","bronze:Repulsor","bronze:Fortify","bronze:Repair+1","bronze:Turbo+1","bronze:Format+1","bronze:ForLoop+1","bronze:Allocate+1","bronze:AlphaBuild","bronze:FineTuning+1","bronze:Invalidate","bronze:Terminator","bronze:Shell","bronze:Philosophize","bronze:SpaghettiCode","bronze:CleanCode","bronze:ChildClass","bronze:ItsAFeature","bronze:ForLoop","bronze:TinkerersToolbox","bronze:FunctionCard","bronze:Iterate","bronze:Refactor+1","Apotheosis+1","bronze:MaxOutput","bronze:Flail","bronze:Repair+1","bronze:ShipIt"],"relics":["SlaversCollar","downfall:HeartBlessingBlue","Guardian:PocketSentry","bronze:MakeshiftBattery","Guardian:BottledAnomaly","Vajra","MawBank","Smiling Mask","Philosopher\u0027s Stone","downfall:HeartBlessingGreen","Potion Belt","OrangePellets","Bag of Preparation","Lee\u0027s Waffle","Ice Cream","Pantograph"],"acts_visited":["Exordium","TheCity","TheBeyond"],"potions_floor_usage":[49,50,50,50,50],"damage_taken":[{"damage":1.0,"enemies":"Cultist","floor":1.0,"turns":4.0},{"damage":0.0,"enemies":"Small Slimes","floor":2.0,"turns":4.0},{"damage":2.0,"enemies":"Jaw Worm","floor":3.0,"turns":3.0},{"damage":7.0,"enemies":"Lots of Slimes","floor":4.0,"turns":5.0},{"damage":2.0,"enemies":"2 Fungi Beasts","floor":5.0,"turns":3.0},{"damage":12.0,"enemies":"Lots of Slimes","floor":6.0,"turns":5.0},{"damage":8.0,"enemies":"Red Slaver","floor":9.0,"turns":5.0},{"damage":16.0,"enemies":"Exordium Wildlife","floor":10.0,"turns":5.0},{"damage":0.0,"enemies":"Gremlin Nob","floor":14.0,"turns":3.0},{"damage":26.0,"enemies":"IC_STATUS_ARCHETYPE","floor":16.0,"turns":8.0},{"damage":6.0,"enemies":"3 Byrds","floor":19.0,"turns":7.0},{"damage":0.0,"enemies":"downfall:FleeingMerchant","floor":20.0,"turns":4.0},{"damage":0.0,"enemies":"Snake Plant","floor":21.0,"turns":6.0},{"damage":6.0,"enemies":"Centurion and Healer","floor":22.0,"turns":9.0},{"damage":51.0,"enemies":"Sentry and Sphere","floor":23.0,"turns":8.0},{"damage":15.0,"enemies":"Slavers","floor":25.0,"turns":7.0},{"damage":27.0,"enemies":"Snake Plant","floor":27.0,"turns":5.0},{"damage":1.0,"enemies":"3 Cultists","floor":28.0,"turns":5.0},{"damage":20.0,"enemies":"Gremlin Leader","floor":29.0,"turns":7.0},{"damage":2.0,"enemies":"Centurion and Healer","floor":30.0,"turns":6.0},{"damage":18.0,"enemies":"Sentry and Sphere","floor":31.0,"turns":7.0},{"damage":3.0,"enemies":"Chosen and Byrds","floor":32.0,"turns":4.0},{"damage":15.0,"enemies":"WA_ARCHETYPE_CALM","floor":33.0,"turns":8.0},{"damage":59.0,"enemies":"3 Darklings","floor":36.0,"turns":13.0},{"damage":26.0,"enemies":"Orb Walker","floor":37.0,"turns":4.0},{"damage":3.0,"enemies":"downfall:FleeingMerchant","floor":38.0,"turns":4.0},{"damage":13,"enemies":"downfall:FleeingMerchant","floor":40,"turns":3},{"damage":23,"enemies":"Spire Growth","floor":43,"turns":5},{"damage":31,"enemies":"Writhing Mass","floor":44,"turns":10},{"damage":0,"enemies":"Writhing Mass","floor":46,"turns":4},{"damage":0,"enemies":"Giant Head","floor":47,"turns":8},{"damage":28,"enemies":"Transient","floor":49,"turns":5},{"damage":33,"enemies":"DF_ARCHETYPE_ORBS","floor":50,"turns":8}],"seed_played":"3798557767072943192","potions_obtained":[{"floor":1.0,"key":"sneckomod:MuddlingPotion"},{"floor":2.0,"key":"Weak Potion"},{"floor":5.0,"key":"Weak Potion"},{"floor":6.0,"key":"FearPotion"},{"floor":22.0,"key":"Regen Potion"},{"floor":23.0,"key":"Regen Potion"},{"floor":27.0,"key":"LiquidBronze"},{"floor":44,"key":"AttackPotion"},{"floor":47,"key":"Block Potion"},{"floor":49,"key":"sneckomod:MuddlingPotion"}],"is_trial":false,"path_per_floor":["M","M","M","M","M","M","T","R","M","M","R","?","R","E","R","B",null,"R","M","$","M","M","M","T","E","?","M","M","E","M","M","M","B",null,"R","M","M","$","?","$","T","$","M","M","R","?","E","?","M","B",null],"character_chosen":"THE_AUTOMATON","items_purchased":["Guardian:BottledAnomaly","Apotheosis","Potion Belt","OrangePellets","bronze:MaxOutput","Lee\u0027s Waffle"],"campfire_rested":1,"item_purchase_floors":[20,38,38,40,40,42],"current_hp_per_floor":[69,69,67,60,58,46,46,46,38,29,63,63,63,63,63,44,80,80,79,80,80,80,66,66,80,80,53,62,52,80,62,79,72,80,80,51,25,22,70,57,57,77,54,77,77,77,77,77,49,77],"gold":131,"neow_bonus":"BOSS_RELIC","is_daily":false,"chose_seed":false,"campfire_upgraded":5,"win_rate":0.0,"timestamp":1611687960,"path_taken":["M","M","M","M","M","M","T","R","M","?","R","?","R","E","R","BOSS","M","M","$","M","M","M","T","E","?","M","M","E","M","M","M","BOSS","R","M","M","?","?","$","T","?","?","M","R","?","E","?","M","BOSS"],"items_purchased_type":["Relic","Card","Relic","Relic","Card","Relic"],"build_version":"2020-12-22","purchased_purges":1,"victory":true,"max_hp_per_floor":[70,70,70,70,70,70,70,70,70,70,80,80,80,80,80,80,80,80,80,80,80,80,80,80,80,80,80,80,80,80,80,80,80,80,80,80,80,80,70,70,70,77,77,77,77,77,77,77,77,77],"relic_stats":{"OrangePellets":[9],"Lee\u0027s Waffle":20,"counters":[33,191],"Pantograph":25,"Bag of Preparation":[12],"MawBank":156,"Smiling Mask":25,"obtain_stats":[{"Potion Belt":38,"Ice Cream":46,"Lee\u0027s Waffle":42,"bronze:BronzeCore":0,"Vajra":24,"downfall:HeartBlessingGreen":35,"Guardian:PocketSentry":14,"Bag of Preparation":41,"MawBank":25,"Smiling Mask":29,"SlaversCollar":0,"OrangePellets":40,"downfall:HeartBlessingBlue":11,"Pantograph":47,"Philosopher\u0027s Stone":34,"Guardian:BottledAnomaly":20,"bronze:MakeshiftBattery":17},{"Potion Belt":26,"Ice Cream":30,"Lee\u0027s Waffle":27,"bronze:BronzeCore":0,"Vajra":15,"downfall:HeartBlessingGreen":23,"Guardian:PocketSentry":9,"Bag of Preparation":27,"MawBank":16,"Smiling Mask":19,"SlaversCollar":0,"OrangePellets":27,"downfall:HeartBlessingBlue":8,"Pantograph":31,"Philosopher\u0027s Stone":23,"Guardian:BottledAnomaly":12,"bronze:MakeshiftBattery":10},{"Potion Belt":148,"Ice Cream":170,"Lee\u0027s Waffle":151,"bronze:BronzeCore":0,"Vajra":78,"downfall:HeartBlessingGreen":127,"Guardian:PocketSentry":37,"Bag of Preparation":151,"MawBank":85,"Smiling Mask":102,"SlaversCollar":0,"OrangePellets":151,"downfall:HeartBlessingBlue":34,"Pantograph":178,"Philosopher\u0027s Stone":127,"Guardian:BottledAnomaly":56,"bronze:MakeshiftBattery":45}]},"card_choices":[{"not_picked":["bronze:ForceShield","bronze:MaxOutput"],"picked":"bronze:FollowUp","floor":1.0},{"not_picked":["bronze:Shield","bronze:Backtrace"],"picked":"bronze:WildBeam","floor":2.0},{"not_picked":["bronze:BitShift","bronze:Turbo"],"picked":"bronze:WildBeam","floor":3.0},{"not_picked":["bronze:BugBarrage","bronze:CutThrough"],"picked":"bronze:Fortify","floor":4.0},{"not_picked":["bronze:Boost","bronze:FineTuning"],"picked":"bronze:Repulsor","floor":5.0},{"not_picked":["bronze:Philosophize","bronze:WhirlingStrike"],"picked":"bronze:Fortify","floor":6.0},{"not_picked":["bronze:BugBarrage","bronze:RecursiveStrike"],"picked":"bronze:Repair","floor":9.0},{"not_picked":["bronze:WhirlingStrike","bronze:BugBarrage"],"picked":"bronze:Turbo","floor":10.0},{"not_picked":["bronze:HyperBeam+1","bronze:AlphaBuild+1"],"picked":"bronze:Format+1","floor":12.0},{"not_picked":["bronze:Repulsor+1","bronze:ItsAFeature+1"],"picked":"bronze:ForLoop+1","floor":12.0},{"not_picked":["bronze:Separator","bronze:Shield"],"picked":"bronze:Allocate","floor":14.0},{"not_picked":["bronze:HardenedForm","bronze:FindAndReplace"],"picked":"bronze:AlphaBuild","floor":16.0},{"not_picked":["bronze:Shield","bronze:Iterate"],"picked":"bronze:FineTuning+1","floor":19.0},{"not_picked":["bronze:Library","bronze:Constructor+1","bronze:Branch"],"picked":"SKIP","floor":20.0},{"not_picked":["bronze:Frontload","bronze:OilSpill","bronze:Branch"],"picked":"SKIP","floor":21.0},{"not_picked":["bronze:Frontload+1","bronze:CutThrough"],"picked":"bronze:Invalidate","floor":22.0},{"not_picked":["bronze:BuggyMess+1","bronze:Overheat"],"picked":"bronze:Terminator","floor":23.0},{"not_picked":["bronze:BronzeOrb","bronze:Branch"],"picked":"bronze:Shell","floor":25.0},{"not_picked":["bronze:OilSpill","bronze:BuggyMess"],"picked":"bronze:ChildClass","floor":27.0},{"not_picked":["bronze:Branch","bronze:BitShift"],"picked":"bronze:ItsAFeature","floor":28.0},{"not_picked":["bronze:FollowUp","bronze:ClassDefault","bronze:Safeguard"],"picked":"SKIP","floor":29.0},{"not_picked":["bronze:Constructor","bronze:Frontload"],"picked":"bronze:ForLoop","floor":30.0},{"not_picked":["bronze:OilSpill","bronze:DelayedGuard","bronze:InfiniteBeams+1"],"picked":"SKIP","floor":31.0},{"not_picked":["bronze:Return","bronze:Turbo"],"picked":"bronze:Hardcode","floor":32.0},{"not_picked":["bronze:AlphaBuild","bronze:FindAndReplace"],"picked":"bronze:TinkerersToolbox","floor":33.0},{"not_picked":["bronze:DelayedSlice+1","bronze:Overheat"],"picked":"bronze:Iterate","floor":36.0},{"not_picked":["bronze:BugBarrage+1","bronze:Deprecate","bronze:Repair"],"picked":"SKIP","floor":37.0},{"not_picked":["bronze:TinkerersToolbox","bronze:Fortify"],"picked":"bronze:Refactor+1","floor":38.0},{"not_picked":["bronze:Constructor","bronze:ChosenStrike","bronze:Deprecate"],"picked":"SKIP","floor":40},{"not_picked":["bronze:DelayedGuard","bronze:Branch"],"picked":"bronze:Flail","floor":43},{"not_picked":["bronze:Backtrace+1","bronze:WhirlingStrike"],"picked":"bronze:Repair+1","floor":44},{"not_picked":["bronze:FineTuning","bronze:Repair+1","bronze:BugBarrage"],"picked":"SKIP","floor":47},{"not_picked":["bronze:Backtrace+1","bronze:Invalidate","bronze:HyperBeam"],"picked":"SKIP","floor":49}],"player_experience":1432469,"relics_obtained":[{"floor":14.0,"key":"Guardian:PocketSentry"},{"floor":24.0,"key":"Vajra"},{"floor":25.0,"key":"MawBank"},{"floor":29.0,"key":"Smiling Mask"},{"floor":41,"key":"Bag of Preparation"},{"floor":46,"key":"Ice Cream"},{"floor":47,"key":"Pantograph"}],"event_choices":[{"damage_healed":0.0,"max_hp_gain":0.0,"max_hp_loss":0.0,"gold_gain":0.0,"event_name":"betterMatch:BetterMatch","player_choice":"2","floor":12.0,"gold_loss":0.0,"damage_taken":0.0,"cards_obtained":["betterMatch:RareCard","betterMatch:UncommonCard"]}],"is_beta":false,"boss_relics":[{"not_picked":["Runic Pyramid","Sozu"],"picked":"bronze:MakeshiftBattery"},{"not_picked":["Pandora\u0027s Box","Runic Dome"],"picked":"Philosopher\u0027s Stone"}],"items_purged_floors":[38],"is_endless":false,"potions_floor_spawned":[1,2,5,6,9,22,23,27,29,30,31,36,37,44,47,49],"ascension_level":0}}