{"host":"xkyjkr020mio9edy","time":1611647755,"event":{"mods":["AchievementEnabler","BaseMod","Card Forge","Clockwork Mod","Colored Map","Colored Powertips","Downfall","Glutton Mod","Gold Saver","Minty Spire (QoL Compilation)","Quick Restart","Replay The Spire","Shade Mod","StSLib","The Cursed","The Necromancer","TheHeartMod"],"gold_per_floor":[50115,49506,49522,49726,49726,49754,49754,49754,49800,49253,49297,48560,48560,48617,48617,48856,48856,48910,48185,48239,47634,47672,47672,47672,47766,47834,47834,47385,47385,47504,47504,47504,47729,47729,47790,47878,47878,47981,48062,48062,48126,48241,48241,48241,47604,47657,47106,47131,47131,47151,47151,47151,46913,46976,47111],"floor_reached":56,"language":"ENG","playtime":2766,"items_purged":[],"score":1738,"play_id":"56b6232f-7078-421e-9aba-91f620b3518e","local_time":"20210126025555","is_ascension_mode":false,"campfire_choices":[{"floor":8,"key":"REST"},{"floor":15,"key":"DIG"},{"floor":23,"key":"RECALL"},{"data":"Guardian:FierceBash","floor":27,"key":"SMITH"},{"data":"Guardian:Orbwalk","floor":32,"key":"SMITH"},{"data":"Guardian:RefractedBeam+5","floor":40,"key":"SMITH"},{"data":"Guardian:RefractedBeam+12","floor":44,"key":"SMITH"},{"data":"Guardian:FloatingOrbs","floor":49,"key":"SMITH"},{"data":"Guardian:Repulse","floor":52,"key":"SMITH"}],"circlet_count":0,"master_deck":["Guardian:Strike_Guardian","Guardian:Strike_Guardian","Guardian:Strike_Guardian","Guardian:Strike_Guardian","Guardian:Defend_Guardian+13","Guardian:Defend_Guardian","Guardian:Defend_Guardian","Guardian:CurlUp+1","Guardian:TwinSlam+1","Guardian:Gem_Cyan","Guardian:ConstructionForm+1","Guardian:BronzeArmor+1","Guardian:ArmoredProtocol+1","Guardian:Incinerate+1","Guardian:RefractedBeam+13","Guardian:CrystalBeam+1","Guardian:GemFinder+1","Guardian:FloatingOrbs+1","Dark Shackles+1","Defend_W+13","Guardian:Gem_Red","Guardian:RevengeProtocol+1","Guardian:Gem_Cyan","Guardian:CrystalBeam+1","Guardian:AncientConstruct+1","Guardian:Gem_Cyan","Guardian:Gem_Crimson","Guardian:Gem_Cyan","Guardian:Gem_Fragmented","Guardian:Gem_White","Guardian:FierceBash+1","Guardian:Gem_Lightblue","Guardian:ShieldCharger+1","Guardian:EvasiveProtocol+1","Guardian:Gem_Green","Guardian:Orbwalk+1","Guardian:Gem_Lightblue","Guardian:CompilePackage+1","Guardian:RollAttack+1","Guardian:Gem_Red","Guardian:Gem_Red","Guardian:Gem_Cyan","Guardian:Gem_Lightblue","Guardian:Gem_Red","Guardian:CrystalBeam+1","Guardian:ShieldCharger+1","Guardian:Gem_Lightblue","Guardian:CrystalBeam+1","Guardian:FloatingOrbs+1","Guardian:Repulse+1","Guardian:BronzeOrb+1","Guardian:TimeBomb+1","Guardian:TimeCapacitor+1"],"relics":["Guardian:ModeShifter","Hammer of Thor","Seething Fire","Anvil of the Gods","NeowsBlessing","Pen Nib","champ:DeflectingBracers","White Beast Statue","Tiny Chest","Replay:Bandana","Shuriken","Blue Doll","Matryoshka","OrangePellets","Guardian:StasisSlotReductionRelic","HandDrill","Bird Faced Urn","Omamori","ReplayFunnel","TheAbacus","Orichalcum","Garlic","Simple Rune","Mirror","Toxic Egg 2","Guardian:DefensiveModeMoreBlock","Juzu Bracelet","Lee\u0027s Waffle","Anchor","Nilry\u0027s Codex","Replay:Cursed D8","Replay:Kaleidoscope","Medical Kit","Gremlin Food","Darkstone Periapt","Pondfish Scales","Meat on the Bone","Pet Ghost","Membership Card","War Paint","Guardian:GemstoneGun","Bottled Lightning"],"acts_visited":["Exordium","TheCity","TheBeyond","TheEnding"],"potions_floor_usage":[16,16,18,20,25,33,38],"damage_taken":[{"damage":0,"enemies":"Cultist","floor":1,"turns":1},{"damage":0,"enemies":"Small Slimes","floor":3,"turns":1},{"damage":0,"enemies":"Gremlin Nob","floor":6,"turns":2},{"damage":5,"enemies":"2 Louse","floor":11,"turns":4},{"damage":0,"enemies":"2 Fungi Beasts","floor":14,"turns":5},{"damage":14,"enemies":"The Guardian","floor":16,"turns":8},{"damage":13,"enemies":"3 Byrds","floor":18,"turns":4},{"damage":10,"enemies":"2 Thieves","floor":20,"turns":4},{"damage":5,"enemies":"Centurion and Healer","floor":22,"turns":4},{"damage":10,"enemies":"Slavers","floor":25,"turns":4},{"damage":0,"enemies":"Replay:Snechameleon","floor":30,"turns":5},{"damage":0,"enemies":"Champ","floor":33,"turns":8},{"damage":0,"enemies":"3 Darklings","floor":35,"turns":5},{"damage":0,"enemies":"Orb Walker","floor":36,"turns":3},{"damage":0,"enemies":"Transient","floor":38,"turns":5},{"damage":0,"enemies":"Writhing Mass","floor":39,"turns":3},{"damage":8,"enemies":"4 Shapes","floor":41,"turns":3},{"damage":0,"enemies":"3 Darklings","floor":42,"turns":3},{"damage":5,"enemies":"R_Hoarder","floor":46,"turns":2},{"damage":0,"enemies":"Writhing Mass","floor":48,"turns":3},{"damage":0,"enemies":"Time Eater","floor":50,"turns":3},{"damage":0,"enemies":"Shield and Spear","floor":54,"turns":3},{"damage":0,"enemies":"NeowBoss","floor":55,"turns":4}],"seed_played":"8949948234233857973","potions_obtained":[{"floor":6,"key":"SpeedPotion"},{"floor":11,"key":"EssenceOfSteel"},{"floor":14,"key":"sneckomod:MuddlingPotion"},{"floor":16,"key":"Fire Potion"},{"floor":18,"key":"Fire Potion"},{"floor":20,"key":"Guardian:StasisDiscoveryPotion"},{"floor":22,"key":"BlessingOfTheForge"},{"floor":25,"key":"EssenceOfSteel"},{"floor":33,"key":"hexamod:SoulburnPotion"},{"floor":38,"key":"Swift Potion"}],"is_trial":false,"path_per_floor":["M","$","M","?","?","E","T","R","T","$","M","$","?","M","R_BF","B",null,"M","$","M","$","M","R","T","E","T","R","$","?","E","?","R","B",null,"M","M","T","M","M","R","M","M","T","R","$","E","$","M","R","B",null,"R","$","E","B",null],"character_chosen":"GUARDIAN","items_purchased":["Pen Nib","champ:DeflectingBracers","Guardian:ConstructionForm","Replay:Bandana","Shuriken","Guardian:RefractedBeam","Guardian:CrystalBeam","Guardian:Gem_Purple","Blue Doll","Matryoshka","OrangePellets","Guardian:FloatingOrbs","Dark Shackles","HandDrill","Bird Faced Urn","Guardian:AncientConstruct","Guardian:Gem_Cyan","Guardian:Gem_Crimson","Omamori","ReplayFunnel","TheAbacus","Guardian:Gem_Fragmented","Guardian:Gem_White","Guardian:FierceBash","Guardian:DefensiveModeMoreBlock","Juzu Bracelet","Lee\u0027s Waffle","Medical Kit","Gremlin Food","Darkstone Periapt","Guardian:FloatingOrbs","Meat on the Bone","Pet Ghost","Membership Card","War Paint","Guardian:GemstoneGun","Guardian:TimeBomb+1"],"campfire_rested":1,"item_purchase_floors":[2,2,2,10,10,10,10,10,12,12,12,12,12,19,19,19,19,19,21,21,21,21,21,21,28,28,28,45,45,45,45,47,47,47,53,53,53],"current_hp_per_floor":[80,80,80,48,32,32,32,56,56,56,51,51,51,51,51,37,80,67,67,65,65,64,64,64,60,60,60,87,87,87,71,71,87,87,87,87,87,87,87,87,79,87,87,87,87,82,82,87,87,87,87,87,87,87,87],"gold":47111,"neow_bonus":"THREE_ENEMY_KILL","is_daily":false,"chose_seed":false,"campfire_upgraded":6,"win_rate":0.0,"timestamp":1611647755,"path_taken":["M","$","?","?","?","E","?","R","T","?","M","$","?","M","R_BF","BOSS","M","$","M","$","?","R","?","E","T","R","?","?","E","?","R","BOSS","M","M","?","M","M","R","M","M","T","R","$","E","$","M","R","BOSS","R","$","E","BOSS"],"items_purchased_type":["Relic","Relic","Card","Relic","Relic","Card","Card","Card","Relic","Relic","Relic","Card","Card","Relic","Relic","Card","Card","Card","Relic","Relic","Relic","Card","Card","Card","Relic","Relic","Relic","Relic","Relic","Relic","Card","Relic","Relic","Relic","Relic","Relic","Card"],"build_version":"2020-12-22","purchased_purges":0,"victory":true,"max_hp_per_floor":[80,80,80,80,80,80,80,80,80,80,80,80,80,80,80,80,80,80,80,80,80,80,80,80,80,80,80,87,87,87,87,87,87,87,87,87,87,87,87,87,87,87,87,87,87,87,87,87,87,87,87,87,87,87,87],"card_choices":[{"not_picked":["Guardian:BodySlam","Guardian:Gem_Lightblue"],"picked":"Guardian:Gem_Cyan","floor":1},{"not_picked":["Guardian:Gem_Green","Guardian:Gem_Lightblue"],"picked":"Guardian:BronzeArmor","floor":3},{"not_picked":["Guardian:RollAttack","Guardian:Preprogram"],"picked":"Guardian:ArmoredProtocol","floor":4},{"not_picked":["Guardian:Preprogram","Guardian:MultiBeam"],"picked":"Guardian:Incinerate","floor":6},{"not_picked":["Guardian:Reroute","Guardian:TimeBomb"],"picked":"Guardian:GemFinder","floor":11},{"not_picked":["Guardian:Gem_Lightblue","Guardian:Gem_Cyan"],"picked":"Guardian:Gem_Red","floor":14},{"not_picked":["Guardian:Gem_Lightblue","Guardian:Gem_Cyan"],"picked":"Guardian:Gem_Red","floor":14},{"not_picked":["Guardian:Gem_Lightblue","Guardian:Gem_Cyan"],"picked":"Guardian:Gem_Red","floor":16},{"not_picked":["Guardian:StasisField","Guardian:GatlingBeam"],"picked":"Guardian:RevengeProtocol","floor":16},{"not_picked":["Guardian:Gem_Lightblue","Guardian:Gem_Green"],"picked":"Guardian:Gem_Cyan","floor":18},{"not_picked":["Guardian:RefractedBeam","Guardian:Gem_Cyan"],"picked":"Guardian:CrystalBeam","floor":18},{"not_picked":["Guardian:TemporalShield","Guardian:PiercingHide"],"picked":"Guardian:Gem_Cyan","floor":20},{"not_picked":["Guardian:Gem_Cyan","Guardian:Gem_Green"],"picked":"Guardian:Gem_Lightblue","floor":22},{"not_picked":["Guardian:Gem_Lightblue","Guardian:ShieldSpikes"],"picked":"Guardian:ShieldCharger+1","floor":22},{"not_picked":["Guardian:Gem_Lightblue","Guardian:Repulse+1"],"picked":"Guardian:EvasiveProtocol+1","floor":25},{"not_picked":["Guardian:Gem_Cyan","Guardian:Gem_Lightblue"],"picked":"Guardian:Gem_Green","floor":30},{"not_picked":["Guardian:Reroute","Guardian:Recover+1"],"picked":"Guardian:Orbwalk","floor":30},{"not_picked":["Guardian:Gem_Cyan","Guardian:Gem_Green"],"picked":"Guardian:Gem_Lightblue","floor":33},{"not_picked":["Guardian:SphericShield+1","Guardian:ConstructionForm"],"picked":"Guardian:CompilePackage+1","floor":33},{"not_picked":["Guardian:Gem_Cyan","Guardian:Suspension+1"],"picked":"Guardian:RollAttack","floor":35},{"not_picked":["Guardian:Gem_Cyan","Guardian:Gem_Green"],"picked":"Guardian:Gem_Red","floor":36},{"not_picked":["Guardian:Harden+1","Guardian:VentSteam+1"],"picked":"Guardian:Gem_Red","floor":36},{"not_picked":["Guardian:Gem_Green","Guardian:Gem_Red"],"picked":"Guardian:Gem_Cyan","floor":38},{"not_picked":["Guardian:PiercingHide+1","Guardian:TemporalShield+1"],"picked":"Guardian:Gem_Lightblue","floor":38},{"not_picked":["Guardian:Gem_Lightblue","Guardian:Gem_Green"],"picked":"Guardian:Gem_Red","floor":39},{"not_picked":["Guardian:Gem_Green","Guardian:PiercingHide+1"],"picked":"Guardian:CrystalBeam","floor":39},{"not_picked":["Guardian:ChargeCore","Guardian:FuturePlans+1"],"picked":"Guardian:ShieldCharger+1","floor":41},{"not_picked":["Guardian:Gem_Red","Guardian:Gem_Cyan"],"picked":"Guardian:Gem_Lightblue","floor":42},{"not_picked":["Guardian:Planning+1","Guardian:ShieldSpikes+1"],"picked":"Guardian:CrystalBeam+1","floor":42},{"not_picked":["Guardian:Recover+1","Guardian:Suspension+1"],"picked":"Guardian:Repulse","floor":46},{"not_picked":["Guardian:RefractedBeam","Guardian:PrimingBeam"],"picked":"Guardian:BronzeOrb+1","floor":48},{"not_picked":["Guardian:TemporalShield+1","Guardian:Repulse+1"],"picked":"Guardian:TimeCapacitor+1","floor":54}],"player_experience":131189,"relics_obtained":[{"floor":6,"key":"White Beast Statue"},{"floor":9,"key":"Tiny Chest"},{"floor":24,"key":"Orichalcum"},{"floor":24,"key":"Garlic"},{"floor":25,"key":"Simple Rune"},{"floor":26,"key":"Mirror"},{"floor":26,"key":"Toxic Egg 2"},{"floor":30,"key":"Anchor"},{"floor":31,"key":"Nilry\u0027s Codex"},{"floor":37,"key":"Replay:Kaleidoscope"},{"floor":46,"key":"Pondfish Scales"},{"floor":54,"key":"Bottled Lightning"}],"event_choices":[{"damage_healed":0,"gold_gain":0,"player_choice":"Entered Light","damage_taken":16,"max_hp_gain":0,"max_hp_loss":0,"event_name":"Shining Light","floor":5,"gold_loss":0,"cards_upgraded":["Guardian:Strike_Guardian","Guardian:Strike_Guardian"]},{"cards_removed":["Guardian:Defend_Guardian"],"damage_healed":0,"gold_gain":0,"player_choice":"Took Card","damage_taken":0,"max_hp_gain":0,"max_hp_loss":0,"event_name":"NoteForYourself","floor":13,"gold_loss":0,"cards_obtained":["Defend_W"]},{"damage_healed":0,"gold_gain":0,"player_choice":"Obtained Book","damage_taken":16,"max_hp_gain":0,"max_hp_loss":0,"event_name":"Cursed Tome","floor":31,"gold_loss":0}],"is_beta":false,"boss_relics":[{"not_picked":["Philosopher\u0027s Stone","Empty Cage"],"picked":"Guardian:StasisSlotReductionRelic"},{"not_picked":["SacredBark","Snecko Eye"],"picked":"Replay:Cursed D8"}],"items_purged_floors":[],"is_endless":false,"potions_floor_spawned":[6,11,14,16,18,20,22,25,30,33,35,36,38,39,41,42,46,48,54],"ascension_level":0}}