{"host":"lxihx0b6awoz2w1j","time":1611686485,"event":{"mods":["Act Like it!","Ascension Reborn","BaseMod","Better Third Choice","BetterRewards","CapriCore","Colored Powertips","Conspire","Downfall","Fox Events","Gensokyo","Hermit","Hubris","Infinite Spire","JesterMod","Luminous","Marisa????????","Melee Mod","Minty Spire (QoL Compilation)","Permanent Neow","Prisma Mod","Quick Restart","Relic Stats","Reliquary","Replay The Spire","Shade Mod","Spicy Shops","StSLib","Td1madao Mod","The Alterego","The Blue Laboratory","The Construct","The Cursed","The Death Knight","The Disciple","The Forsaken","The Gatherer","The Immortal","The Jungle","The Marked","The Mystic","The Runesmith","The Senshi","The Servant 0.9.4","The Spell Scribe","Waifu the Spire"],"gold_per_floor":[48,124,124,124,139,139,139],"floor_reached":6,"language":"ENG","playtime":295,"items_purged":[],"score":34,"play_id":"6f11962e-7e14-4256-9a7f-013a5a3d168d","local_time":"20210126194125","is_ascension_mode":false,"campfire_choices":[],"circlet_count":0,"master_deck":["DeathKnight:Strike_DeathKnight","DeathKnight:Strike_DeathKnight","DeathKnight:Strike_DeathKnight","DeathKnight:Strike_DeathKnight","DeathKnight:Strike_DeathKnight","DeathKnight:Defend_DeathKnight","DeathKnight:Defend_DeathKnight","DeathKnight:Defend_DeathKnight","DeathKnight:Defend_DeathKnight","DeathKnight:Defend_DeathKnight","DeathKnight:RuneTap","DeathKnight:RuneStrike","DeathKnight:HartStrike","DeathKnight:FesteringStrike","DeathKnight:FoulBulwark"],"relics":["DeathKnight:BrokenRuneblade","CaptainsWheel","conspire:TopHat","Blood Vial","Strange Spoon","Golden Idol"],"acts_visited":["Exordium"],"potions_floor_usage":[6],"damage_taken":[{"damage":2,"enemies":"Small Slimes","floor":1,"turns":4},{"damage":0,"enemies":"2 Louse","floor":5,"turns":3},{"damage":28,"enemies":"3 Sentries","floor":6,"turns":6}],"seed_played":"846717323901402983","potions_obtained":[{"floor":1,"key":"Strength Potion"}],"is_trial":false,"path_per_floor":["M","?","?","?","M","E"],"character_chosen":"DEATH_KNIGHT","items_purchased":["conspire:TopHat","Blood Vial","Strange Spoon","DeathKnight:HartStrike"],"campfire_rested":0,"item_purchase_floors":[0,0,0,0],"current_hp_per_floor":[59,59,41,41,43,17,17],"gold":139,"neow_bonus":"","is_daily":false,"chose_seed":false,"campfire_upgraded":0,"win_rate":0.0,"timestamp":1611686485,"path_taken":["M","?","?","?","M","E"],"items_purchased_type":["Relic","Relic","Relic","Card"],"build_version":"2020-12-22","purchased_purges":0,"victory":false,"max_hp_per_floor":[75,75,75,75,75,75,75],"relic_stats":{"Blood Vial":6,"Strange Spoon":[0],"counters":[11,40],"Golden Idol":3,"obtain_stats":[{"Blood Vial":0,"Strange Spoon":0,"CaptainsWheel":0,"DeathKnight:TomeOfBloodSpecialization":8,"Golden Idol":3,"Bronze Scales":9,"DeathKnight:CorpseWagon":6,"hubris:Towel":4,"DeathKnight:BrokenRuneblade":0,"conspire:TopHat":0},{"Blood Vial":8,"Strange Spoon":8,"CaptainsWheel":8,"DeathKnight:TomeOfBloodSpecialization":4,"Golden Idol":9,"Bronze Scales":4,"DeathKnight:CorpseWagon":4,"hubris:Towel":3,"DeathKnight:BrokenRuneblade":0,"conspire:TopHat":8},{"Blood Vial":27,"Strange Spoon":27,"CaptainsWheel":27,"DeathKnight:TomeOfBloodSpecialization":13,"Golden Idol":31,"Bronze Scales":13,"DeathKnight:CorpseWagon":13,"hubris:Towel":9,"DeathKnight:BrokenRuneblade":0,"conspire:TopHat":27}]},"card_choices":[{"not_picked":["DeathKnight:HartStrike","DeathKnight:DeathGrip"],"picked":"DeathKnight:FesteringStrike","floor":1},{"not_picked":["DeathKnight:DeathGrip","DeathKnight:MindFreeze"],"picked":"DeathKnight:FoulBulwark","floor":5}],"player_experience":669518,"relics_obtained":[],"event_choices":[{"damage_healed":0,"gold_gain":76,"player_choice":"Gained Gold","damage_taken":0,"max_hp_gain":0,"max_hp_loss":0,"event_name":"Golden Wing","floor":2,"gold_loss":0},{"damage_healed":0,"gold_gain":0,"player_choice":"Take Damage","damage_taken":18,"relics_obtained":["Golden Idol"],"max_hp_gain":0,"max_hp_loss":0,"event_name":"Golden Idol","floor":3,"gold_loss":0}],"is_beta":false,"boss_relics":[],"items_purged_floors":[],"is_endless":false,"potions_floor_spawned":[1],"killed_by":"3 Sentries","ascension_level":0}}