{"host":"kag8mfq4or8nkqb2","time":1611700990,"event":{"mods":["2.2 Compatiblity","BaseMod","Colored Map","Colored Powertips","Downfall","Minty Spire (QoL Compilation)","Relic Stats","StSLib"],"gold_per_floor":[99,99,99,549,549,581,607,637,537,600,600,72,72,83,95,197,197,197,207,222,27,27,27,27,12,12,37,57,57,92,92,104,205,205,105,125,139,157,17,72,72,282,293,308,340,240,290,290,306,306,306,306],"floor_reached":50,"language":"ENG","playtime":9955,"items_purged":["downfall:Icky","downfall:Icky","hexamod:Sear","hexamod:Strike"],"score":849,"play_id":"6a85d2e2-d436-40f0-a8bd-786e234caf9e","local_time":"20210126224310","is_ascension_mode":true,"campfire_choices":[{"data":"hexamod:Float","floor":1.0,"key":"SMITH"},{"data":"hexamod:NightmareGuise","floor":9.0,"key":"SMITH"},{"floor":11.0,"key":"REST"},{"data":"hexamod:FastForward","floor":13.0,"key":"SMITH"},{"data":"hexamod:HexaLevel","floor":18.0,"key":"SMITH"},{"floor":23.0,"key":"RECALL"},{"data":"hexamod:SpectralAdrenaline","floor":29.0,"key":"SMITH"},{"data":"hexamod:GhostOfSpireFuture","floor":35.0,"key":"SMITH"},{"floor":46.0,"key":"REST"}],"circlet_count":0,"master_deck":["hexamod:Strike","hexamod:Strike+1","hexamod:Defend","hexamod:Defend","hexamod:Defend","hexamod:Defend","hexamod:Float+1","hexamod:EmpoweredFlame","hexamod:StepThrough","hexamod:NightmareGuise+1","hexamod:GhostOfSpireFuture+1","hexamod:SwordOfDarkness+1","hexamod:FastForward+1","hexamod:ForkedFlame+1","hexamod:SpectralAdrenaline+1","hexamod:EtherealExpedition","hexamod:HexaLevel+1","hexamod:SwordOfDarkness+1","hexamod:SwordOfDarkness+1","hexamod:GhostOfSpireFuture","hexamod:FastForward+1","hexamod:ForkedFlame+1","hexamod:AdvancingGuard","hexamod:ShieldOfDarkness","hexamod:GiftsFromTheDead","hexamod:AdvancingGuard+1","hexamod:InspiringFlames+1","hexamod:FastForward+1","hexamod:ShieldOfDarkness+1","hexamod:FastForward+1"],"relics":["hexamod:SpiritBrand","downfall:HeartsMalice","Oddly Smooth Stone","Lantern","Molten Egg 2","downfall:HeartBlessingGreen","Bottled Tornado","FossilizedHelix","hexamod:IceCube","Bronze Scales","Torii","Omamori","sneckomod:SneckoTalon","downfall:HeartBlessingRed","TungstenRod","Ornamental Fan","downfall:HeartBlessingBlue","Prayer Wheel"],"acts_visited":["Exordium","TheCity","TheBeyond"],"potions_floor_usage":[50,50,50],"damage_taken":[{"damage":0.0,"enemies":"Jaw Worm","floor":3.0,"turns":1.0},{"damage":0.0,"enemies":"Small Slimes","floor":5.0,"turns":1.0},{"damage":0.0,"enemies":"3 Sentries","floor":6.0,"turns":1.0},{"damage":45.0,"enemies":"Gremlin Nob","floor":8.0,"turns":6.0},{"damage":15.0,"enemies":"Lagavulin Event","floor":10.0,"turns":7.0},{"damage":0.0,"enemies":"downfall:FleeingMerchant","floor":12.0,"turns":4.0},{"damage":0.0,"enemies":"2 Louse","floor":14.0,"turns":2.0},{"damage":0.0,"enemies":"Exordium Thugs","floor":15.0,"turns":4.0},{"damage":0.0,"enemies":"SI_SHIV_ARCHETYPE","floor":16.0,"turns":6.0},{"damage":0.0,"enemies":"Spheric Guardian","floor":19.0,"turns":4.0},{"damage":8.0,"enemies":"Snecko","floor":20.0,"turns":5.0},{"damage":0.0,"enemies":"downfall:FleeingMerchant","floor":21.0,"turns":4.0},{"damage":0.0,"enemies":"downfall:FleeingMerchant","floor":25.0,"turns":4.0},{"damage":0.0,"enemies":"Slavers","floor":27.0,"turns":5.0},{"damage":0.0,"enemies":"Shelled Parasite and Fungi","floor":28.0,"turns":5.0},{"damage":0.0,"enemies":"Book of Stabbing","floor":30.0,"turns":4.0},{"damage":0.0,"enemies":"Centurion and Healer","floor":32.0,"turns":4.0},{"damage":31.0,"enemies":"DF_ARCHETYPE_CLAW","floor":33.0,"turns":8.0},{"damage":0.0,"enemies":"3 Shapes","floor":36.0,"turns":3.0},{"damage":12.0,"enemies":"3 Darklings","floor":37.0,"turns":5.0},{"damage":0.0,"enemies":"Sphere and 2 Shapes","floor":38.0,"turns":6.0},{"damage":0.0,"enemies":"downfall:FleeingMerchant","floor":39.0,"turns":4.0},{"damage":0.0,"enemies":"2 Orb Walkers","floor":40.0,"turns":5.0},{"damage":0.0,"enemies":"downfall:FleeingMerchant","floor":42.0,"turns":1.0},{"damage":17.0,"enemies":"Jaw Worm Horde","floor":43.0,"turns":4.0},{"damage":0.0,"enemies":"4 Shapes","floor":44.0,"turns":7.0},{"damage":15.0,"enemies":"Reptomancer","floor":45.0,"turns":7.0},{"damage":0.0,"enemies":"Reptomancer","floor":47.0,"turns":7.0},{"damage":0.0,"enemies":"3 Darklings","floor":49.0,"turns":4.0},{"damage":52,"enemies":"IC_BLOCK_ARCHETYPE","floor":50,"turns":7}],"seed_played":"324465111227716689","potions_obtained":[{"floor":6.0,"key":"Fire Potion"},{"floor":8.0,"key":"DuplicationPotion"},{"floor":15.0,"key":"EssenceOfSteel"},{"floor":26.0,"key":"hexamod:EctoCoolerPotion"},{"floor":26.0,"key":"Strength Potion"},{"floor":27.0,"key":"FearPotion"}],"is_trial":false,"path_per_floor":["R","?","M","?","M","E","T","E","R","?","R","$","R","M","M","B",null,"R","M","M","$","?","R","T","$","?","E","M","R","E","?","M","B",null,"R","M","M","M","$","?","T","$","M","M","E","R","?","?","M","B"],"character_chosen":"THE_SPIRIT","items_purchased":["hexamod:ForkedFlame+1","FossilizedHelix","hexamod:GhostOfSpireFuture"],"campfire_rested":2,"item_purchase_floors":[12,12,21],"current_hp_per_floor":[70,70,70,70,70,70,70,25,25,10,31,31,31,31,31,31,60,60,60,52,52,44,44,44,44,44,44,44,44,44,44,44,13,56,56,56,44,44,44,44,44,44,27,27,12,46,46,46,46,0,0,0],"gold":306,"neow_bonus":"THREE_ENEMY_KILL","is_daily":false,"chose_seed":false,"campfire_upgraded":6,"win_rate":0.0,"timestamp":1611700990,"path_taken":["R","?","M","?","M","E","T","E","R","?","R","$","R","M","M","BOSS","R","M","M","$","?","R","T","?","?","E","?","R","E","?","M","BOSS","R","M","M","M","$","?","T","$","M","M","E","R","?","?","M","BOSS"],"items_purchased_type":["Card","Relic","Card"],"build_version":"2020-12-22","purchased_purges":4,"victory":false,"max_hp_per_floor":[70,70,70,70,70,70,70,70,70,70,70,70,70,70,70,70,70,70,70,70,70,70,70,70,70,70,70,70,70,70,70,70,70,70,70,70,70,70,70,70,70,70,70,70,70,80,80,80,80,80,80,80],"relic_stats":{"Torii":6,"counters":[30,132],"Ornamental Fan":[8],"Bronze Scales":[253],"Prayer Wheel":1,"obtain_stats":[{"Lantern":7,"Torii":27,"downfall:HeartBlessingRed":35,"Oddly Smooth Stone":6,"downfall:HeartsMalice":0,"downfall:HeartBlessingGreen":9,"Omamori":30,"Bottled Tornado":10,"sneckomod:SneckoTalon":34,"Ornamental Fan":45,"downfall:HeartBlessingBlue":46,"Bronze Scales":24,"Molten Egg 2":8,"Prayer Wheel":47,"hexamod:SpiritBrand":0,"FossilizedHelix":12,"hexamod:IceCube":17,"TungstenRod":40},{"Lantern":3,"Torii":14,"downfall:HeartBlessingRed":18,"Oddly Smooth Stone":3,"downfall:HeartsMalice":0,"downfall:HeartBlessingGreen":4,"Omamori":16,"Bottled Tornado":5,"sneckomod:SneckoTalon":18,"Ornamental Fan":27,"downfall:HeartBlessingBlue":27,"Bronze Scales":12,"Molten Egg 2":4,"Prayer Wheel":28,"hexamod:SpiritBrand":0,"FossilizedHelix":6,"hexamod:IceCube":9,"TungstenRod":23},{"Lantern":0,"Torii":51,"downfall:HeartBlessingRed":72,"Oddly Smooth Stone":0,"downfall:HeartsMalice":0,"downfall:HeartBlessingGreen":6,"Omamori":60,"Bottled Tornado":13,"sneckomod:SneckoTalon":72,"Ornamental Fan":114,"downfall:HeartBlessingBlue":114,"Bronze Scales":42,"Molten Egg 2":6,"Prayer Wheel":121,"hexamod:SpiritBrand":0,"FossilizedHelix":17,"hexamod:IceCube":29,"TungstenRod":95}],"TungstenRod":5},"card_choices":[{"not_picked":["hexamod:ThermalTransfer","hexamod:SpectralSpark"],"picked":"hexamod:EmpoweredFlame","floor":3.0},{"not_picked":["hexamod:CatchUp","hexamod:RecurringNightmare"],"picked":"hexamod:StepThrough","floor":5.0},{"not_picked":["hexamod:NightmareStrike","hexamod:RecurringNightmare"],"picked":"hexamod:NightmareGuise","floor":6.0},{"not_picked":["hexamod:ShieldOfDarkness","hexamod:FlamesFromBeyond"],"picked":"hexamod:GhostOfSpireFuture","floor":8.0},{"not_picked":["hexamod:ThirdSeal","hexamod:Again"],"picked":"hexamod:SwordOfDarkness+1","floor":10.0},{"not_picked":["hexamod:GhostLash+1","hexamod:NightmareGuise"],"picked":"hexamod:FastForward","floor":12.0},{"not_picked":["hexamod:Firestarter+1","hexamod:NightmareStrike+1"],"picked":"hexamod:SpectralAdrenaline","floor":14.0},{"not_picked":["hexamod:HeatCrush+1","hexamod:GhostLash+1"],"picked":"hexamod:EtherealExpedition","floor":15.0},{"not_picked":["hexamod:WildfireWeapon","hexamod:SearingWound"],"picked":"hexamod:HexaLevel","floor":16.0},{"not_picked":["hexamod:GhostLash+1","hexamod:NightmareStrike+1"],"picked":"hexamod:SwordOfDarkness+1","floor":19.0},{"not_picked":["hexamod:ThermalTransfer+1","hexamod:GhostOfSpirePast","hexamod:HeatMetal+1"],"picked":"SKIP","floor":20.0},{"not_picked":["hexamod:FastForward+1","hexamod:FirstSeal"],"picked":"hexamod:SwordOfDarkness+1","floor":21.0},{"not_picked":["hexamod:Toasty+1","hexamod:SpectersWail+1"],"picked":"hexamod:FastForward+1","floor":25.0},{"not_picked":["hexamod:RetreatToShadows","hexamod:GhostShield+1"],"picked":"hexamod:ForkedFlame+1","floor":27.0},{"not_picked":["hexamod:HeatMetal+1","hexamod:EmpoweredFlame+1"],"picked":"hexamod:AdvancingGuard","floor":28.0},{"not_picked":["hexamod:StepThrough+1","hexamod:HauntingEcho+1"],"picked":"hexamod:ShieldOfDarkness","floor":30.0},{"not_picked":["hexamod:GhostOfSpirePast","hexamod:EmpoweredFlame","hexamod:GhostShield"],"picked":"SKIP","floor":32.0},{"not_picked":["hexamod:FlameSwitch","hexamod:GhostOfSpirePresent"],"picked":"hexamod:GiftsFromTheDead","floor":33.0},{"not_picked":["hexamod:SuperheatedStrike+1","hexamod:SpectersWail+1","hexamod:FourthSeal"],"picked":"SKIP","floor":36.0},{"not_picked":["hexamod:BurningTouch","hexamod:SuperheatedStrike+1"],"picked":"hexamod:AdvancingGuard+1","floor":37.0},{"not_picked":["hexamod:Firestarter+1","hexamod:FastForward","hexamod:FourthSeal"],"picked":"SKIP","floor":38.0},{"not_picked":["hexamod:GhostShield+1","hexamod:GhostflameInferno","hexamod:NightmareGuise+1"],"picked":"SKIP","floor":39.0},{"not_picked":["hexamod:EmpoweredFlame","hexamod:AdvancingGuard+1"],"picked":"hexamod:InspiringFlames+1","floor":40.0},{"not_picked":["hexamod:BacktrackSmack+1","hexamod:AdvancingGuard+1"],"picked":"hexamod:FastForward+1","floor":42.0},{"not_picked":["hexamod:InspiringFlames","hexamod:HeatMetal+1","hexamod:GhostLash+1"],"picked":"SKIP","floor":43.0},{"not_picked":["hexamod:SpectersWail+1","hexamod:FifthSeal"],"picked":"hexamod:ShieldOfDarkness+1","floor":44.0},{"not_picked":["hexamod:InspiringFlames+1","hexamod:SpectralAdrenaline+1","hexamod:GhostLash+1"],"picked":"SKIP","floor":45.0},{"not_picked":["hexamod:NightmareStrike+1","hexamod:AdvancingGuard+1"],"picked":"hexamod:FastForward+1","floor":49.0},{"not_picked":["hexamod:BacktrackSmack+1","hexamod:GhostflameBarrier+1","hexamod:GiftsFromTheDead"],"picked":"SKIP","floor":49.0}],"player_experience":1071433,"relics_obtained":[{"floor":6.0,"key":"Oddly Smooth Stone"},{"floor":7.0,"key":"Lantern"},{"floor":8.0,"key":"Molten Egg 2"},{"floor":10.0,"key":"Bottled Tornado"},{"floor":24.0,"key":"Bronze Scales"},{"floor":27.0,"key":"Torii"},{"floor":30.0,"key":"Omamori"},{"floor":40.0,"key":"TungstenRod"},{"floor":45.0,"key":"Ornamental Fan"},{"floor":47.0,"key":"Prayer Wheel"}],"event_choices":[{"cards_removed":["hexamod:Strike"],"damage_healed":0.0,"max_hp_gain":0.0,"max_hp_loss":0.0,"gold_gain":0.0,"event_name":"The Cleric","player_choice":"Card Removal","floor":2.0,"gold_loss":0.0,"damage_taken":0.0},{"damage_healed":0.0,"max_hp_gain":0.0,"max_hp_loss":0.0,"gold_gain":0.0,"event_name":"Lab","player_choice":"Got Potions","floor":26.0,"gold_loss":0.0,"damage_taken":0.0},{"damage_healed":0.0,"max_hp_gain":0.0,"max_hp_loss":0.0,"gold_gain":0.0,"event_name":"Mysterious Sphere","player_choice":"Fight","floor":40.0,"gold_loss":0.0,"damage_taken":0.0}],"is_beta":false,"boss_relics":[{"not_picked":["Black Star","bronze:MakeshiftBattery"],"picked":"hexamod:IceCube"},{"not_picked":["expansioncontent:StudyCardRelic","hexamod:UnbrokenSoul"],"picked":"sneckomod:SneckoTalon"}],"items_purged_floors":[12,21,39,42],"is_endless":false,"potions_floor_spawned":[6,8,15,27,30,40,43,44,47,49],"killed_by":"IC_BLOCK_ARCHETYPE","ascension_level":5}}