{"host":"ifd7sfhtlbe34qll","time":1611619627,"event":{"mods":["2.2 Compatiblity","Act Like it!","BaseMod","Block Reminder","Colored Map","Curses Come First","Highlight Path","Minty Spire (QoL Compilation)","Potion Indicator Mod","Quick Restart","Random Character Button","Relic Stats","StSLib"],"gold_per_floor":[118,193,118,118,30,61,61,87,87,97,97,123,123,135,135,135,135],"floor_reached":16,"language":"ENG","playtime":399,"items_purged":[],"score":332,"play_id":"7ab03b37-f1e6-4e7e-92aa-0deab2457ba3","local_time":"20210125180707","is_ascension_mode":true,"campfire_choices":[{"data":"Bash","floor":7,"key":"SMITH"},{"data":"Carnage","floor":11,"key":"SMITH"},{"data":"Disarm","floor":13,"key":"SMITH"},{"data":"Hemokinesis","floor":15,"key":"SMITH"}],"circlet_count":0,"master_deck":["AscendersBane","Strike_R","Strike_R","Strike_R","Defend_R","Defend_R","Defend_R","Defend_R","Bash+1","Headbutt","Disarm+1","Twin Strike","Carnage+1","Hemokinesis+1","Blood for Blood","Armaments"],"relics":["Burning Blood","NeowsBlessing","MealTicket","Art of War","Potion Belt","PreservedInsect"],"acts_visited":["Exordium"],"potions_floor_usage":[12,16],"damage_taken":[{"damage":0,"enemies":"Small Slimes","floor":1,"turns":1},{"damage":0,"enemies":"Lagavulin","floor":6,"turns":1},{"damage":0,"enemies":"3 Sentries","floor":8,"turns":2},{"damage":9,"enemies":"2 Louse","floor":10,"turns":3},{"damage":34,"enemies":"Gremlin Nob","floor":12,"turns":4},{"damage":7,"enemies":"Jaw Worm","floor":14,"turns":3},{"damage":38,"enemies":"Hexaghost","floor":16,"turns":9}],"seed_played":"-7645897750557046224","potions_obtained":[{"floor":1,"key":"SkillPotion"},{"floor":6,"key":"CultistPotion"},{"floor":10,"key":"EssenceOfSteel"}],"is_trial":false,"path_per_floor":["M","?","?","?","$","E","R","E","T","M","R","E","R","M","R","B"],"character_chosen":"IRONCLAD","items_purchased":["Disarm"],"campfire_rested":0,"item_purchase_floors":[5],"current_hp_per_floor":[74,63,63,56,56,62,62,68,68,65,65,37,37,36,36,0,0],"gold":135,"neow_bonus":"THREE_ENEMY_KILL","is_daily":false,"chose_seed":false,"campfire_upgraded":4,"win_rate":0.0,"timestamp":1611619627,"path_taken":["M","?","?","?","?","E","R","E","T","?","R","E","R","M","R","BOSS"],"items_purchased_type":["Card"],"build_version":"2020-12-22","purchased_purges":0,"victory":false,"max_hp_per_floor":[75,75,75,75,75,75,75,75,75,75,75,75,75,75,75,75,75],"relic_stats":{"counters":[7,23],"MealTicket":0,"PreservedInsect":0,"Art of War":[0],"obtain_stats":[{"Potion Belt":9,"NeowsBlessing":0,"MealTicket":6,"PreservedInsect":12,"Art of War":8,"Burning Blood":0},{"Potion Belt":3,"NeowsBlessing":0,"MealTicket":2,"PreservedInsect":5,"Art of War":3,"Burning Blood":0},{"Potion Belt":4,"NeowsBlessing":0,"MealTicket":2,"PreservedInsect":11,"Art of War":4,"Burning Blood":0}],"Burning Blood":36},"card_choices":[{"not_picked":["Rupture","Body Slam"],"picked":"Headbutt","floor":1},{"not_picked":["Combust","Warcry"],"picked":"Twin Strike","floor":6},{"not_picked":["Warcry","Whirlwind"],"picked":"Carnage","floor":8},{"not_picked":["Flex","Clothesline"],"picked":"Hemokinesis","floor":10},{"not_picked":["Dark Embrace","Juggernaut"],"picked":"Blood for Blood","floor":12},{"not_picked":["Wild Strike","Sever Soul"],"picked":"Armaments","floor":14}],"player_experience":1451801,"relics_obtained":[{"floor":6,"key":"MealTicket"},{"floor":8,"key":"Art of War"},{"floor":9,"key":"Potion Belt"},{"floor":12,"key":"PreservedInsect"}],"event_choices":[{"damage_healed":0,"gold_gain":75,"player_choice":"Gather Gold","damage_taken":11,"max_hp_gain":0,"max_hp_loss":0,"event_name":"World of Goop","floor":2,"gold_loss":0},{"cards_removed":["Strike_R"],"damage_healed":0,"gold_gain":0,"player_choice":"Card Removal","damage_taken":0,"max_hp_gain":0,"max_hp_loss":0,"event_name":"The Cleric","floor":3,"gold_loss":75},{"cards_removed":["Strike_R"],"damage_healed":0,"gold_gain":0,"player_choice":"Card Removal","damage_taken":7,"max_hp_gain":0,"max_hp_loss":0,"event_name":"Golden Wing","floor":4,"gold_loss":0}],"is_beta":false,"boss_relics":[],"items_purged_floors":[],"is_endless":false,"potions_floor_spawned":[1,6,8,10],"killed_by":"Hexaghost","ascension_level":20}}