{"host":"x205naxbihvu3p76","time":1611678429,"event":{"mods":["AchievementEnabler","BaseMod","Minty Spire (QoL Compilation)","StSLib","SuperFastMode"],"gold_per_floor":[116,27,27,47,47,73,73,101,101,101,131,145,156,206,206,285,285,300,311,75,86,101,132,145,145,219,219,219,117,117,132,132,207,207,225,245,245,245,120,120,133,145,172,172,172,172,190,200,200,200,200,200],"floor_reached":51,"language":"KOR","playtime":1272,"items_purged":["Strike_B","Strike_B"],"score":1304,"play_id":"145dbbba-1ffb-468e-9e77-420d124b029f","local_time":"20210127012709","is_ascension_mode":true,"campfire_choices":[{"data":"Sunder","floor":7,"key":"SMITH"},{"floor":10,"key":"REST"},{"floor":15,"key":"REST"},{"data":"Dualcast","floor":28,"key":"SMITH"},{"floor":30,"key":"REST"},{"floor":32,"key":"REST"},{"floor":40,"key":"REST"},{"data":"White Noise","floor":46,"key":"SMITH"},{"data":"Coolheaded","floor":49,"key":"SMITH"}],"circlet_count":0,"master_deck":["AscendersBane","Defend_B","Defend_B","Defend_B","Defend_B+1","Zap+1","Dualcast+1","Sunder+1","Hello World+1","Echo Form+1","Leap+1","Hologram+1","Ball Lightning+1","BootSequence","Ball Lightning","White Noise+1","Creative AI+1","Glacier","Chill","Coolheaded+1","FTL"],"relics":["Cracked Core","NeowsBlessing","Frozen Egg 2","War Paint","DataDisk","Sozu","ClockworkSouvenir","Sundial","Meat on the Bone","Busted Crown","Anchor"],"acts_visited":["Exordium","TheCity","TheBeyond"],"potions_floor_usage":[23,23],"damage_taken":[{"damage":0,"enemies":"Jaw Worm","floor":1,"turns":1},{"damage":0,"enemies":"Small Slimes","floor":4,"turns":1},{"damage":0,"enemies":"Gremlin Nob","floor":6,"turns":1},{"damage":35,"enemies":"Lagavulin","floor":8,"turns":7},{"damage":9,"enemies":"2 Louse","floor":12,"turns":2},{"damage":7,"enemies":"Lots of Slimes","floor":13,"turns":3},{"damage":17,"enemies":"Slime Boss","floor":16,"turns":6},{"damage":3,"enemies":"Spheric Guardian","floor":18,"turns":3},{"damage":18,"enemies":"2 Thieves","floor":19,"turns":4},{"damage":2,"enemies":"Snecko","floor":21,"turns":4},{"damage":19,"enemies":"Shelled Parasite and Fungi","floor":22,"turns":4},{"damage":9,"enemies":"Gremlin Leader","floor":23,"turns":5},{"damage":9,"enemies":"Snake Plant","floor":24,"turns":4},{"damage":10,"enemies":"Cultist and Chosen","floor":31,"turns":6},{"damage":56,"enemies":"Collector","floor":33,"turns":8},{"damage":17,"enemies":"Orb Walker","floor":35,"turns":3},{"damage":22,"enemies":"3 Darklings","floor":36,"turns":9},{"damage":3,"enemies":"Transient","floor":41,"turns":6},{"damage":35,"enemies":"Maw","floor":42,"turns":9},{"damage":0,"enemies":"4 Shapes","floor":47,"turns":5},{"damage":1,"enemies":"Sphere and 2 Shapes","floor":48,"turns":6},{"damage":51,"enemies":"Time Eater","floor":50,"turns":14},{"damage":23,"enemies":"Donu and Deca","floor":51,"turns":5}],"seed_played":"-9064089946234207709","potions_obtained":[{"floor":6,"key":"FocusPotion"},{"floor":12,"key":"Strength Potion"}],"is_trial":false,"path_per_floor":["M","$","?","M","$","E","R","E","T","R","?","M","M","?","R","B",null,"M","M","$","M","M","E","M","?","T","$","R","$","R","M","R","B",null,"M","M","?","?","$","R","M","M","T","?","?","R","M","M","R","B","B"],"character_chosen":"DEFECT","items_purchased":["Sunder","ClockworkSouvenir","Ball Lightning","White Noise","Coolheaded"],"campfire_rested":5,"item_purchase_floors":[2,20,29,29,39],"current_hp_per_floor":[64,64,57,57,57,57,57,22,22,43,43,34,27,27,48,31,61,58,40,40,38,19,10,1,15,15,15,15,15,36,38,59,15,57,40,30,30,30,30,51,48,25,25,58,58,58,58,57,57,18,0,0],"gold":200,"neow_bonus":"THREE_ENEMY_KILL","is_daily":false,"chose_seed":false,"campfire_upgraded":4,"win_rate":0.0,"timestamp":1611678429,"path_taken":["M","$","?","M","$","E","R","E","T","R","?","M","M","?","R","BOSS","M","M","$","M","M","E","?","?","T","$","R","$","R","M","R","BOSS","M","M","?","?","$","R","M","M","T","?","?","R","M","M","R","BOSS","BOSS"],"items_purchased_type":["Card","Relic","Card","Card","Card"],"build_version":"2020-12-22","purchased_purges":2,"victory":false,"max_hp_per_floor":[71,71,71,71,71,71,71,71,71,71,71,71,71,71,71,71,71,71,71,71,71,71,71,71,71,71,71,71,71,71,71,71,71,71,71,71,71,71,71,71,71,71,71,58,58,58,58,58,58,58,58,58],"card_choices":[{"not_picked":["Rebound","Tempest","Skim"],"picked":"SKIP","floor":1},{"not_picked":["Sunder","Streamline","Leap"],"picked":"SKIP","floor":4},{"not_picked":["Undo","Reprogram"],"picked":"Hello World+1","floor":6},{"not_picked":["Barrage","Hologram","Steam Power"],"picked":"SKIP","floor":8},{"not_picked":["Streamline","Leap","Rebound"],"picked":"SKIP","floor":12},{"not_picked":["Aggregate","Go for the Eyes"],"picked":"Echo Form+1","floor":13},{"not_picked":["Streamline","Redo"],"picked":"Leap+1","floor":18},{"not_picked":["Recycle","Conserve Battery"],"picked":"Hologram+1","floor":19},{"not_picked":["Rebound","Go for the Eyes"],"picked":"Ball Lightning+1","floor":21},{"not_picked":["Barrage","Steam","Sunder"],"picked":"SKIP","floor":22},{"not_picked":["Reprogram","Consume+1","Sweeping Beam"],"picked":"SKIP","floor":23},{"not_picked":["Blizzard","Ball Lightning"],"picked":"BootSequence","floor":24},{"not_picked":["Streamline+1","Recycle+1"],"picked":"Creative AI+1","floor":31},{"not_picked":[],"picked":"Glacier","floor":35},{"not_picked":[],"picked":"Chill","floor":36},{"not_picked":["Stack+1"],"picked":"SKIP","floor":41},{"not_picked":[],"picked":"FTL","floor":42},{"not_picked":["Cold Snap"],"picked":"SKIP","floor":47},{"not_picked":["Steam"],"picked":"SKIP","floor":48}],"player_experience":1001135,"relics_obtained":[{"floor":6,"key":"Frozen Egg 2"},{"floor":8,"key":"War Paint"},{"floor":9,"key":"DataDisk"},{"floor":23,"key":"Sundial"},{"floor":26,"key":"Meat on the Bone"},{"floor":43,"key":"Anchor"}],"event_choices":[{"cards_removed":["Strike_B"],"damage_healed":0,"gold_gain":0,"player_choice":"Card Removal","damage_taken":7,"max_hp_gain":0,"max_hp_loss":0,"event_name":"Golden Wing","floor":3,"gold_loss":0},{"damage_healed":0,"gold_gain":30,"player_choice":"Searched \u00272\u0027 times","damage_taken":0,"max_hp_gain":0,"max_hp_loss":0,"event_name":"Dead Adventurer","floor":11,"gold_loss":0},{"damage_healed":0,"gold_gain":50,"player_choice":"Pray","damage_taken":0,"max_hp_gain":0,"max_hp_loss":0,"event_name":"Golden Shrine","floor":14,"gold_loss":0},{"damage_healed":14,"gold_gain":0,"player_choice":"Heal","damage_taken":0,"max_hp_gain":0,"max_hp_loss":0,"event_name":"The Library","floor":25,"gold_loss":0},{"damage_healed":0,"gold_gain":0,"player_choice":"Ignored","damage_taken":0,"max_hp_gain":0,"max_hp_loss":0,"event_name":"Mysterious Sphere","floor":37,"gold_loss":0},{"damage_healed":0,"gold_gain":0,"player_choice":"Ignored","damage_taken":0,"max_hp_gain":0,"max_hp_loss":0,"event_name":"Tomb of Lord Red Mask","floor":38,"gold_loss":0},{"damage_healed":58,"gold_gain":0,"player_choice":"Heal","damage_taken":0,"max_hp_gain":0,"max_hp_loss":13,"event_name":"The Moai Head","floor":44,"gold_loss":0},{"cards_removed":["Strike_B"],"damage_healed":0,"gold_gain":0,"player_choice":"Offered Basic","damage_taken":0,"max_hp_gain":0,"max_hp_loss":0,"event_name":"Bonfire Elementals","floor":45,"gold_loss":0}],"is_beta":false,"boss_relics":[{"not_picked":["Runic Dome","Runic Pyramid"],"picked":"Sozu"},{"not_picked":["Black Star","SacredBark"],"picked":"Busted Crown"}],"items_purged_floors":[20,39],"is_endless":false,"potions_floor_spawned":[6,12,13,18,22,23,33,42,47,48],"killed_by":"Donu and Deca","ascension_level":20}}