{"host":"qy1e0kd24tpj3i2m","time":1611681478,"event":{"mods":["Act Like it!","Alarm Clock","BaseMod","Better Skull","Better Vampires","Colored Map","Colored Powertips","Custom Start","Faster Ascension Climbing","Friendly Minions","GifTheSpireLib","Gremlin Skip","Highlight Path","Minty Spire (QoL Compilation)","Permanent Neow","Poor People Problems","Quick Restart","Red Circlet Mod","Relic Filter Mod","Relic Sorter","Reorder Act Four","SacredBarkPlus","Shop Mod","StSLib","SuperFastMode","Transform Curses","没有小屋子和绿帽子啦"],"gold_per_floor":[118,118,130,130,52,75,86,86,86,121,121,135,60,60,60,138,138,151,168,118,133,33,33,33,33,115,115,148,148,148,178,178,252,252,262,262,278,16,16,41,56,56,56,74,74,74],"floor_reached":45,"language":"ZHS","playtime":1630,"items_purged":["Strike_R","Strike_R","Defend_R"],"score":979,"play_id":"5dc182aa-f2f2-4655-bd92-e2d06508cb83","local_time":"20210127021758","is_ascension_mode":true,"campfire_choices":[{"data":"Body Slam","floor":8.0,"key":"SMITH"},{"data":"Bludgeon","floor":15.0,"key":"SMITH"},{"data":"True Grit","floor":23.0,"key":"SMITH"},{"data":"Rage","floor":25.0,"key":"SMITH"},{"data":"Double Tap","floor":27.0,"key":"SMITH"},{"data":"Demon Form","floor":32.0,"key":"SMITH"},{"floor":42.0,"key":"RECALL"}],"circlet_count":0,"master_deck":["AscendersBane","Defend_R","Dark Embrace+1","Ghostly Armor","Body Slam+1","Rage+1","Bludgeon+1","Ghostly Armor","Double Tap+1","Entrench+1","True Grit+1","Sword Boomerang+1","Wild Strike","Demon Form+1"],"relics":["Burning Blood","Torii","White Beast Statue","Vajra","Meat on the Bone","Busted Crown","InkBottle","FossilizedHelix","CeramicFish","Velvet Choker","MerchantsRug","Happy Flower"],"acts_visited":["Exordium","TheCity","TheBeyond"],"potions_floor_usage":[45],"damage_taken":[{"damage":7.0,"enemies":"Cultist","floor":1.0,"turns":4.0},{"damage":1.0,"enemies":"2 Louse","floor":3.0,"turns":4.0},{"damage":2.0,"enemies":"Jaw Worm","floor":7.0,"turns":4.0},{"damage":52.0,"enemies":"Lagavulin","floor":10.0,"turns":10.0},{"damage":3.0,"enemies":"Gremlin Gang","floor":12.0,"turns":6.0},{"damage":54.0,"enemies":"The Guardian","floor":16.0,"turns":15.0},{"damage":1.0,"enemies":"3 Byrds","floor":18.0,"turns":6.0},{"damage":22.0,"enemies":"Shell Parasite","floor":19.0,"turns":5.0},{"damage":1.0,"enemies":"Snecko","floor":21.0,"turns":6.0},{"damage":14.0,"enemies":"Book of Stabbing","floor":28.0,"turns":4.0},{"damage":60.0,"enemies":"Slavers","floor":31.0,"turns":6.0},{"damage":27.0,"enemies":"Champ","floor":33.0,"turns":11.0},{"damage":0.0,"enemies":"Orb Walker","floor":35.0,"turns":3.0},{"damage":0.0,"enemies":"3 Darklings","floor":37.0,"turns":5.0},{"damage":15.0,"enemies":"Giant Head","floor":40.0,"turns":6.0},{"damage":0.0,"enemies":"Transient","floor":41.0,"turns":6.0},{"damage":56.0,"enemies":"Jaw Worm Horde","floor":44.0,"turns":4.0},{"damage":30,"enemies":"Nemesis","floor":45,"turns":6}],"seed_played":"-8548829268953572878","potions_obtained":[{"floor":3.0,"key":"Weak Potion"},{"floor":7.0,"key":"BloodPotion"},{"floor":10.0,"key":"LiquidMemories"},{"floor":12.0,"key":"Explosive Potion"},{"floor":16.0,"key":"Fire Potion"},{"floor":18.0,"key":"Dexterity Potion"},{"floor":19.0,"key":"BlessingOfTheForge"},{"floor":21.0,"key":"Ancient Potion"},{"floor":28.0,"key":"Regen Potion"},{"floor":31.0,"key":"BloodPotion"},{"floor":33.0,"key":"ElixirPotion"},{"floor":35.0,"key":"GamblersBrew"},{"floor":37.0,"key":"Strength Potion"},{"floor":40.0,"key":"Energy Potion"},{"floor":41.0,"key":"DuplicationPotion"},{"floor":44.0,"key":"Fire Potion"}],"is_trial":false,"path_per_floor":["M","?","M","?","$","T","M","R","T","E","?","M","$","?","R","B",null,"M","M","?","M","$","R","$","R","T","R","E","?","?","E","R","B",null,"M","?","M","$","?","E","M","R","T","M","E"],"character_chosen":"IRONCLAD","items_purchased":["Rage","MerchantsRug","Evolve"],"campfire_rested":0,"item_purchase_floors":[5,38,38],"current_hp_per_floor":[49,49,54,43,43,43,47,47,47,16,16,31,31,31,31,39,66,71,55,55,60,60,60,60,60,60,60,52,52,52,25,40,31,64,70,70,75,75,75,66,72,72,72,34,4,4],"gold":74,"neow_bonus":"ONE_RARE_RELIC","is_daily":false,"chose_seed":false,"campfire_upgraded":6,"win_rate":0.0,"timestamp":1611681478,"path_taken":["M","?","?","?","$","?","?","R","T","E","?","M","$","?","R","BOSS","M","?","?","M","$","R","?","R","T","R","E","?","?","E","R","BOSS","M","?","?","$","?","E","M","R","T","M","E"],"items_purchased_type":["Card","Relic","Card"],"build_version":"2020-12-22","purchased_purges":3,"victory":false,"max_hp_per_floor":[75,75,75,75,75,75,75,75,75,75,75,75,75,75,75,75,75,75,75,75,75,75,75,75,75,75,75,75,75,75,75,75,75,75,75,75,75,75,75,75,75,75,75,75,75,75],"card_choices":[{"not_picked":["Thunderclap","Anger"],"picked":"Dark Embrace","floor":1.0},{"not_picked":["Clothesline","Wild Strike"],"picked":"Body Slam","floor":3.0},{"not_picked":["Sever Soul","Pummel","Heavy Blade"],"picked":"SKIP","floor":7.0},{"not_picked":["Thunderclap","Battle Trance"],"picked":"Bludgeon","floor":10.0},{"not_picked":["Twin Strike","Anger","Heavy Blade"],"picked":"SKIP","floor":12.0},{"not_picked":["Feed","Offering"],"picked":"Double Tap","floor":16.0},{"not_picked":[],"picked":"Entrench+1","floor":18.0},{"not_picked":["Intimidate"],"picked":"SKIP","floor":19.0},{"not_picked":[],"picked":"True Grit","floor":21.0},{"not_picked":[],"picked":"Sword Boomerang+1","floor":28.0},{"not_picked":["Searing Blow"],"picked":"SKIP","floor":31.0},{"not_picked":["Sword Boomerang"],"picked":"SKIP","floor":35.0},{"not_picked":["Warcry"],"picked":"SKIP","floor":37.0},{"not_picked":["Dark Embrace"],"picked":"SKIP","floor":40.0},{"not_picked":["Intimidate"],"picked":"SKIP","floor":41.0},{"not_picked":["Dark Embrace"],"picked":"SKIP","floor":44.0}],"player_experience":950862,"relics_obtained":[{"floor":6.0,"key":"Vajra"},{"floor":9.0,"key":"Lizard Tail"},{"floor":10.0,"key":"Meat on the Bone"},{"floor":26.0,"key":"InkBottle"},{"floor":28.0,"key":"FossilizedHelix"},{"floor":31.0,"key":"CeramicFish"},{"floor":40.0,"key":"Happy Flower"}],"event_choices":[{"damage_healed":0.0,"max_hp_gain":0.0,"max_hp_loss":0.0,"gold_gain":0.0,"cards_transformed":["Bash"],"event_name":"Transmorgrifier","player_choice":"Transformed","floor":2.0,"gold_loss":0.0,"damage_taken":0.0,"cards_obtained":["Ghostly Armor"]},{"damage_healed":0.0,"max_hp_gain":0.0,"max_hp_loss":0.0,"gold_gain":0.0,"event_name":"Scrap Ooze","player_choice":"Success","floor":4.0,"gold_loss":0.0,"damage_taken":11.0,"relics_obtained":["White Beast Statue"]},{"damage_healed":0.0,"max_hp_gain":0.0,"max_hp_loss":0.0,"gold_gain":0.0,"cards_transformed":["Defend_R"],"event_name":"Living Wall","player_choice":"Change","floor":11.0,"gold_loss":0.0,"damage_taken":0.0,"cards_obtained":["Ghostly Armor"]},{"damage_healed":0.0,"max_hp_gain":0.0,"max_hp_loss":0.0,"gold_gain":0.0,"event_name":"Designer","player_choice":"Upgrade","floor":20.0,"gold_loss":50.0,"damage_taken":0.0,"cards_upgraded":["Dark Embrace"]},{"damage_healed":0.0,"max_hp_gain":0.0,"max_hp_loss":0.0,"gold_gain":0.0,"cards_transformed":["Strike_R","Defend_R"],"event_name":"Drug Dealer","player_choice":"Became Test Subject","floor":29.0,"gold_loss":0.0,"damage_taken":0.0,"cards_obtained":["Wild Strike","Demon Form"]},{"cards_removed":["Strike_R"],"damage_healed":0.0,"max_hp_gain":0.0,"max_hp_loss":0.0,"gold_gain":0.0,"event_name":"Back to Basics","player_choice":"Elegance","floor":30.0,"gold_loss":0.0,"damage_taken":0.0},{"cards_removed":["Strike_R"],"damage_healed":0.0,"max_hp_gain":0.0,"max_hp_loss":0.0,"gold_gain":0.0,"event_name":"Bonfire Elementals","player_choice":"Offered Basic","floor":36.0,"gold_loss":0.0,"damage_taken":0.0},{"cards_removed":["Evolve"],"damage_healed":0.0,"max_hp_gain":0.0,"max_hp_loss":0.0,"gold_gain":0.0,"event_name":"Falling","player_choice":"Removed Power","floor":39.0,"gold_loss":0.0,"damage_taken":0.0}],"is_beta":false,"boss_relics":[{"not_picked":["Black Blood","SacredBark"],"picked":"Busted Crown"},{"not_picked":["Fusion Hammer","Runic Pyramid"],"picked":"Velvet Choker"}],"items_purged_floors":[13,22,38],"is_endless":false,"potions_floor_spawned":[3,7,10,12,16,18,19,21,28,31,33,35,37,40,41,44],"killed_by":"Nemesis","ascension_level":20}}