{"host":"gjfulft9y42c2y2c","time":1611655827,"event":{"mods":["AchievementEnabler","BaseMod","Colored Map","DeckTracker","Keyboard Shortcuts","Minty Spire (QoL Compilation)","Permanent Neow","StSLib","SuperFastMode","everything is the same but u backflip on backflip"],"gold_per_floor":[13,25,40,40,60,91,29,29,56,56,81,92,17,47,47,47,47],"floor_reached":16,"language":"KOR","playtime":2360,"items_purged":[],"score":220,"play_id":"1273d8b6-e679-4a31-a713-ffc55aeed644","local_time":"20210126191027","is_ascension_mode":true,"campfire_choices":[{"floor":8.0,"key":"REST"},{"floor":10.0,"key":"REST"},{"data":"Wild Strike","floor":15,"key":"SMITH"}],"circlet_count":0,"master_deck":["AscendersBane","Strike_R","Strike_R","Strike_R","Defend_R","Defend_R+1","Defend_R+1","Bash","Spot Weakness","Pommel Strike","Blood for Blood","Ghostly Armor","Clothesline","Wild Strike+1","Cleave"],"relics":["Burning Blood","Dream Catcher","Art of War","War Paint"],"acts_visited":["Exordium"],"potions_floor_usage":[16],"damage_taken":[{"damage":1.0,"enemies":"Small Slimes","floor":1.0,"turns":4.0},{"damage":14.0,"enemies":"Jaw Worm","floor":2.0,"turns":3.0},{"damage":11.0,"enemies":"2 Louse","floor":3.0,"turns":2.0},{"damage":33.0,"enemies":"Large Slime","floor":5.0,"turns":6.0},{"damage":29.0,"enemies":"Gremlin Nob","floor":6.0,"turns":4.0},{"damage":30.0,"enemies":"Lagavulin","floor":11.0,"turns":6.0},{"damage":16.0,"enemies":"Red Slaver","floor":12.0,"turns":4.0},{"damage":22,"enemies":"Hexaghost","floor":16,"turns":8}],"seed_played":"1848794540542315031","potions_obtained":[{"floor":1.0,"key":"Weak Potion"},{"floor":2.0,"key":"Explosive Potion"},{"floor":12.0,"key":"DistilledChaos"}],"is_trial":false,"path_per_floor":["M","M","M","$","M","E","?","R","T","R","E","M","?","?","R","B"],"character_chosen":"IRONCLAD","items_purchased":[],"campfire_rested":2,"item_purchase_floors":[],"current_hp_per_floor":[73,65,60,60,33,10,10,32,32,54,30,20,20,20,20,0,0],"gold":47,"neow_bonus":"REMOVE_TWO","is_daily":false,"chose_seed":false,"campfire_upgraded":1,"win_rate":0.0,"timestamp":1611655827,"path_taken":["M","M","M","$","M","E","?","R","T","R","E","M","?","?","R","BOSS"],"items_purchased_type":[],"build_version":"2020-12-22","purchased_purges":0,"victory":false,"max_hp_per_floor":[75,75,75,75,75,75,75,75,75,75,75,75,75,75,75,75,75],"card_choices":[{"not_picked":["Bloodletting","Cleave"],"picked":"Spot Weakness","floor":1.0},{"not_picked":["Flex","Armaments","Sentinel"],"picked":"SKIP","floor":2.0},{"not_picked":["Clash","Thunderclap"],"picked":"Pommel Strike","floor":3.0},{"not_picked":["Body Slam","Thunderclap"],"picked":"Blood for Blood","floor":5.0},{"not_picked":["Perfected Strike","Armaments"],"picked":"Ghostly Armor","floor":6.0},{"not_picked":["Berserk","Twin Strike"],"picked":"Clothesline","floor":8.0},{"not_picked":["Perfected Strike","Burning Pact"],"picked":"Wild Strike","floor":10.0},{"not_picked":["Pommel Strike","Warcry","Clothesline"],"picked":"SKIP","floor":11.0},{"not_picked":["Pommel Strike","Clothesline"],"picked":"Cleave","floor":12.0}],"player_experience":270405,"relics_obtained":[{"floor":6.0,"key":"Dream Catcher"},{"floor":9.0,"key":"Art of War"},{"floor":11.0,"key":"War Paint"}],"event_choices":[{"damage_healed":0.0,"max_hp_gain":0.0,"max_hp_loss":0.0,"gold_gain":0.0,"event_name":"World of Goop","player_choice":"Left Gold","floor":7.0,"gold_loss":62.0,"damage_taken":0.0},{"cards_removed":["Strike_R"],"damage_healed":0.0,"max_hp_gain":0.0,"max_hp_loss":0.0,"gold_gain":0.0,"event_name":"The Cleric","player_choice":"Card Removal","floor":13.0,"gold_loss":75.0,"damage_taken":0.0},{"damage_healed":0,"gold_gain":30,"player_choice":"Searched \u00271\u0027 times","damage_taken":0,"max_hp_gain":0,"max_hp_loss":0,"event_name":"Dead Adventurer","floor":14,"gold_loss":0}],"is_beta":false,"boss_relics":[],"items_purged_floors":[],"is_endless":false,"potions_floor_spawned":[1,2,12],"killed_by":"Hexaghost","ascension_level":20}}