{"host":"hk3n60c9tb8azi3z","time":1611666321,"event":{"mods":["AchievementEnabler","BaseMod","Minty Spire (QoL Compilation)","Relic Sorter","Relic Stats"],"gold_per_floor":[119,44,64,64,77,77,87,87,141,141,10,10,37,37,37,37,37],"floor_reached":16,"language":"ENG","playtime":398,"items_purged":["Strike_B"],"score":176,"play_id":"feebe424-3aee-4e15-9d9a-4fead540ebd5","local_time":"20210126140521","daily_mods":["Heirloom"],"is_ascension_mode":true,"campfire_choices":[{"data":"1","floor":6,"key":"LIFT"},{"data":"2","floor":8,"key":"LIFT"},{"floor":12,"key":"REST"},{"data":"3","floor":15,"key":"LIFT"}],"circlet_count":0,"master_deck":["AscendersBane","Strike_B+1","Strike_B","Defend_B","Defend_B","Defend_B","Zap","Dualcast+1","BootSequence","Rebound","Ball Lightning","Conserve Battery","Barrage"],"relics":["Cracked Core","Girya","Bag of Preparation","Smiling Mask","Golden Idol"],"acts_visited":["Exordium"],"potions_floor_usage":[16,16],"damage_taken":[{"damage":6,"enemies":"2 Louse","floor":1,"turns":2},{"damage":2,"enemies":"Small Slimes","floor":3,"turns":4},{"damage":0,"enemies":"Jaw Worm","floor":5,"turns":2},{"damage":8,"enemies":"3 Louse","floor":7,"turns":3},{"damage":42,"enemies":"The Guardian","floor":16,"turns":7}],"seed_played":"-98704255624976290","potions_obtained":[{"floor":3,"key":"FocusPotion"},{"floor":7,"key":"FearPotion"}],"is_trial":true,"path_per_floor":["M","?","M","?","M","R","M","R","T","?","$","R","T","?","R","B"],"character_chosen":"DEFECT","items_purchased":["Barrage"],"campfire_rested":1,"item_purchase_floors":[11],"current_hp_per_floor":[58,58,56,35,35,35,27,27,27,20,20,41,41,41,41,0,0],"gold":37,"neow_bonus":"","is_daily":false,"chose_seed":false,"campfire_upgraded":0,"win_rate":0.0,"timestamp":1611666321,"path_taken":["M","?","M","?","M","R","M","R","T","?","$","R","?","?","R","BOSS"],"items_purchased_type":["Card"],"build_version":"2020-12-22","purchased_purges":1,"victory":false,"max_hp_per_floor":[71,71,71,71,71,71,71,71,71,71,71,71,71,64,64,64,64],"relic_stats":{"counters":[5,18],"Golden Idol":0,"Bag of Preparation":[2],"Smiling Mask":0,"obtain_stats":[{"Girya":0,"Golden Idol":14,"Bag of Preparation":9,"Cracked Core":0,"Smiling Mask":13},{"Girya":0,"Golden Idol":4,"Bag of Preparation":4,"Cracked Core":0,"Smiling Mask":4},{"Girya":0,"Golden Idol":11,"Bag of Preparation":11,"Cracked Core":0,"Smiling Mask":11}]},"card_choices":[{"not_picked":["Coolheaded","Hologram"],"picked":"BootSequence","floor":1},{"not_picked":["Beam Cell","Auto Shields"],"picked":"Rebound","floor":3},{"not_picked":["Compile Driver","Redo"],"picked":"Ball Lightning","floor":5},{"not_picked":["BootSequence","Barrage"],"picked":"Conserve Battery","floor":7}],"player_experience":1622729,"relics_obtained":[{"floor":9,"key":"Bag of Preparation"},{"floor":13,"key":"Smiling Mask"}],"event_choices":[{"cards_removed":["Strike_B"],"damage_healed":0,"gold_gain":0,"player_choice":"Card Removal","damage_taken":0,"max_hp_gain":0,"max_hp_loss":0,"event_name":"The Cleric","floor":2,"gold_loss":75},{"damage_healed":0,"gold_gain":0,"player_choice":"Entered Light","damage_taken":21,"max_hp_gain":0,"max_hp_loss":0,"event_name":"Shining Light","floor":4,"gold_loss":0,"cards_upgraded":["Dualcast","Strike_B"]},{"cards_removed":["Defend_B"],"damage_healed":0,"gold_gain":0,"player_choice":"Card Removal","damage_taken":7,"max_hp_gain":0,"max_hp_loss":0,"event_name":"Golden Wing","floor":10,"gold_loss":0},{"damage_healed":0,"gold_gain":0,"player_choice":"Lose Max HP","damage_taken":0,"relics_obtained":["Golden Idol"],"max_hp_gain":0,"max_hp_loss":7,"event_name":"Golden Idol","floor":14,"gold_loss":0}],"is_beta":false,"boss_relics":[],"items_purged_floors":[11],"is_endless":false,"potions_floor_spawned":[3,7],"killed_by":"The Guardian","ascension_level":20}}