{"host":"fuszjwm6fqgjjp4d","time":1611627985,"event":{"mods":["BaseMod","Bestiary","Colored Map","DeckTracker","Minty Spire (QoL Compilation)","Permanent Neow","Relic Sorter","Relic Stats","StSLib"],"gold_per_floor":[110,110,129,40,40,40,70,87,87,98,128,128,162,179,179,256,256,267,217,228,228,153,180,192,209,209,209,238,238,248,283,283,283,283],"floor_reached":33,"language":"ENG","playtime":1340,"items_purged":[],"score":650,"play_id":"d0da038a-06c2-40b8-baf6-92334fa13904","local_time":"20210125202625","is_ascension_mode":true,"campfire_choices":[{"data":"Whirlwind","floor":6.0,"key":"SMITH"},{"data":"Armaments","floor":15.0,"key":"SMITH"},{"data":"Offering","floor":27.0,"key":"SMITH"},{"floor":29,"key":"REST"},{"data":"Disarm","floor":32,"key":"SMITH"}],"circlet_count":0,"master_deck":["AscendersBane","Defend_R","Defend_R","Defend_R","Defend_R","Bash+1","Twin Strike","Clothesline","Whirlwind+1","Armaments+1","Disarm+1","Metallicize","Offering+1","Sword Boomerang+1","Fiend Fire","Battle Trance","Flame Barrier+1","Feel No Pain+1"],"relics":["Burning Blood","PreservedInsect","Darkstone Periapt","Boot","Omamori","Akabeko","Empty Cage","Art of War","Pear","Molten Egg 2","Singing Bowl","Paper Frog"],"acts_visited":["Exordium","TheCity"],"potions_floor_usage":[28,31],"damage_taken":[{"damage":1.0,"enemies":"Small Slimes","floor":1.0,"turns":5.0},{"damage":7.0,"enemies":"Cultist","floor":3.0,"turns":4.0},{"damage":15.0,"enemies":"3 Sentries","floor":7.0,"turns":3.0},{"damage":2.0,"enemies":"Jaw Worm","floor":8.0,"turns":3.0},{"damage":21.0,"enemies":"Gremlin Gang","floor":10.0,"turns":6.0},{"damage":30.0,"enemies":"Lagavulin","floor":11.0,"turns":7.0},{"damage":3.0,"enemies":"Gremlin Nob","floor":13.0,"turns":3.0},{"damage":0.0,"enemies":"2 Fungi Beasts","floor":14.0,"turns":1.0},{"damage":18.0,"enemies":"The Guardian","floor":16.0,"turns":13.0},{"damage":6.0,"enemies":"Spheric Guardian","floor":18.0,"turns":1.0},{"damage":20.0,"enemies":"Shell Parasite","floor":20.0,"turns":8.0},{"damage":29.0,"enemies":"Gremlin Leader","floor":23.0,"turns":5.0},{"damage":17.0,"enemies":"Centurion and Healer","floor":24.0,"turns":5.0},{"damage":8.0,"enemies":"Snake Plant","floor":25.0,"turns":3.0},{"damage":24,"enemies":"Slavers","floor":28,"turns":4},{"damage":6,"enemies":"Cultist and Chosen","floor":30,"turns":2},{"damage":9,"enemies":"Gremlin Leader","floor":31,"turns":3},{"damage":41,"enemies":"Champ","floor":33,"turns":12}],"seed_played":"3812629508996173052","potions_obtained":[{"floor":10.0,"key":"Dexterity Potion"},{"floor":11.0,"key":"BlessingOfTheForge"},{"floor":14.0,"key":"CultistPotion"},{"floor":18.0,"key":"Regen Potion"},{"floor":24.0,"key":"EssenceOfSteel"},{"floor":30,"key":"Weak Potion"},{"floor":31,"key":"LiquidMemories"}],"is_trial":false,"path_per_floor":["M","?","M","$","?","R","E","M","T","M","E","?","E","M","R","B",null,"M","?","M","?","?","E","M","M","T","R","E","R","M","E","R","B"],"character_chosen":"IRONCLAD","items_purchased":["Whirlwind"],"campfire_rested":1,"item_purchase_floors":[4],"current_hp_per_floor":[73,73,72,72,72,72,63,67,67,52,28,28,31,37,37,25,63,63,63,49,49,49,50,39,37,37,37,21,47,49,46,46,5,5],"gold":283,"neow_bonus":"RANDOM_COMMON_RELIC","is_daily":false,"chose_seed":false,"campfire_upgraded":4,"win_rate":0.0,"timestamp":1611627985,"path_taken":["M","?","M","$","?","R","E","?","T","M","E","?","E","?","R","BOSS","M","?","?","?","?","E","M","M","T","R","E","R","M","E","R","BOSS"],"items_purchased_type":["Card"],"build_version":"2020-12-22","purchased_purges":0,"victory":false,"max_hp_per_floor":[75,75,75,75,75,75,75,75,75,75,75,75,75,75,75,75,75,75,75,75,75,75,85,85,85,85,85,87,87,89,89,89,89,89],"relic_stats":{"Darkstone Periapt":0,"Singing Bowl":4,"counters":[18,88],"PreservedInsect":224,"Art of War":[6],"Boot":[53],"obtain_stats":[{"Darkstone Periapt":7,"Pear":23,"Singing Bowl":28,"Molten Egg 2":26,"PreservedInsect":0,"Omamori":11,"Art of War":21,"Boot":9,"Empty Cage":17,"Burning Blood":0,"Akabeko":13,"Paper Frog":31},{"Darkstone Periapt":3,"Pear":12,"Singing Bowl":15,"Molten Egg 2":14,"PreservedInsect":0,"Omamori":6,"Art of War":11,"Boot":4,"Empty Cage":9,"Burning Blood":0,"Akabeko":7,"Paper Frog":17},{"Darkstone Periapt":12,"Pear":59,"Singing Bowl":71,"Molten Egg 2":67,"PreservedInsect":0,"Omamori":28,"Art of War":54,"Boot":15,"Empty Cage":45,"Burning Blood":0,"Akabeko":31,"Paper Frog":76}],"Burning Blood":102},"card_choices":[{"not_picked":["Second Wind","Power Through"],"picked":"Twin Strike","floor":1.0},{"not_picked":["Armaments","Sword Boomerang"],"picked":"Clothesline","floor":3.0},{"not_picked":["Reckless Charge","Heavy Blade","Burning Pact"],"picked":"SKIP","floor":7.0},{"not_picked":["Anger","Fire Breathing"],"picked":"Armaments","floor":8.0},{"not_picked":["Flex","Burning Pact"],"picked":"Disarm","floor":10.0},{"not_picked":["Burning Pact","Perfected Strike","Infernal Blade"],"picked":"SKIP","floor":11.0},{"not_picked":["Reckless Charge","Pommel Strike","Second Wind"],"picked":"SKIP","floor":13.0},{"not_picked":["Intimidate","Searing Blow","Fire Breathing"],"picked":"SKIP","floor":14.0},{"not_picked":["Fiend Fire","Impervious"],"picked":"Offering","floor":16.0},{"not_picked":["Warcry","Pommel Strike"],"picked":"Sword Boomerang+1","floor":18.0},{"not_picked":["Sword Boomerang+1","Second Wind+1","Headbutt"],"picked":"SKIP","floor":20.0},{"not_picked":["Dropkick","Anger"],"picked":"Fiend Fire","floor":23.0},{"not_picked":["Iron Wave","Body Slam+1"],"picked":"Battle Trance","floor":24.0},{"not_picked":["Shockwave","Pommel Strike"],"picked":"Flame Barrier+1","floor":25.0},{"not_picked":["Shockwave","Sentinel","Berserk"],"picked":"Singing Bowl","floor":28},{"not_picked":["Iron Wave+1","Warcry","Uppercut+1"],"picked":"Singing Bowl","floor":30},{"not_picked":["Entrench","True Grit"],"picked":"Feel No Pain+1","floor":31}],"player_experience":1351185,"relics_obtained":[{"floor":7.0,"key":"Darkstone Periapt"},{"floor":9.0,"key":"Boot"},{"floor":11.0,"key":"Omamori"},{"floor":13.0,"key":"Akabeko"},{"floor":23.0,"key":"Pear"},{"floor":26.0,"key":"Molten Egg 2"},{"floor":28,"key":"Singing Bowl"},{"floor":31,"key":"Paper Frog"}],"event_choices":[{"damage_healed":0.0,"max_hp_gain":0.0,"max_hp_loss":0.0,"gold_gain":0.0,"event_name":"Living Wall","player_choice":"Grow","floor":2.0,"gold_loss":0.0,"damage_taken":0.0,"cards_upgraded":["Bash"]},{"cards_removed":["Strike_R"],"damage_healed":0.0,"max_hp_gain":0.0,"max_hp_loss":0.0,"gold_gain":0.0,"event_name":"Bonfire Elementals","player_choice":"Offered Basic","floor":5.0,"gold_loss":0.0,"damage_taken":0.0},{"damage_healed":0.0,"max_hp_gain":0.0,"max_hp_loss":0.0,"gold_gain":0.0,"cards_transformed":["Strike_R"],"event_name":"Transmorgrifier","player_choice":"Transformed","floor":12.0,"gold_loss":0.0,"damage_taken":0.0,"cards_obtained":["Metallicize"]},{"damage_healed":0.0,"max_hp_gain":0.0,"max_hp_loss":0.0,"gold_gain":0.0,"event_name":"The Joust","player_choice":"Bet on Murderer","floor":19.0,"gold_loss":50.0,"damage_taken":0.0},{"damage_healed":0.0,"max_hp_gain":0.0,"max_hp_loss":0.0,"gold_gain":0.0,"event_name":"Addict","player_choice":"Stole Relic","floor":21.0,"gold_loss":0.0,"damage_taken":0.0,"relics_obtained":["Art of War"],"cards_obtained":["Shame"]},{"cards_removed":["Strike_R"],"damage_healed":0.0,"max_hp_gain":0.0,"max_hp_loss":0.0,"gold_gain":0.0,"event_name":"Beggar","player_choice":"Gave Gold","floor":22.0,"gold_loss":75.0,"damage_taken":0.0}],"is_beta":false,"boss_relics":[{"not_picked":["Runic Pyramid","Pandora\u0027s Box"],"picked":"Empty Cage"}],"items_purged_floors":[],"is_endless":false,"potions_floor_spawned":[10,11,14,18,20,24,30,31],"killed_by":"Champ","ascension_level":20}}