{"host":"xmr2g8b7eju0288o","time":1611683825,"event":{"mods":["AchievementEnabler","BaseMod","Colored Map","Colored Powertips","Infinite Spire","KOR Keyword Fix","Minty Spire (QoL Compilation)","Quick Restart","Spicy Shops","StSLib","SuperFastMode"],"gold_per_floor":[110,127,140,290,302,302,302,343,343,45,85,85,106,145,145,145,145],"floor_reached":16,"language":"KOR","playtime":402,"items_purged":[],"score":240,"play_id":"d817bf55-fadf-4788-8f2a-c1aea917c492","local_time":"20210127025705","daily_mods":["Heirloom"],"is_ascension_mode":true,"campfire_choices":[{"data":"Dagger Spray","floor":7.0,"key":"SMITH"},{"floor":12,"key":"REST"},{"floor":15,"key":"REST"}],"circlet_count":0,"master_deck":["AscendersBane","Strike_G","Strike_G","Strike_G","Strike_G","Strike_G","Defend_G","Defend_G","Defend_G","Defend_G","Defend_G","Survivor","Neutralize","Dagger Spray+1","Die Die Die","Doubt","Concentrate","Flying Knee+1","Dagger Spray+1","Deflect+1","Blade Dance+1","Cloak And Dagger+1"],"relics":["Ring of the Snake","FossilizedHelix","Golden Idol","Molten Egg 2","Tingsha","Toxic Egg 2","Calipers","Lizard Tail"],"acts_visited":["Exordium"],"potions_floor_usage":[8,8,8,8],"damage_taken":[{"damage":0.0,"enemies":"2 Louse","floor":1.0,"turns":3.0},{"damage":0.0,"enemies":"Small Slimes","floor":2.0,"turns":3.0},{"damage":0.0,"enemies":"Jaw Worm","floor":3.0,"turns":5.0},{"damage":0.0,"enemies":"3 Louse","floor":5.0,"turns":2.0},{"damage":5,"enemies":"3 Sentries","floor":8,"turns":4},{"damage":18,"enemies":"Gremlin Nob","floor":11,"turns":4},{"damage":0,"enemies":"2 Fungi Beasts","floor":13,"turns":1},{"damage":25,"enemies":"Lagavulin","floor":14,"turns":6},{"damage":21,"enemies":"Hexaghost","floor":16,"turns":7}],"seed_played":"-5721206134043812599","potions_obtained":[{"floor":1.0,"key":"ColorlessPotion"},{"floor":2.0,"key":"EntropicBrew"},{"floor":14,"key":"FairyPotion"}],"is_trial":true,"path_per_floor":["M","M","M","?","M","?","R","E","T","$","E","R","M","E","R","B"],"character_chosen":"THE_SILENT","items_purchased":["Toxic Egg 2","Dagger Spray+1"],"campfire_rested":2,"item_purchase_floors":[10,10],"current_hp_per_floor":[59,59,59,59,59,36,36,31,31,31,13,32,32,7,26,5,5],"gold":145,"neow_bonus":"","is_daily":false,"chose_seed":false,"campfire_upgraded":1,"win_rate":0.0,"timestamp":1611683825,"path_taken":["M","M","M","?","M","?","R","E","T","$","E","R","M","E","R","BOSS"],"items_purchased_type":["Relic","Card"],"build_version":"2020-12-22","purchased_purges":0,"victory":false,"max_hp_per_floor":[66,66,66,66,66,66,66,66,66,66,66,66,66,66,66,66,66],"card_choices":[{"not_picked":["Outmaneuver","Cloak And Dagger"],"picked":"Dagger Spray","floor":1.0},{"not_picked":["Acrobatics","Distraction","Predator"],"picked":"SKIP","floor":2.0},{"not_picked":["Endless Agony","PiercingWail"],"picked":"Die Die Die","floor":3.0},{"not_picked":["Slice","Quick Slash"],"picked":"Concentrate","floor":5.0},{"not_picked":["Wraith Form v2","Riddle With Holes+1"],"picked":"Flying Knee+1","floor":8},{"not_picked":["Footwork","Predator+1"],"picked":"Deflect+1","floor":11},{"not_picked":["Crippling Poison+1","Sucker Punch+1"],"picked":"Blade Dance+1","floor":13},{"not_picked":["Acrobatics+1","Backflip+1"],"picked":"Cloak And Dagger+1","floor":14}],"player_experience":79435,"relics_obtained":[{"floor":8,"key":"Molten Egg 2"},{"floor":9,"key":"Tingsha"},{"floor":11,"key":"Calipers"},{"floor":14,"key":"Lizard Tail"}],"event_choices":[{"damage_healed":0.0,"max_hp_gain":0.0,"max_hp_loss":0.0,"gold_gain":150.0,"event_name":"Liars Game","player_choice":"AGREE","floor":4.0,"gold_loss":0.0,"damage_taken":0.0,"cards_obtained":["Doubt"]},{"damage_healed":0.0,"max_hp_gain":0.0,"max_hp_loss":0.0,"gold_gain":0.0,"event_name":"Golden Idol","player_choice":"Take Damage","floor":6.0,"gold_loss":0.0,"damage_taken":23.0,"relics_obtained":["Golden Idol"]}],"is_beta":false,"boss_relics":[],"items_purged_floors":[],"is_endless":false,"potions_floor_spawned":[1,2,3,14],"killed_by":"Hexaghost","ascension_level":20}}