{"host":"usru02jcpe2a942d","time":1611652021,"event":{"mods":["Act Like it!","BaseMod","Colored Powertips","GifTheSpireLib","Highlight Path","Hubris","Minty Spire (QoL Compilation)","MostiFishMod","Quick Restart","Relic Filter Mod","Relic Stats","RumiaBox-露米娅的神秘盒子","StSLib","The Poker Player","noobMod","【遗物卡牌】REMEMod","篝火指南"],"gold_per_floor":[147,147,186,261,261,185,587,635,658,751,844,931,540,618,202,490,490,538,574,574,679,679,274,379,52,52,142,42,102,135,135,10,298,298,334,484,484,48,132,219,67,127,162,261,273,372,477,389,62,74],"floor_reached":51,"language":"ZHS","playtime":1670,"items_purged":["PokerPlayerMod:Duplicate","PokerPlayerMod:WasteCollection","PokerPlayerMod:WasteCollection","PokerPlayerMod:Promotion","PokerPlayerMod:ChangeRules"],"score":1433,"play_id":"fe3c50be-51e9-4f34-ade5-da24ef893971","local_time":"20210126170701","daily_mods":["SealedDeck","Vintage","Heirloom","Time Dilation","Flight","DeadlyEvents","Binary","Elite Swarm","Midas","Night Terrors"],"is_ascension_mode":false,"metric_token":1110,"campfire_choices":[],"circlet_count":0,"master_deck":["Seeing Red+1","PokerPlayerMod:Overdeal+1","PokerPlayerMod:Diamond4","PokerPlayerMod:RiskyBet","PokerPlayerMod:Diamond7","PokerPlayerMod:Diamond4","PokerPlayerMod:Diamond4","PokerPlayerMod:Diamond6","PokerPlayerMod:Diamond3","PokerPlayerMod:Diamond3","PokerPlayerMod:WildCard+1","PokerPlayerMod:Sharpen","PokerPlayerMod:Diamond7","PokerPlayerMod:Diamond9","PokerPlayerMod:Diamond7","MostiFishMod:ButterFly","PokerPlayerMod:Diamond3","PokerPlayerMod:Diamond6","PokerPlayerMod:CloakAndDiamond","PokerPlayerMod:Promotion","PokerPlayerMod:Diamond5","PokerPlayerMod:Diamond7","PokerPlayerMod:SecretDealer+1","PokerPlayerMod:Diamond6","PokerPlayerMod:ItsShowtime+1","PokerPlayerMod:Promotion+1","PokerPlayerMod:Diamond2","PokerPlayerMod:Diamond5","PokerPlayerMod:Diamond3","MostiFishMod:ForestofLight+1"],"relics":["PokerPlayerMod:DeckCase","DaveBox","ice","REME_ComplimentaryCards","ShadowXiaoBlade","Ginger","PreservedInsect","SynthV:TestCard","hubris:TenFootPole","Whetstone","Old Coin","hubris:Potato","hubris:OldNail","ZombieArmy","Oddly Smooth Stone","PokerPlayerMod:StuffedPocket","PokerPlayerMod:PenAndEraser","Ccalipers","Ancient Tea Set","hubris:SlimyHat","Happy Flower","PatriotShield","ArrowTower","Omamori","War Paint","GodSword5","HandDrill","Potion Belt","ImprovedEquipment","CaptainsWheel","DianPoetry","hubris:BottledRain","MealTicket","Toxic Egg 2","hubris:VirtuousBlindfold","Orichalcum","ThornShield","ChaoDraw","OriginationStaff","Toy Ornithopter","Membership Card","MawBank","Strawberry","SentryEyes","REME_IWantAll","Kunai","Shovel","SynthV:C4","Boot"],"acts_visited":["Exordium","TheCity","TheBeyond"],"potions_floor_usage":[3,50,50,50,50],"damage_taken":[{"damage":0,"enemies":"Small Slimes","floor":1,"turns":1},{"damage":0,"enemies":"Cultist","floor":3,"turns":1},{"damage":0,"enemies":"Gremlin Nob","floor":7,"turns":2},{"damage":11,"enemies":"Jaw Worm","floor":8,"turns":2},{"damage":14,"enemies":"3 Sentries","floor":10,"turns":3},{"damage":0,"enemies":"Gremlin Nob","floor":11,"turns":1},{"damage":0,"enemies":"Lagavulin","floor":12,"turns":1},{"damage":0,"enemies":"3 Sentries","floor":14,"turns":2},{"damage":36,"enemies":"Hexaghost","floor":16,"turns":4},{"damage":0,"enemies":"Chosen","floor":18,"turns":4},{"damage":0,"enemies":"2 Thieves","floor":19,"turns":3},{"damage":0,"enemies":"Gremlin Leader","floor":21,"turns":2},{"damage":0,"enemies":"Book of Stabbing","floor":24,"turns":3},{"damage":12,"enemies":"Slavers","floor":27,"turns":2},{"damage":0,"enemies":"Sentry and Sphere","floor":29,"turns":2},{"damage":1,"enemies":"Snake Plant","floor":30,"turns":2},{"damage":0,"enemies":"Automaton","floor":33,"turns":2},{"damage":0,"enemies":"3 Shapes","floor":35,"turns":2},{"damage":0,"enemies":"Mind Bloom Boss Battle","floor":36,"turns":3},{"damage":0,"enemies":"Nemesis","floor":39,"turns":1},{"damage":0,"enemies":"Reptomancer","floor":40,"turns":3},{"damage":0,"enemies":"Orb Walker","floor":42,"turns":2},{"damage":0,"enemies":"Giant Head","floor":44,"turns":2},{"damage":0,"enemies":"Nemesis","floor":46,"turns":1},{"damage":0,"enemies":"Giant Head","floor":47,"turns":2},{"damage":0,"enemies":"hubris:GrandSnecko","floor":50,"turns":2}],"seed_played":"-4209524533001778779","potions_obtained":[{"floor":1,"key":"Strength Potion"},{"floor":3,"key":"REME_GoldPotion"},{"floor":11,"key":"Strength Potion"},{"floor":16,"key":"SteroidPotion"},{"floor":24,"key":"Dexterity Potion"},{"floor":33,"key":"Block Potion"},{"floor":39,"key":"AttackPotion"},{"floor":46,"key":"DuplicationPotion"}],"is_trial":true,"path_per_floor":["M","?","M","?","T","R","E","M","T","E","E","E","$","E","R","B",null,"M","M","?","E","?","R","E","R","T","E","$","M","M","T","R","B",null,"M","?","?","$","E","E","R","M","T","E","T","E","E","NS","R","B",null],"character_chosen":"THE_POKER_PLAYER","items_purchased":["PokerPlayerMod:Sharpen","PokerPlayerMod:PenAndEraser","PokerPlayerMod:Diamond7","Ccalipers","hubris:SlimyHat","Happy Flower","MostiFishMod:ButterFly","PokerPlayerMod:Diamond3","GodSword5","HandDrill","ImprovedEquipment","ChaoDraw","Membership Card","SynthV:C4","Boot","MostiFishMod:ForestofLight+1"],"campfire_rested":0,"item_purchase_floors":[6,13,13,13,15,15,15,15,23,23,25,38,41,49,49,49],"current_hp_per_floor":[52,52,52,47,47,47,47,36,36,38,52,52,52,52,52,16,52,52,52,52,52,52,52,52,52,52,40,40,50,52,52,52,52,52,52,52,52,52,52,52,52,52,59,59,59,59,63,63,63,63],"gold":86,"neow_bonus":"","is_daily":false,"chose_seed":false,"campfire_upgraded":0,"win_rate":0.0,"timestamp":1611652021,"path_taken":["M","?","?","?","?","R","E","?","T","E","?","E","?","?","R","BOSS","M","?","?","?","?","R","E","R","T","?","?","?","M","?","R","BOSS","M","?","?","$","?","E","R","?","T","?","?","?","?","NS","R","BOSS"],"items_purchased_type":["Card","Relic","Card","Relic","Relic","Relic","Card","Card","Relic","Relic","Relic","Relic","Relic","Relic","Relic","Card"],"build_version":"2020-12-22","purchased_purges":5,"victory":true,"max_hp_per_floor":[52,52,52,52,52,52,52,52,52,52,52,52,52,52,52,52,52,52,52,52,52,52,52,52,52,52,52,52,52,52,52,52,52,52,52,52,52,52,52,52,52,52,59,59,59,59,63,63,63,63],"relic_stats":{"Happy Flower":[14],"counters":[26,53],"PreservedInsect":668,"Ginger":[0],"Whetstone":["PokerPlayerMod:Overdeal"],"War Paint":["PokerPlayerMod:Fold","Seeing Red"],"Orichalcum":[90],"MawBank":108,"Boot":[0],"Shovel":0,"MealTicket":0,"HandDrill":[6],"Kunai":[2],"obtain_stats":[{"PatriotShield":17,"hubris:VirtuousBlindfold":34,"ice":0,"Ginger":0,"Whetstone":5,"REME_IWantAll":45,"Boot":49,"Old Coin":7,"Ccalipers":13,"Strawberry":43,"MealTicket":30,"HandDrill":23,"Kunai":46,"Toxic Egg 2":31,"Happy Flower":15,"Oddly Smooth Stone":11,"War Paint":21,"SentryEyes":44,"hubris:TenFootPole":3,"OriginationStaff":39,"GodSword5":23,"ArrowTower":18,"DaveBox":0,"PokerPlayerMod:PenAndEraser":13,"DianPoetry":27,"hubris:SlimyHat":15,"Ancient Tea Set":14,"SynthV:C4":49,"PokerPlayerMod:DeckCase":0,"Shovel":47,"ZombieArmy":10,"Potion Belt":24,"ImprovedEquipment":25,"ShadowXiaoBlade":0,"PreservedInsect":1,"Omamori":19,"Orichalcum":35,"ThornShield":36,"MawBank":42,"ChaoDraw":38,"CaptainsWheel":26,"SynthV:TestCard":1,"PokerPlayerMod:StuffedPocket":12,"Membership Card":41,"hubris:Potato":8,"hubris:OldNail":9,"Toy Ornithopter":40,"REME_ComplimentaryCards":0,"hubris:BottledRain":29},{"PatriotShield":9,"hubris:VirtuousBlindfold":17,"ice":0,"Ginger":0,"Whetstone":2,"REME_IWantAll":23,"Boot":25,"Old Coin":3,"Ccalipers":7,"Strawberry":22,"MealTicket":16,"HandDrill":12,"Kunai":24,"Toxic Egg 2":16,"Happy Flower":8,"Oddly Smooth Stone":6,"War Paint":12,"SentryEyes":23,"hubris:TenFootPole":2,"OriginationStaff":20,"GodSword5":12,"ArrowTower":10,"DaveBox":0,"PokerPlayerMod:PenAndEraser":7,"DianPoetry":14,"hubris:SlimyHat":8,"Ancient Tea Set":8,"SynthV:C4":25,"PokerPlayerMod:DeckCase":0,"Shovel":25,"ZombieArmy":5,"Potion Belt":13,"ImprovedEquipment":13,"ShadowXiaoBlade":0,"PreservedInsect":1,"Omamori":11,"Orichalcum":18,"ThornShield":19,"MawBank":22,"ChaoDraw":19,"CaptainsWheel":13,"SynthV:TestCard":1,"PokerPlayerMod:StuffedPocket":7,"Membership Card":21,"hubris:Potato":4,"hubris:OldNail":4,"Toy Ornithopter":21,"REME_ComplimentaryCards":0,"hubris:BottledRain":15},{"PatriotShield":17,"hubris:VirtuousBlindfold":36,"ice":0,"Ginger":0,"Whetstone":2,"REME_IWantAll":49,"Boot":52,"Old Coin":4,"Ccalipers":11,"Strawberry":47,"MealTicket":34,"HandDrill":26,"Kunai":50,"Toxic Egg 2":34,"Happy Flower":13,"Oddly Smooth Stone":10,"War Paint":26,"SentryEyes":49,"hubris:TenFootPole":2,"OriginationStaff":42,"GodSword5":26,"ArrowTower":21,"DaveBox":0,"PokerPlayerMod:PenAndEraser":11,"DianPoetry":30,"hubris:SlimyHat":13,"Ancient Tea Set":13,"SynthV:C4":52,"PokerPlayerMod:DeckCase":0,"Shovel":52,"ZombieArmy":9,"Potion Belt":28,"ImprovedEquipment":28,"ShadowXiaoBlade":0,"PreservedInsect":1,"Omamori":24,"Orichalcum":38,"ThornShield":41,"MawBank":47,"ChaoDraw":41,"CaptainsWheel":28,"SynthV:TestCard":1,"PokerPlayerMod:StuffedPocket":11,"Membership Card":45,"hubris:Potato":6,"hubris:OldNail":6,"Toy Ornithopter":45,"REME_ComplimentaryCards":0,"hubris:BottledRain":32}],"Toy Ornithopter":0},"card_choices":[{"not_picked":["PokerPlayerMod:Promotion","PokerPlayerMod:Diamond6","PokerPlayerMod:StackedDeck"],"picked":"PokerPlayerMod:WasteCollection","floor":7},{"not_picked":["PokerPlayerMod:Spade9","PokerPlayerMod:Heart2","PokerPlayerMod:Diamond3"],"picked":"PokerPlayerMod:Diamond7","floor":10},{"not_picked":["PokerPlayerMod:Promotion","PokerPlayerMod:StackedDeck","PokerPlayerMod:Diamond3"],"picked":"PokerPlayerMod:Diamond9","floor":11},{"not_picked":["PokerPlayerMod:Diamond1","PokerPlayerMod:GamblerForm","PokerPlayerMod:Diamond5"],"picked":"PokerPlayerMod:WasteCollection","floor":12},{"not_picked":["PokerPlayerMod:Club8","PokerPlayerMod:Diamond1","PokerPlayerMod:ItsShowtime"],"picked":"PokerPlayerMod:Promotion","floor":14},{"not_picked":["PokerPlayerMod:TheDieIsCast","PokerPlayerMod:WildCard","PokerPlayerMod:ChangeRules"],"picked":"PokerPlayerMod:Diamond10+","floor":16},{"not_picked":["PokerPlayerMod:Spade1","PokerPlayerMod:Spade8","PokerPlayerMod:Spade6"],"picked":"PokerPlayerMod:Duplicate","floor":21},{"not_picked":["PokerPlayerMod:ItsShowtime","PokerPlayerMod:GamblerForm","PokerPlayerMod:Spade4"],"picked":"PokerPlayerMod:Promotion","floor":24},{"not_picked":["PokerPlayerMod:FakeSymbols","PokerPlayerMod:ChangeRules","PokerPlayerMod:ItsShowtime"],"picked":"PokerPlayerMod:Diamond5","floor":27},{"not_picked":["PokerPlayerMod:Club7","PokerPlayerMod:VarietyAttack","PokerPlayerMod:Club8"],"picked":"PokerPlayerMod:Diamond7","floor":33},{"not_picked":["PokerPlayerMod:Diamond2","PokerPlayerMod:Spade4","PokerPlayerMod:Club1"],"picked":"PokerPlayerMod:SecretDealer+1","floor":39},{"not_picked":["PokerPlayerMod:Club4","PokerPlayerMod:VarietyAttack","PokerPlayerMod:Duplicate+1"],"picked":"PokerPlayerMod:Diamond6","floor":40},{"not_picked":["PokerPlayerMod:StackedDeck","PokerPlayerMod:Heart8","PokerPlayerMod:Spade1"],"picked":"PokerPlayerMod:ItsShowtime+1","floor":44},{"not_picked":["PokerPlayerMod:FakeSymbols","PokerPlayerMod:Diamond7","PokerPlayerMod:Spade2"],"picked":"PokerPlayerMod:Promotion+1","floor":46},{"not_picked":["PokerPlayerMod:Diamond2","PokerPlayerMod:Diamond5","PokerPlayerMod:Diamond3","PokerPlayerMod:ChangeRules"],"picked":"Singing Bowl","floor":47}],"player_experience":228442,"relics_obtained":[{"floor":1,"key":"PreservedInsect"},{"floor":1,"key":"SynthV:TestCard"},{"floor":3,"key":"hubris:TenFootPole"},{"floor":5,"key":"Whetstone"},{"floor":7,"key":"Old Coin"},{"floor":8,"key":"hubris:Potato"},{"floor":9,"key":"hubris:OldNail"},{"floor":10,"key":"ZombieArmy"},{"floor":11,"key":"Oddly Smooth Stone"},{"floor":12,"key":"PokerPlayerMod:StuffedPocket"},{"floor":14,"key":"Ancient Tea Set"},{"floor":18,"key":"ArrowTower"},{"floor":19,"key":"Omamori"},{"floor":21,"key":"War Paint"},{"floor":24,"key":"Potion Belt"},{"floor":26,"key":"CaptainsWheel"},{"floor":27,"key":"DianPoetry"},{"floor":29,"key":"hubris:BottledRain"},{"floor":30,"key":"MealTicket"},{"floor":31,"key":"Toxic Egg 2"},{"floor":35,"key":"Orichalcum"},{"floor":36,"key":"ThornShield"},{"floor":39,"key":"OriginationStaff"},{"floor":40,"key":"Toy Ornithopter"},{"floor":42,"key":"MawBank"},{"floor":43,"key":"Strawberry"},{"floor":44,"key":"SentryEyes"},{"floor":45,"key":"REME_IWantAll"},{"floor":46,"key":"Kunai"},{"floor":47,"key":"Shovel"}],"event_choices":[{"damage_healed":0,"gold_gain":0,"player_choice":"1 cards matched","damage_taken":0,"max_hp_gain":0,"max_hp_loss":0,"event_name":"Match and Keep!","floor":2,"gold_loss":0,"cards_obtained":["PokerPlayerMod:WildCard"]},{"damage_healed":0,"gold_gain":75,"player_choice":"Gather Gold","damage_taken":11,"max_hp_gain":0,"max_hp_loss":0,"event_name":"World of Goop","floor":4,"gold_loss":0},{"damage_healed":0,"gold_gain":0,"player_choice":"Read","damage_taken":0,"max_hp_gain":0,"max_hp_loss":0,"event_name":"The Library","floor":20,"gold_loss":0,"cards_obtained":["PokerPlayerMod:Diamond6"]},{"damage_healed":0,"gold_gain":0,"player_choice":"Fight","damage_taken":0,"max_hp_gain":0,"max_hp_loss":0,"event_name":"MindBloom","floor":36,"gold_loss":0},{"damage_healed":0,"gold_gain":0,"player_choice":"Upgraded","damage_taken":0,"max_hp_gain":0,"max_hp_loss":0,"event_name":"Upgrade Shrine","floor":37,"gold_loss":0,"cards_upgraded":["PokerPlayerMod:WildCard"]}],"is_beta":false,"boss_relics":[{"not_picked":["ChiXiaoBlade","Tiny House"],"picked":"PatriotShield"},{"not_picked":["hubris:BlackHole","REME_ChargedStone"],"picked":"hubris:VirtuousBlindfold"}],"items_purged_floors":[25,28,32,38,49],"is_endless":false,"potions_floor_spawned":[1,3,11,16,24,33,39,42,46],"ascension_level":0}}