{"host":"y1oqg7uy0jc6f5mb","time":1611648451,"event":{"mods":["BaseMod","Better Altar","Better Match","Better Note","Better Sensory Stone","Better Skull","Better Third Choice","BetterRewards","Block Reminder","Colored Map","Colored Powertips","Custom Start","DeckTracker","Displayed Cursed Tome","Highlight Path","Ironclad Rager","Minty Spire (QoL Compilation)","Permanent Neow","Quick Restart","Relic Sorter","Relic Stats","Replay The Spire","Shop Mod","StSLib"],"gold_per_floor":[38,50,66,86,50,50,63,63,116,116,16,36,61,75,75,174,174,184,105,117,117,117],"floor_reached":21,"language":"ENG","playtime":1840,"items_purged":["Amnesia","Strike_G"],"score":410,"play_id":"d5f8ff82-d858-4170-bb75-f39ff4f5dbb8","local_time":"20210126160731","is_ascension_mode":true,"campfire_choices":[{"data":"Neutralize","floor":6.0,"key":"SMITH"},{"data":"Calculated Gamble","floor":8.0,"key":"SMITH"},{"data":"Caltrops","floor":10.0,"key":"SMITH"},{"floor":15.0,"key":"REST"}],"circlet_count":0,"master_deck":["Strike_G","Strike_G","Strike_G","Strike_G","Defend_G","Defend_G","Defend_G","Defend_G","Defend_G","Survivor","Neutralize+1","ReplayTheSpireMod:Exploit Weakness","Dash","Caltrops+1","Dagger Spray","Leg Sweep","Dodge and Roll","Predator","Calculated Gamble+1","Tactician","Deflect","Deflect","Venomology","Setup","Accuracy","Acrobatics"],"relics":["Ring of the Snake","ReplayTheSpireMod:CursedCoin","Snake Skull","Meat on the Bone","WristBlade"],"acts_visited":["TheCity"],"potions_floor_usage":[],"damage_taken":[{"damage":1.0,"enemies":"Cultist","floor":1.0,"turns":5.0},{"damage":2.0,"enemies":"Jaw Worm","floor":2.0,"turns":4.0},{"damage":0.0,"enemies":"2 Louse","floor":3.0,"turns":2.0},{"damage":1.0,"enemies":"2 Fungi Beasts","floor":4.0,"turns":5.0},{"damage":4.0,"enemies":"Red Slaver","floor":7.0,"turns":5.0},{"damage":1.0,"enemies":"3 Louse","floor":12.0,"turns":2.0},{"damage":19.0,"enemies":"Lagavulin","floor":13.0,"turns":11.0},{"damage":10.0,"enemies":"Looter","floor":14.0,"turns":4.0},{"damage":46.0,"enemies":"The Guardian","floor":16.0,"turns":17.0},{"damage":31.0,"enemies":"Spheric Guardian","floor":18.0,"turns":9.0},{"damage":12.0,"enemies":"3 Byrds","floor":20.0,"turns":4.0},{"damage":46,"enemies":"Masked Bandits","floor":21,"turns":3}],"seed_played":"5606219149878865418","potions_obtained":[{"floor":2.0,"key":"EntropicBrew"},{"floor":3.0,"key":"Poison Potion"},{"floor":13.0,"key":"Regen Potion"},{"floor":14.0,"key":"Reflective Coating"},{"floor":18.0,"key":"PowerPotion"}],"is_trial":false,"path_per_floor":["M","M","M","M","$","R","M","R","T","R","$","M","E","M","R","B",null,"M","$","M","?"],"character_chosen":"THE_SILENT","items_purchased":["ReplayTheSpireMod:CursedCoin","ReplayTheSpireMod:Exploit Weakness","Dash","Caltrops","Predator","Accuracy"],"campfire_rested":1,"item_purchase_floors":[0,0,0,0,5,19],"current_hp_per_floor":[62,60,60,59,59,59,55,55,55,55,55,54,35,37,58,24,59,40,40,40,0,0],"gold":117,"neow_bonus":"","is_daily":false,"chose_seed":false,"campfire_upgraded":3,"win_rate":0.0,"timestamp":1611648451,"path_taken":["M","?","M","M","$","R","M","R","T","R","$","?","E","M","R","BOSS","M","$","M","?"],"items_purchased_type":["Relic","Card","Card","Card","Card","Card"],"build_version":"2020-12-22","purchased_purges":2,"victory":false,"max_hp_per_floor":[70,70,70,70,70,70,70,70,70,70,70,70,70,70,70,70,70,70,70,70,70,70],"relic_stats":{"counters":[20,119],"Snake Skull":[1],"obtain_stats":[{"Replay:Accelerometer":9,"WristBlade":17,"ReplayTheSpireMod:CursedCoin":0,"betterThird:SlimedRelic":4,"The Courier":5,"Snake Skull":9,"ReplayTheSpireMod:Lightbulb":12,"Ring of the Snake":0,"Meat on the Bone":13},{"Replay:Accelerometer":4,"WristBlade":17,"ReplayTheSpireMod:CursedCoin":8,"betterThird:SlimedRelic":3,"The Courier":3,"Snake Skull":13,"ReplayTheSpireMod:Lightbulb":6,"Ring of the Snake":0,"Meat on the Bone":15},{"Replay:Accelerometer":16,"WristBlade":103,"ReplayTheSpireMod:CursedCoin":48,"betterThird:SlimedRelic":11,"The Courier":11,"Snake Skull":69,"ReplayTheSpireMod:Lightbulb":33,"Ring of the Snake":0,"Meat on the Bone":82}],"Ring of the Snake":[40],"Meat on the Bone":48},"card_choices":[{"not_picked":["Deadly Poison","Accuracy"],"picked":"Dagger Spray","floor":1.0},{"not_picked":["Predator","Deadly Poison"],"picked":"Leg Sweep","floor":2.0},{"not_picked":["Deadly Poison","Flying Knee"],"picked":"Dodge and Roll","floor":3.0},{"not_picked":["Sucker Punch","Quick Slash","ReplayTheSpireMod:From All Sides"],"picked":"SKIP","floor":4.0},{"not_picked":["Sucker Punch","Quick Slash","ReplayTheSpireMod:From All Sides"],"picked":"SKIP","floor":4.0},{"not_picked":["Sucker Punch","Quick Slash","ReplayTheSpireMod:From All Sides"],"picked":"SKIP","floor":4.0},{"not_picked":["ReplayTheSpireMod:The Works","Caltrops"],"picked":"Calculated Gamble","floor":7.0},{"not_picked":["Prepared","Backflip"],"picked":"Tactician","floor":12.0},{"not_picked":["Quick Slash","Dodge and Roll"],"picked":"Deflect","floor":13.0},{"not_picked":["Draining Mist","Bane"],"picked":"Deflect","floor":14.0},{"not_picked":["Poison Darts","Storm of Steel"],"picked":"Venomology","floor":16.0},{"not_picked":["ReplayTheSpireMod:The Works","Riddle With Holes"],"picked":"Setup","floor":18.0},{"not_picked":["Underhanded Strike+1","Concentrate"],"picked":"Acrobatics","floor":20.0}],"player_experience":209909,"relics_obtained":[{"floor":9.0,"key":"Snake Skull"},{"floor":13.0,"key":"Meat on the Bone"}],"event_choices":[{"damage_healed":0,"gold_gain":0,"player_choice":"Fought Bandits","damage_taken":0,"max_hp_gain":0,"max_hp_loss":0,"event_name":"Masked Bandits","floor":21,"gold_loss":0}],"is_beta":false,"boss_relics":[{"not_picked":["Ring of the Serpent","SacredBark"],"picked":"WristBlade"}],"items_purged_floors":[0,11],"is_endless":false,"potions_floor_spawned":[2,3,13,14,18],"killed_by":"Masked Bandits","ascension_level":9}}