{"host":"wvaiab5ya9pyia0u","time":1611658096,"event":{"mods":["2.2 Compatiblity","Act Like it!","Alarm Clock","Aspiration","Bard","BaseMod","Bestiary","Better Vampires","BetterRewards","Block Reminder","Challenge The Spire","ChefMod","Colored Map","Colored Powertips","Conspire","Curses Come First","Custom Start","Dark Map","DeckTracker","Dio Mod","Filter the Spire","Fox Events","Hermit","Highlight Path","Hubris","Humility","Infinite Spire","Lobotomy","Mimic Mod","Minty Spire (QoL Compilation)","Pale of the Ancients","Poor People Problems","Practice Mode","Quarter Circle Forward PUNCH!","Quick Restart","Rare Cards Sparkle","Relic Sorter","Relic Stats","Replay The Spire","Reworked Bosses","SacredBarkPlus","Shop Mod","Small Relic Pack","Spicy Shops","Spire Arcade","StS++","StSLib","The Blue Laboratory","The Construct","The Cursed","The Disciple","The Hierophant","The Jungle","The Mystic","The Runesmith","The Servant 0.9.4","TheBandit","Thieving Mod","Wandering Minibosses","everything is the same but u backflip on backflip","slay the spire mod where everything is the same but ironclad has a cowboy hat"],"gold_per_floor":[119,131,131,131,131,131,131,131],"floor_reached":7,"language":"ENG","playtime":218,"items_purged":[],"score":39,"play_id":"d59cf379-0862-417f-b556-ad57dc82d9ca","local_time":"20210126114816","is_ascension_mode":false,"campfire_choices":[{"floor":6,"key":"REST"}],"circlet_count":0,"master_deck":["dioMod:Strike","dioMod:Strike","dioMod:Strike","dioMod:Strike","Bite","dioMod:Defend+1","dioMod:Defend","dioMod:Defend","dioMod:Defend","dioMod:Despair+1","dioMod:StreetSign","dioMod:Hiss"],"relics":["dioMod:VampireBlood","relicPack:AllForOne"],"acts_visited":["Exordium"],"potions_floor_usage":[],"damage_taken":[{"damage":28,"enemies":"Jaw Worm","floor":1,"turns":5},{"damage":8,"enemies":"Small Slimes","floor":2,"turns":4},{"damage":62,"enemies":"Lagavulin","floor":7,"turns":6}],"seed_played":"1461135832994416364","potions_obtained":[],"is_trial":false,"path_per_floor":["M","M","?","?","?","R","E"],"character_chosen":"THE_DEFAULT","items_purchased":[],"campfire_rested":1,"item_purchase_floors":[],"current_hp_per_floor":[45,47,33,33,33,53,0,0],"gold":131,"neow_bonus":"THREE_RARE_CARDS","is_daily":false,"chose_seed":false,"campfire_upgraded":0,"win_rate":0.0,"timestamp":1611658096,"path_taken":["M","M","?","?","?","R","E"],"items_purchased_type":[],"build_version":"2020-12-22","purchased_purges":0,"victory":false,"max_hp_per_floor":[68,68,68,68,68,68,68,68],"relic_stats":{"counters":[3,15],"obtain_stats":[{"dioMod:VampireBlood":0,"relicPack:AllForOne":5},{"dioMod:VampireBlood":0,"relicPack:AllForOne":2},{"dioMod:VampireBlood":0,"relicPack:AllForOne":9}]},"card_choices":[{"not_picked":["dioMod:PhantomBlood","dioMod:SevenPageMuda"],"picked":"dioMod:Despair","floor":0},{"not_picked":["dioMod:Donut","dioMod:CautiousMuda"],"picked":"dioMod:StreetSign","floor":1},{"not_picked":["dioMod:BlendIn","dioMod:MudaMudaMuda"],"picked":"dioMod:Hiss","floor":2}],"player_experience":259882,"relics_obtained":[],"event_choices":[{"damage_healed":0,"gold_gain":0,"player_choice":"Entered Light","damage_taken":14,"max_hp_gain":0,"max_hp_loss":0,"event_name":"Shining Light","floor":3,"gold_loss":0,"cards_upgraded":["dioMod:Despair","dioMod:Defend"]},{"damage_healed":0,"gold_gain":0,"player_choice":"Leave","damage_taken":0,"max_hp_gain":0,"max_hp_loss":0,"event_name":"conspire:Investor","floor":4,"gold_loss":0}],"is_beta":false,"boss_relics":[],"items_purged_floors":[],"is_endless":false,"potions_floor_spawned":[],"killed_by":"Lagavulin","ascension_level":0,"is_humility":true}}