{"host":"zrtolk9726p85qr7","time":1611628393,"event":{"mods":["BaseMod","BetterRewards","Colored Powertips","Minty Spire (QoL Compilation)","Permanent Neow","Quick Restart","Spire Arcade","StSLib","The Animator","The Necromancer"],"gold_per_floor":[114,114,128,144,157,189,207,207,207,217,467,480,480,90,90,188,188,198,106,122,137,137,162,162,77,77,96,96,109,109,124,124,124,124],"floor_reached":33,"language":"ENG","playtime":1041,"items_purged":[],"score":271,"play_id":"899e2519-6887-44a4-aa07-a96550de7a72","local_time":"20210126033313","is_ascension_mode":false,"campfire_choices":[{"data":"Rampage","floor":8,"key":"SMITH"},{"floor":13,"key":"REST"},{"data":"Iron Wave","floor":15,"key":"SMITH"},{"floor":24,"key":"REST"},{"floor":28,"key":"REST"},{"floor":32,"key":"REST"}],"circlet_count":0,"master_deck":["Strike_R","Strike_R","Strike_R","Strike_R","Strike_R","Defend_R","Defend_R","Defend_R","Defend_R","Bash","Iron Wave+1","Spot Weakness","Clash","Rampage+1","Cleave","Demon Form","Inflame","Enlightenment","Clash","J.A.X.","Seeing Red","Headbutt+1"],"relics":["Burning Blood","NeowsBlessing","Centennial Puzzle","Omamori","Anchor","ClockworkSouvenir","Ornamental Fan","Velvet Choker","Paper Frog","Art of War","Meat on the Bone"],"acts_visited":["Exordium","TheCity"],"potions_floor_usage":[6,6,16,23,23,27,33,33],"damage_taken":[{"damage":0,"enemies":"Cultist","floor":1,"turns":1},{"damage":0,"enemies":"Small Slimes","floor":3,"turns":1},{"damage":0,"enemies":"Jaw Worm","floor":4,"turns":1},{"damage":18,"enemies":"Lots of Slimes","floor":5,"turns":5},{"damage":13,"enemies":"3 Sentries","floor":6,"turns":5},{"damage":10,"enemies":"2 Fungi Beasts","floor":7,"turns":3},{"damage":16,"enemies":"Large Slime","floor":10,"turns":5},{"damage":0,"enemies":"3 Louse","floor":12,"turns":2},{"damage":25,"enemies":"Slime Boss","floor":16,"turns":8},{"damage":7,"enemies":"Chosen","floor":18,"turns":5},{"damage":31,"enemies":"2 Thieves","floor":20,"turns":4},{"damage":23,"enemies":"Centurion and Healer","floor":21,"turns":5},{"damage":24,"enemies":"Slavers","floor":23,"turns":6},{"damage":14,"enemies":"Sentry and Sphere","floor":27,"turns":4},{"damage":15,"enemies":"Snake Plant","floor":29,"turns":3},{"damage":3,"enemies":"Cultist and Chosen","floor":31,"turns":4},{"damage":86,"enemies":"Collector","floor":33,"turns":7}],"seed_played":"8304506420347625585","potions_obtained":[{"floor":3,"key":"DistilledChaos"},{"floor":5,"key":"SkillPotion"},{"floor":6,"key":"BloodPotion"},{"floor":10,"key":"Strength Potion"},{"floor":11,"key":"Ancient Potion"},{"floor":16,"key":"Dexterity Potion"},{"floor":23,"key":"LiquidMemories"},{"floor":27,"key":"Dexterity Potion"}],"is_trial":false,"path_per_floor":["M","?","M","M","M","E","M","R","T","M","?","M","R","$","R","B",null,"M","$","M","M","?","E","R","?","T","M","R","M","$","M","R","B"],"character_chosen":"IRONCLAD","items_purchased":["ClockworkSouvenir","Ornamental Fan","Enlightenment"],"campfire_rested":4,"item_purchase_floors":[14,14,19],"current_hp_per_floor":[80,80,80,80,68,61,57,57,57,47,47,53,77,77,77,58,80,79,79,54,37,37,35,59,59,59,51,75,66,66,69,80,0,0],"gold":124,"neow_bonus":"THREE_ENEMY_KILL","is_daily":false,"chose_seed":false,"campfire_upgraded":2,"win_rate":0.0,"timestamp":1611628393,"path_taken":["M","?","M","M","M","E","M","R","T","?","?","M","R","$","R","BOSS","M","$","M","M","?","E","R","?","T","?","R","M","$","M","R","BOSS"],"items_purchased_type":["Relic","Relic","Card"],"build_version":"2020-12-22","purchased_purges":0,"victory":false,"max_hp_per_floor":[80,80,80,80,80,80,80,80,80,80,80,80,80,80,80,80,80,80,80,80,80,80,80,80,80,80,80,80,80,80,80,80,80,80],"card_choices":[{"not_picked":["Flex","Havoc"],"picked":"Iron Wave","floor":1},{"not_picked":["Heavy Blade","Sever Soul"],"picked":"Spot Weakness","floor":3},{"not_picked":["Flex","Wild Strike"],"picked":"Clash","floor":4},{"not_picked":["Anger","Infernal Blade"],"picked":"Rampage","floor":5},{"not_picked":["Ghostly Armor","Wild Strike","Twin Strike"],"picked":"SKIP","floor":6},{"not_picked":["Armaments","Sword Boomerang"],"picked":"Cleave","floor":7},{"not_picked":["Pommel Strike","Iron Wave","Fiend Fire"],"picked":"SKIP","floor":10},{"not_picked":["Rupture","Disarm","Sword Boomerang"],"picked":"SKIP","floor":12},{"not_picked":["Limit Break","Impervious"],"picked":"Demon Form","floor":16},{"not_picked":["Heavy Blade","Combust"],"picked":"Inflame","floor":18},{"not_picked":["Whirlwind","Power Through"],"picked":"Clash","floor":20},{"not_picked":["Sentinel","Pommel Strike+1","Wild Strike"],"picked":"SKIP","floor":21},{"not_picked":["Clothesline","Twin Strike+1","Cleave"],"picked":"SKIP","floor":23},{"not_picked":["Perfected Strike","Infernal Blade","Seeing Red"],"picked":"SKIP","floor":27},{"not_picked":["Offering","Headbutt"],"picked":"Seeing Red","floor":29},{"not_picked":["Dark Embrace+1","True Grit"],"picked":"Headbutt+1","floor":31}],"player_experience":97468,"relics_obtained":[{"floor":6,"key":"Centennial Puzzle"},{"floor":9,"key":"Omamori"},{"floor":11,"key":"Anchor"},{"floor":23,"key":"Paper Frog"},{"floor":26,"key":"Meat on the Bone"}],"event_choices":[{"damage_healed":0,"gold_gain":0,"player_choice":"Ignored","damage_taken":0,"max_hp_gain":0,"max_hp_loss":0,"event_name":"Transmorgrifier","floor":2,"gold_loss":0},{"damage_healed":0,"gold_gain":0,"player_choice":"Obtain J.A.X.","damage_taken":0,"max_hp_gain":0,"max_hp_loss":0,"event_name":"Drug Dealer","floor":22,"gold_loss":0,"cards_obtained":["J.A.X."]},{"damage_healed":0,"gold_gain":0,"player_choice":"Obtained Relic","damage_taken":0,"relics_obtained":["Art of War"],"max_hp_gain":0,"max_hp_loss":0,"event_name":"Addict","floor":25,"gold_loss":85}],"is_beta":false,"boss_relics":[{"not_picked":["Ectoplasm","Runic Pyramid"],"picked":"Velvet Choker"}],"items_purged_floors":[],"is_endless":false,"potions_floor_spawned":[3,5,6,10,16,23,27],"killed_by":"Collector","ascension_level":0}}