{"host":"g7mkzn6qfoxkk5sz","time":1611620349,"event":{"mods":["BaseMod","Colored Map","Colored Powertips","Downfall","Hermit","Marisa????????","Minty Spire (QoL Compilation)","StSLib","The Animator","The Bug Knight","The Cursed","The Servant 0.9.4"],"gold_per_floor":[110,110,125,125,47,75,75,94,94,104,129,144,144,219,219,219,219],"floor_reached":16,"language":"ENG","playtime":1402,"items_purged":[],"score":110,"play_id":"e9f1d8ab-efca-4b90-a543-cd9fa1d6d632","local_time":"20210126021908","is_ascension_mode":false,"campfire_choices":[{"data":"Twin Strike","floor":7,"key":"SMITH"},{"floor":15,"key":"REST"}],"circlet_count":0,"master_deck":["Strike_R","Strike_R+1","Strike_R","Strike_R","Defend_R","Defend_R","Defend_R+1","Defend_R","Bash","Armaments","Cleave","Body Slam","Feel No Pain","Twin Strike+1","Immolate","Flex","True Grit"],"relics":["Burning Blood","Juzu Bracelet","Matryoshka","StrikeDummy"],"acts_visited":["Exordium"],"potions_floor_usage":[16,16],"damage_taken":[{"damage":8,"enemies":"2 Louse","floor":1,"turns":2},{"damage":1,"enemies":"Jaw Worm","floor":3,"turns":3},{"damage":44,"enemies":"HollowMod:MossKnight","floor":6,"turns":15},{"damage":6,"enemies":"Cultist","floor":8,"turns":3},{"damage":5,"enemies":"Looter","floor":10,"turns":3},{"damage":9,"enemies":"3 Sentries","floor":11,"turns":4},{"damage":0,"enemies":"2 Fungi Beasts","floor":12,"turns":2},{"damage":41,"enemies":"The Guardian","floor":16,"turns":6}],"seed_played":"-1538372609189188349","potions_obtained":[{"floor":10,"key":"sneckomod:MuddlingPotion"},{"floor":11,"key":"Explosive Potion"}],"is_trial":false,"path_per_floor":["M","?","M","?","$","E","R","M","T","M","E","M","$","?","R","B"],"character_chosen":"IRONCLAD","items_purchased":["Feel No Pain"],"campfire_rested":1,"item_purchase_floors":[5],"current_hp_per_floor":[78,71,76,60,60,22,22,22,22,23,20,26,26,15,39,0,0],"gold":219,"neow_bonus":"THREE_CARDS","is_daily":false,"chose_seed":true,"campfire_upgraded":1,"win_rate":0.0,"timestamp":1611620348,"path_taken":["M","?","M","?","$","E","R","M","T","M","E","M","$","?","R","BOSS"],"items_purchased_type":["Card"],"build_version":"2020-12-22","purchased_purges":0,"victory":false,"max_hp_per_floor":[80,80,80,80,80,80,80,80,80,80,80,80,80,80,80,80,80],"card_choices":[{"not_picked":["Anger","Pommel Strike"],"picked":"Armaments","floor":0},{"not_picked":["Sword Boomerang","Perfected Strike"],"picked":"Cleave","floor":1},{"not_picked":["Blood for Blood","Clash"],"picked":"Body Slam","floor":3},{"not_picked":["Dual Wield","Heavy Blade"],"picked":"Twin Strike","floor":6},{"not_picked":["Dual Wield","Whirlwind","Anger"],"picked":"SKIP","floor":8},{"not_picked":["Burning Pact","Flame Barrier"],"picked":"Immolate","floor":10},{"not_picked":["Ghostly Armor","Twin Strike"],"picked":"Flex","floor":11},{"not_picked":["Dual Wield","Berserk"],"picked":"True Grit","floor":12}],"player_experience":425367,"relics_obtained":[{"floor":6,"key":"Juzu Bracelet"},{"floor":9,"key":"Matryoshka"},{"floor":11,"key":"StrikeDummy"}],"event_choices":[{"cards_removed":["Strike_R"],"damage_healed":0,"gold_gain":0,"player_choice":"Card Removal","damage_taken":7,"max_hp_gain":0,"max_hp_loss":0,"event_name":"Golden Wing","floor":2,"gold_loss":0},{"damage_healed":0,"gold_gain":0,"player_choice":"Entered Light","damage_taken":16,"max_hp_gain":0,"max_hp_loss":0,"event_name":"Shining Light","floor":4,"gold_loss":0,"cards_upgraded":["Strike_R","Defend_R"]},{"damage_healed":0,"gold_gain":75,"player_choice":"Gather Gold","damage_taken":11,"max_hp_gain":0,"max_hp_loss":0,"event_name":"World of Goop","floor":14,"gold_loss":0}],"is_beta":false,"boss_relics":[],"items_purged_floors":[],"is_endless":false,"potions_floor_spawned":[10,11],"killed_by":"The Guardian","ascension_level":0}}