{"host":"cijhj3091wf4aho3","time":1611634495,"event":{"mods":["BaseMod","Colored Map","Colored Powertips","Downfall","Friendly Minions","GifTheSpireLib","Highlight Path","Minty Spire (QoL Compilation)","Permanent Neow","Random Character Button","Relic Sorter","Relic Stats","StSLib","everything is the same but u backflip on backflip","slay the spire mod where everything is the same but ironclad has a cowboy hat"],"gold_per_floor":[99,112,112,129,34,78,125,25,25,45,65,50,50,50,61,61,61,61],"floor_reached":16,"language":"ENG","playtime":602,"items_purged":[],"score":105,"play_id":"9a71e55d-ae5a-4278-b548-086317790d30","local_time":"20210125201455","is_ascension_mode":true,"campfire_choices":[{"data":"bronze:Replicate","floor":1,"key":"SMITH"},{"data":"bronze:Philosophize","floor":8,"key":"SMITH"},{"floor":13,"key":"REST"}],"circlet_count":0,"master_deck":["bronze:Strike","bronze:Strike","bronze:Strike","bronze:Strike","bronze:Defend","bronze:Defend","bronze:Defend","bronze:Defend","bronze:Replicate+1","bronze:Goto+1","bronze:InfiniteBeams","bronze:Philosophize+1","bronze:ClassDefault","bronze:Virus"],"relics":["bronze:BronzeCore","bronze:BottledCode","CeramicFish","downfall:HeartBlessingBlue","downfall:ShatteredFragment"],"acts_visited":["Exordium"],"potions_floor_usage":[12,16],"damage_taken":[{"damage":1,"enemies":"2 Louse","floor":2,"turns":4},{"damage":2,"enemies":"Small Slimes","floor":4,"turns":3},{"damage":0,"enemies":"downfall:FleeingMerchant","floor":5,"turns":4},{"damage":16,"enemies":"Gremlin Nob","floor":6,"turns":3},{"damage":2,"enemies":"Cultist","floor":10,"turns":3},{"damage":1,"enemies":"Large Slime","floor":11,"turns":4},{"damage":10,"enemies":"downfall:FleeingMerchant","floor":12,"turns":4},{"damage":0,"enemies":"2 Fungi Beasts","floor":15,"turns":3},{"damage":41,"enemies":"SI_SHIV_ARCHETYPE","floor":16,"turns":5}],"seed_played":"8916099297264611776","potions_obtained":[{"floor":6,"key":"champ:CounterPotion"},{"floor":10,"key":"Weak Potion"}],"is_trial":false,"path_per_floor":["R","M","?","M","$","E","T","R","?","M","M","$","R","?","M","B"],"character_chosen":"THE_AUTOMATON","items_purchased":["bronze:Philosophize"],"campfire_rested":1,"item_purchase_floors":[5],"current_hp_per_floor":[70,69,60,58,58,42,42,52,31,29,28,18,39,39,39,0,0,0],"gold":61,"neow_bonus":"UPGRADE_CARD","is_daily":false,"chose_seed":false,"campfire_upgraded":2,"win_rate":0.0,"timestamp":1611634495,"path_taken":["R","M","?","M","$","E","T","R","?","M","M","$","R","?","M","BOSS"],"items_purchased_type":["Card"],"build_version":"2020-12-22","purchased_purges":0,"victory":false,"max_hp_per_floor":[70,70,60,60,60,60,60,70,70,70,70,70,70,70,70,70,70,70],"relic_stats":{"counters":[9,33],"CeramicFish":18,"obtain_stats":[{"bronze:BottledCode":3,"bronze:BronzeCore":0,"downfall:ShatteredFragment":9,"downfall:HeartBlessingBlue":8,"CeramicFish":6},{"bronze:BottledCode":1,"bronze:BronzeCore":0,"downfall:ShatteredFragment":4,"downfall:HeartBlessingBlue":4,"CeramicFish":4},{"bronze:BottledCode":4,"bronze:BronzeCore":0,"downfall:ShatteredFragment":14,"downfall:HeartBlessingBlue":14,"CeramicFish":14}]},"card_choices":[{"not_picked":["bronze:DelayedGuard","bronze:OilSpill"],"picked":"bronze:InfiniteBeams","floor":2},{"not_picked":["bronze:Turbo","bronze:WildBeam","bronze:Repulsor"],"picked":"SKIP","floor":4},{"not_picked":["bronze:WildBeam","bronze:DelayedSlice","bronze:Shield"],"picked":"SKIP","floor":5},{"not_picked":["bronze:DigitalCarnage","bronze:Shell"],"picked":"bronze:ClassDefault","floor":6},{"not_picked":["bronze:WildBeam","bronze:Invalidate","bronze:Branch"],"picked":"SKIP","floor":10},{"not_picked":["bronze:Iterate","bronze:WildBeam"],"picked":"bronze:Virus","floor":11},{"not_picked":["bronze:Virus","bronze:Deprecate","bronze:BronzeArmor"],"picked":"SKIP","floor":12},{"not_picked":["bronze:DigitalCarnage","bronze:ChosenStrike","bronze:Refactor"],"picked":"SKIP","floor":15}],"player_experience":507617,"relics_obtained":[{"floor":6,"key":"CeramicFish"}],"event_choices":[{"damage_healed":0,"gold_gain":0,"player_choice":"Fled","damage_taken":0,"max_hp_gain":0,"max_hp_loss":0,"event_name":"Scrap Ooze","floor":14,"gold_loss":0}],"is_beta":false,"boss_relics":[],"items_purged_floors":[],"is_endless":false,"potions_floor_spawned":[6,10],"killed_by":"SI_SHIV_ARCHETYPE","ascension_level":1}}