{"host":"yq2wmfr0u0wuvxc0","time":1611653249,"event":{"mods":["Act Like it!","Aspiration","BaseMod","Curses Come First","Downfall","Friendly Minions","Gensokyo","Hero for Fun","Hubris","Infinite Spire","Marisa????????","Minty Spire (QoL Compilation)","Pale of the Ancients","Prisma Mod","Remilia??????","Shop Mod","Spicy Shops","StSLib","The Jungle","The Servant 0.9.4","Wide Potions"],"gold_per_floor":[1,16,16,31,31,61,61,76,76,106,106,121,136,136,101,201,201,201,216,231,231,286,316,316,331,361,376,376,376,376,406,421,521,521,521,536,551,601,226,226,241,271,286,86,116,116,131,131],"floor_reached":51,"language":"ZHS","playtime":625,"items_purged":["Defend_Y","Defend_Y","Shame","Strike_Y"],"score":1227,"play_id":"9a7ce718-accd-418c-8371-887244b01de0","local_time":"20210126012729","daily_mods":["Heirloom","Purple Cards","Elite Swarm"],"is_ascension_mode":false,"campfire_choices":[{"data":"Strike_Y","floor":1,"key":"SMITH"},{"data":"Serious_Side_Hops","floor":9,"key":"SMITH"},{"data":"Get_Hopes_Up","floor":11,"key":"SMITH"},{"data":"Oh","floor":18,"key":"SMITH"},{"floor":35,"key":"RECALL"},{"data":"expansioncontent:AwakenDeath","floor":45,"key":"SMITH"}],"circlet_count":0,"master_deck":["Strike_Y+1","Strike_Y","Strike_Y","Strike_Y","Slap","Ignore","Serious_Side_Hops+1","Yawn+1","Get_Hopes_Up+1","Oh+1","Side_Hop+1","Consecutive_Normal_Punch","Wear_Disguise","expansioncontent:AwakenDeath+1","Serious_Punch","Hip_Strike","theJungle:PetSnecko+1","Serious_Punch","Serious_Punch","Serious_Punch","Ignore+1","Do_Nothing+1"],"relics":["Cape","aspiration:AnachronicSnailShell","Unceasing Top","hubris:BottledRain","infinitespire:Eraser","hubris:Icosahedron","Empty Cage","theJungle:BirthdayCakeSlice","hubris:DeckOfHolding","aspiration:Lifesprig","hubris:Teleporter","Regal Pillow","theJungle:SneckoAutograph","hubris:MysteriousPyramids","aspiration:RitualDagger","Incense Burner","hexamod:Sixitude","hubris:TenFootPole","War Paint","downfall:HeartBlessingGreen","downfall:HeartBlessingRed","aspiration:StickyExplosives_weak"],"acts_visited":["Exordium","theJungle:Jungle","TheBeyond"],"potions_floor_usage":[16],"damage_taken":[{"damage":0,"enemies":"Jaw Worm","floor":2,"turns":1},{"damage":0,"enemies":"Cultist","floor":4,"turns":1},{"damage":0,"enemies":"3 Sentries","floor":6,"turns":1},{"damage":0,"enemies":"2 Louse","floor":8,"turns":1},{"damage":0,"enemies":"Lagavulin","floor":10,"turns":1},{"damage":0,"enemies":"Blue Slaver","floor":12,"turns":1},{"damage":0,"enemies":"2 Fungi Beasts","floor":13,"turns":1},{"damage":0,"enemies":"3 Louse","floor":15,"turns":2},{"damage":0,"enemies":"Slime Boss","floor":16,"turns":1},{"damage":0,"enemies":"theJungle:GiantWrat","floor":19,"turns":1},{"damage":0,"enemies":"theJungle:MUSHROOMGANG","floor":20,"turns":3},{"damage":0,"enemies":"downfall:FleeingMerchant","floor":22,"turns":1},{"damage":0,"enemies":"theJungle:2_Phrogs","floor":23,"turns":2},{"damage":0,"enemies":"theJungle:Lyon","floor":25,"turns":1},{"damage":0,"enemies":"Nightmare","floor":26,"turns":1},{"damage":0,"enemies":"theJungle:Snecko_Cultist_And_Trap","floor":27,"turns":1},{"damage":0,"enemies":"theJungle:MamaSnecko","floor":31,"turns":1},{"damage":0,"enemies":"Snake Plant","floor":32,"turns":1},{"damage":0,"enemies":"IC_MUSHROOM_ARCHETYPE","floor":33,"turns":1},{"damage":0,"enemies":"3 Shapes","floor":36,"turns":1},{"damage":0,"enemies":"3 Darklings","floor":37,"turns":2},{"damage":0,"enemies":"3 Darklings","floor":39,"turns":1},{"damage":0,"enemies":"Writhing Mass","floor":42,"turns":1},{"damage":0,"enemies":"Nightmare","floor":43,"turns":1},{"damage":0,"enemies":"4 Shapes","floor":44,"turns":2},{"damage":0,"enemies":"Nemesis","floor":46,"turns":1},{"damage":0,"enemies":"Sphere and 2 Shapes","floor":49,"turns":1},{"damage":0,"enemies":"WA_ARCHETYPE_DIVINITY","floor":50,"turns":1}],"seed_played":"-4735054310349275430","potions_obtained":[{"floor":6,"key":"Fire Potion"},{"floor":8,"key":"Fire Potion"},{"floor":13,"key":"SteroidPotion"},{"floor":16,"key":"Swift Potion"},{"floor":31,"key":"infinitespire:BlackPotion"},{"floor":32,"key":"AttackPotion"}],"is_trial":false,"path_per_floor":["R","M","?","M","?","E","T","M","R","E","R","M","M","?","M","B",null,"R","M","M","?","$","E","T","M","NM","M","AVR","?","?","E","M","B",null,"R","M","M","?","$","T","M","NM","M","R","E","?","M","B",null],"character_chosen":"OPM","items_purchased":["Wear_Disguise","expansioncontent:AwakenDeath","hubris:TenFootPole"],"campfire_rested":0,"item_purchase_floors":[22,22,40],"current_hp_per_floor":[999,999,999,999,999,999,999,999,999,999,999,999,999,999,999,999,999,999,999,999,1004,1004,1004,1004,1004,1004,1004,1004,1004,1004,1004,1004,1004,1004,1004,1004,1004,1004,1004,1004,1004,1004,1004,1004,1004,1004,1004,1004],"gold":131,"neow_bonus":"","is_daily":true,"chose_seed":false,"campfire_upgraded":5,"win_rate":0.0,"timestamp":1611653249,"path_taken":["R","M","?","?","?","E","T","M","R","E","R","?","M","?","M","BOSS","R","M","M","?","$","E","T","M","NM","M","AVR","?","?","E","M","BOSS","R","M","M","?","$","T","M","NM","M","R","E","?","M","BOSS"],"items_purchased_type":["Card","Card","Relic"],"build_version":"2020-12-22","purchased_purges":4,"victory":true,"max_hp_per_floor":[999,999,999,999,999,999,999,999,999,999,999,999,999,999,999,999,999,999,999,999,1004,1004,1004,1004,1004,1004,1004,1004,1004,1004,1004,1004,1004,1004,1004,1004,1004,1004,1004,1004,1004,1004,1004,1004,1004,1004,1004,1004],"card_choices":[{"not_picked":["Slap","Toss_Stone","Normal_Punch"],"picked":"SKIP","floor":2},{"not_picked":["Toss_Stone","Slap"],"picked":"Ignore","floor":4},{"not_picked":["Hip_Strike","Terrifying_Presence"],"picked":"Serious_Side_Hops","floor":6},{"not_picked":["Do_Nothing","Ignore"],"picked":"Yawn","floor":8},{"not_picked":["Serious_Side_Hops","Terrifying_Presence"],"picked":"Get_Hopes_Up","floor":10},{"not_picked":["Normal_Punch","Hop","Do_Nothing"],"picked":"SKIP","floor":12},{"not_picked":["Slap","Do_Nothing","Yawn"],"picked":"SKIP","floor":13},{"not_picked":["Slap","Do_Nothing","Yawn"],"picked":"SKIP","floor":13},{"not_picked":["Slap","Hop","Yawn"],"picked":"SKIP","floor":15},{"not_picked":["Serious_Side_Hops","Terrifying_Presence"],"picked":"Oh","floor":16},{"not_picked":["Slap+1","Yawn"],"picked":"Side_Hop+1","floor":19},{"not_picked":["Yawn","Hop"],"picked":"Consecutive_Normal_Punch","floor":20},{"not_picked":["Normal_Punch+1","Yawn","Toss_Stone"],"picked":"SKIP","floor":22},{"not_picked":["Hip_Strike","Terrifying_Presence"],"picked":"Serious_Punch","floor":23},{"not_picked":["Ignore","Yawn","Side_Hop"],"picked":"SKIP","floor":25},{"not_picked":["Terrifying_Presence","Get_Hopes_Up"],"picked":"Hip_Strike","floor":26},{"not_picked":["Hop","Wear_Disguise","Slap"],"picked":"SKIP","floor":27},{"not_picked":["Terrifying_Presence","Get_Hopes_Up"],"picked":"Serious_Punch","floor":31},{"not_picked":["Ignore","Slap","Wear_Disguise"],"picked":"SKIP","floor":32},{"not_picked":["Terrifying_Presence","Get_Hopes_Up"],"picked":"Serious_Punch","floor":33},{"not_picked":["Ignore","Slap","Yawn+1"],"picked":"SKIP","floor":36},{"not_picked":["Side_Hop+1","Consecutive_Normal_Punch+1","Toss_Stone+1"],"picked":"SKIP","floor":37},{"not_picked":["Ignore","Normal_Punch+1","Hop"],"picked":"SKIP","floor":42},{"not_picked":["Terrifying_Presence","Oh"],"picked":"Serious_Punch","floor":43},{"not_picked":["Yawn","Hop"],"picked":"Ignore+1","floor":44},{"not_picked":["Get_Hopes_Up","Oh","Serious_Side_Hops"],"picked":"SKIP","floor":46},{"not_picked":["Consecutive_Normal_Punch","Hop"],"picked":"Do_Nothing+1","floor":49}],"player_experience":266462,"relics_obtained":[{"floor":6,"key":"Unceasing Top"},{"floor":7,"key":"hubris:BottledRain"},{"floor":10,"key":"infinitespire:Eraser"},{"floor":23,"key":"hubris:DeckOfHolding"},{"floor":24,"key":"aspiration:Lifesprig"},{"floor":26,"key":"hubris:Teleporter"},{"floor":31,"key":"hubris:MysteriousPyramids"},{"floor":39,"key":"Incense Burner"},{"floor":43,"key":"War Paint"},{"floor":46,"key":"aspiration:StickyExplosives_weak"}],"event_choices":[{"damage_healed":0,"gold_gain":0,"cards_transformed":["Defend_Y"],"player_choice":"Transformed","damage_taken":0,"max_hp_gain":0,"max_hp_loss":0,"event_name":"Transmorgrifier","floor":3,"gold_loss":0,"cards_obtained":["Slap"]},{"damage_healed":0,"gold_gain":0,"player_choice":"0 cards matched","damage_taken":0,"max_hp_gain":0,"max_hp_loss":0,"event_name":"Match and Keep!","floor":5,"gold_loss":0,"cards_obtained":[]}],"is_beta":false,"boss_relics":[{"not_picked":["hubris:BlackHole","hubris:RunicObelisk"],"picked":"Empty Cage"},{"not_picked":["hubris:Stopwatch","aspiration:WatcherSkillbook"],"picked":"aspiration:RitualDagger"}],"items_purged_floors":[22,28,40,40],"is_endless":false,"potions_floor_spawned":[6,8,13,16,19,23,25,31,32,36,43,49],"ascension_level":0}}