{"host":"ojezjkpqju62j8xy","time":1611663679,"event":{"mods":["ATMod(°¢èªMod)","Act Like it!","Aspiration","BaseMod","Conspire","Minty Spire (QoL Compilation)","Pale of the Ancients","Replay The Spire","Spicy Shops","StSLib","[GremlinLeader]The Maniac","¡¾ÒÅÎï¿¨ÅÆ¡¿REMEMod"],"gold_per_floor":[114,64,87,162,189,189,231,241,241,293,293,312,332,365,365,371,371],"floor_reached":16,"language":"ZHS","playtime":461,"items_purged":[],"score":279,"play_id":"f28177d4-5973-434a-979c-3a80991575c8","local_time":"20210126202119","is_ascension_mode":true,"campfire_choices":[{"floor":6,"key":"REST"},{"floor":11,"key":"REST"},{"floor":15,"key":"RECALL"}],"circlet_count":0,"master_deck":["AscendersBane","Strike_G","Strike_G","Strike_G","Strike_G","Strike_G","Defend_G","Defend_G","Defend_G","Defend_G","Defend_G","Survivor","Neutralize","AT_DrawKnifeCut","REME_Flogging","Predator","conspire:SpireCoStock","Dagger Throw","Endless Agony","Terror","Noxious Fumes","Poisoned Stab","Cloak And Dagger","AT_Desolate","Dagger Spray"],"relics":["Ring of the Snake","AT_ATBox","REME_ComplimentaryCards","Art of War","Anchor","Pet Ghost"],"acts_visited":["Exordium"],"potions_floor_usage":[10,10,16],"damage_taken":[{"damage":0.0,"enemies":"2 Louse","floor":1.0,"turns":1.0},{"damage":0.0,"enemies":"Jaw Worm","floor":3.0,"turns":3.0},{"damage":4,"enemies":"Small Slimes","floor":5,"turns":2},{"damage":34,"enemies":"Gremlin Nob","floor":7,"turns":4},{"damage":0,"enemies":"2 Fungi Beasts","floor":8,"turns":2},{"damage":24,"enemies":"3 Sentries","floor":10,"turns":4},{"damage":1,"enemies":"Looter","floor":12,"turns":2},{"damage":3,"enemies":"Large Slime","floor":13,"turns":4},{"damage":0,"enemies":"Lagavulin","floor":14,"turns":3},{"damage":65,"enemies":"Fading Forest","floor":16,"turns":11}],"seed_played":"-2562884676692931261","potions_obtained":[{"floor":7,"key":"AttackPotion"},{"floor":8,"key":"Swift Potion"},{"floor":10,"key":"Block Potion"},{"floor":13,"key":"FairyPotion"}],"is_trial":false,"path_per_floor":["M","?","M","?","M","R","E","M","T","E","R","M","M","E","R","B"],"character_chosen":"THE_SILENT","items_purchased":[],"campfire_rested":2,"item_purchase_floors":[],"current_hp_per_floor":[65,65,65,54,50,71,37,37,37,13,34,33,30,30,30,0,0],"gold":371,"neow_bonus":"TEN_PERCENT_HP_BONUS","is_daily":false,"chose_seed":false,"campfire_upgraded":0,"win_rate":0.0,"timestamp":1611663679,"path_taken":["M","?","M","?","M","R","E","M","T","E","R","M","M","E","R","BOSS"],"items_purchased_type":[],"build_version":"2020-12-22","purchased_purges":0,"victory":false,"max_hp_per_floor":[72,72,72,72,72,72,72,72,72,72,72,72,72,72,72,72,72],"card_choices":[{"not_picked":["AT_ArcaneSupremacy","Flechettes"],"picked":"Predator","floor":1.0},{"not_picked":["Dodge and Roll","Outmaneuver"],"picked":"Dagger Throw","floor":3.0},{"not_picked":["Bane","PiercingWail"],"picked":"Endless Agony","floor":5},{"not_picked":["Underhanded Strike","Dagger Throw"],"picked":"Terror","floor":7},{"not_picked":["Poisoned Stab","Envenom"],"picked":"Noxious Fumes","floor":8},{"not_picked":["Reflex","PiercingWail"],"picked":"Poisoned Stab","floor":10},{"not_picked":["PiercingWail","ReplayTheSpireMod:Tripwire"],"picked":"Cloak And Dagger","floor":12},{"not_picked":["ReplayTheSpireMod:Tripwire","Cloak And Dagger"],"picked":"AT_Desolate","floor":13},{"not_picked":["Deflect","Fluid Movement"],"picked":"Dagger Spray","floor":14}],"player_experience":1386505,"relics_obtained":[{"floor":7,"key":"Art of War"},{"floor":10,"key":"Anchor"},{"floor":14,"key":"Pet Ghost"}],"event_choices":[{"damage_healed":0.0,"max_hp_gain":0.0,"max_hp_loss":0.0,"gold_gain":0.0,"event_name":"conspire:Investor","player_choice":"Invest 1","floor":2.0,"gold_loss":0.0,"damage_taken":0.0},{"damage_healed":0.0,"max_hp_gain":0.0,"max_hp_loss":0.0,"gold_gain":75.0,"event_name":"World of Goop","player_choice":"Gather Gold","floor":4.0,"gold_loss":0.0,"damage_taken":11.0}],"is_beta":false,"boss_relics":[],"items_purged_floors":[],"is_endless":false,"potions_floor_spawned":[7,8,10,13,14],"killed_by":"Fading Forest","ascension_level":18}}