{"host":"Krakhan","time":1611627667,"event":{"mods":["AchievementEnabler","BaseMod","Colored Map","Colored Powertips","Faster Ascension Climbing","Highlight Path","Minty Spire (QoL Compilation)","Rare Cards Sparkle","Relic Stats","StSLib"],"gold_per_floor":[119,138,138,9,21,64,64,64,64],"floor_reached":8,"language":"ENG","playtime":310,"items_purged":[],"score":112,"play_id":"e56647d8-572f-4a9a-9c45-cf9c24365df3","local_time":"20210125212107","is_ascension_mode":true,"campfire_choices":[],"circlet_count":0,"master_deck":["AscendersBane","Strike_R","Strike_R","Strike_R","Strike_R","Strike_R","Defend_R","Defend_R","Defend_R","Bash","Anger","Evolve","Hemokinesis","Dark Embrace","Feel No Pain","Offering"],"relics":["Sozu","CeramicFish"],"acts_visited":["Exordium"],"potions_floor_usage":[],"damage_taken":[{"damage":2,"enemies":"Cultist","floor":1,"turns":4},{"damage":4,"enemies":"Small Slimes","floor":2,"turns":3},{"damage":10,"enemies":"2 Louse","floor":5,"turns":2},{"damage":30,"enemies":"Gremlin Nob","floor":6,"turns":4},{"damage":30,"enemies":"Lagavulin","floor":8,"turns":3}],"seed_played":"3869684331501527289","potions_obtained":[],"is_trial":false,"path_per_floor":["M","M","?","$","M","E","?","E"],"character_chosen":"IRONCLAD","items_purchased":["Hemokinesis","Dark Embrace"],"campfire_rested":0,"item_purchase_floors":[4,4],"current_hp_per_floor":[66,62,55,55,45,15,15,0,0],"gold":64,"neow_bonus":"BOSS_RELIC","is_daily":false,"chose_seed":false,"campfire_upgraded":0,"win_rate":0.0,"timestamp":1611627667,"path_taken":["M","M","?","$","M","E","?","E"],"items_purchased_type":["Card","Card"],"build_version":"2020-12-18","purchased_purges":0,"victory":false,"max_hp_per_floor":[75,75,75,75,75,75,75,75,75],"relic_stats":{"Sozu":4,"counters":[5,16],"CeramicFish":9,"obtain_stats":[{"Sozu":0,"CeramicFish":6,"Burning Blood":0},{"Sozu":0,"CeramicFish":4,"Burning Blood":0},{"Sozu":0,"CeramicFish":13,"Burning Blood":0}]},"card_choices":[{"not_picked":["Body Slam","Sentinel"],"picked":"Anger","floor":1},{"not_picked":["Clash","Disarm"],"picked":"Evolve","floor":2},{"not_picked":["Clothesline","Heavy Blade"],"picked":"Feel No Pain","floor":5},{"not_picked":["Pommel Strike","Sever Soul"],"picked":"Offering","floor":6}],"player_experience":1366725,"relics_obtained":[{"floor":6,"key":"CeramicFish"}],"event_choices":[{"cards_removed":["Defend_R"],"damage_healed":0,"gold_gain":0,"player_choice":"Card Removal","damage_taken":7,"max_hp_gain":0,"max_hp_loss":0,"event_name":"Golden Wing","floor":3,"gold_loss":0},{"damage_healed":0,"gold_gain":0,"player_choice":"Ignored","damage_taken":0,"max_hp_gain":0,"max_hp_loss":0,"event_name":"Liars Game","floor":7,"gold_loss":0}],"is_beta":true,"boss_relics":[],"items_purged_floors":[],"is_endless":false,"potions_floor_spawned":[1,2,5,6],"killed_by":"Lagavulin","ascension_level":20}}