{"host":"neshiy0twyn5josp","time":1611664689,"event":{"mods":["AchievementEnabler","Act Like it!","AlwaysNeverKeys","Aspiration","BaseMod","Better Note","Better Silent Start","Better Third Choice","Challenge The Spire","Colored Powertips","Conspire","Emptier Cage","Energized Spire","GifTheSpireLib","Hubris","Minty Spire (QoL Compilation)","Permanent Neow","Quick Restart","Rare Cards Sparkle","Replay The Spire","Reworked Bosses","Spicy Shops","StS++","StSLib","Stuff the Spire"],"gold_per_floor":[112,112,112,112,112,112,144,144,144,156,188,138,138,155,155,256,256,266,266,191,202,202,237,256,256,256,256,289,289,289,303,303,406,406,406],"floor_reached":34,"language":"ENG","playtime":1275,"items_purged":["Defend_G"],"score":414,"play_id":"39603ea8-e406-4b18-a20e-3524c5922024","local_time":"20210126043809","daily_mods":["Heirloom"],"is_ascension_mode":true,"campfire_choices":[{"data":"Survivor","floor":6.0,"key":"SMITH"},{"floor":8.0,"key":"REST"},{"data":"StuffTheSpire:Injection","floor":13.0,"key":"SMITH"},{"data":"Dash","floor":15.0,"key":"SMITH"},{"data":"ReplayTheSpireMod:From All Sides","floor":27.0,"key":"SMITH"},{"data":"Dagger Spray","floor":30.0,"key":"SMITH"},{"floor":32.0,"key":"REST"}],"circlet_count":0,"master_deck":["Strike_G","Strike_G","Defend_G+1","Defend_G+1","Survivor+1","Neutralize+1","StuffTheSpire:Python+1","StuffTheSpire:Injection+1","Dash+1","Phantasmal Killer+1","StuffTheSpire:Python+1","conspire:PoisonWeapons+1","StuffTheSpire:Sprint+1","ReplayTheSpireMod:From All Sides+1","Dagger Spray+1","Deadly Poison+1","Backstab+1","StuffTheSpire:Injection"],"relics":["Ring of the Snake","Ring of Chaos","The Specimen","Toxic Egg 2","Snack Pack","Sundial","hubris:DeckOfHolding","Black Star","Omamori","StSpp:Monolith","hubris:Icosahedron","Regal Pillow","aspiration:AnachronicSnailShell","Replay:Bottled Eggs","InkBottle"],"acts_visited":["Exordium","TheCity"],"potions_floor_usage":[],"damage_taken":[{"damage":0.0,"enemies":"Jaw Worm","floor":1.0,"turns":6.0},{"damage":29.0,"enemies":"Lagavulin","floor":7.0,"turns":12.0},{"damage":0.0,"enemies":"Small Slimes","floor":10.0,"turns":4.0},{"damage":13.0,"enemies":"Gremlin Nob","floor":11.0,"turns":5.0},{"damage":0.0,"enemies":"2 Louse","floor":14.0,"turns":2.0},{"damage":3.0,"enemies":"The Guardian","floor":16.0,"turns":9.0},{"damage":0.0,"enemies":"3 Byrds","floor":18.0,"turns":6.0},{"damage":6.0,"enemies":"Chosen","floor":21.0,"turns":4.0},{"damage":11.0,"enemies":"Gremlin Leader","floor":23.0,"turns":6.0},{"damage":15.0,"enemies":"Snake Plant","floor":24.0,"turns":4.0},{"damage":3.0,"enemies":"Book of Stabbing","floor":28.0,"turns":5.0},{"damage":11.0,"enemies":"Shelled Parasite and Fungi","floor":31.0,"turns":3.0},{"damage":16,"enemies":"bossMod:newCollector","floor":33,"turns":5}],"seed_played":"5507833650803457920","potions_obtained":[{"floor":1.0,"key":"Explosive Potion"},{"floor":11.0,"key":"BlessingOfTheForge"},{"floor":16.0,"key":"PowerPotion"},{"floor":21.0,"key":"LiquidBronze"},{"floor":28.0,"key":"Block Potion"},{"floor":31.0,"key":"PowerPotion"}],"is_trial":true,"path_per_floor":["M","?","T","?","?","R","E","R","T","M","E","?","R","M","R","B",null,"M","?","$","M","?","E","M","?","T","R","E","?","R","M","R","B",null],"character_chosen":"THE_SILENT","items_purchased":[],"campfire_rested":2,"item_purchase_floors":[],"current_hp_per_floor":[70,70,70,70,70,70,41,62,62,64,53,53,53,53,53,52,70,70,70,70,66,66,57,42,42,42,42,41,41,41,30,66,54,54,54],"gold":406,"neow_bonus":"","is_daily":false,"chose_seed":false,"campfire_upgraded":5,"win_rate":0.0,"timestamp":1611664689,"path_taken":["M","?","?","?","?","R","E","R","T","M","E","?","R","?","R","BOSS","M","?","$","M","?","E","M","?","T","R","E","?","R","M","R","BOSS"],"items_purchased_type":[],"build_version":"2020-12-22","purchased_purges":1,"victory":false,"max_hp_per_floor":[70,70,70,70,70,70,70,70,70,70,70,70,70,70,70,70,70,70,70,70,70,70,70,70,70,70,70,70,70,70,70,70,70,70,70],"card_choices":[{"not_picked":["Setup","StuffTheSpire:ClusterCrunch","StuffTheSpire:Python"],"picked":"SKIP","floor":1.0},{"not_picked":["Dagger Spray","Blade Dance+1","aspiration:Lunge"],"picked":"SKIP","floor":7.0},{"not_picked":["Setup+1","Dagger Throw"],"picked":"StuffTheSpire:Python+1","floor":10.0},{"not_picked":["Flechettes","Cloak And Dagger+1"],"picked":"StuffTheSpire:Injection","floor":11.0},{"not_picked":["StuffTheSpire:Incantation+1","StuffTheSpire:Injection"],"picked":"Dash","floor":14.0},{"not_picked":["Storm of Steel+1","Grand Finale"],"picked":"Phantasmal Killer+1","floor":16.0},{"not_picked":["StSpp:PoisonousPunch+1","StuffTheSpire:MirrorStance+1"],"picked":"StuffTheSpire:Python+1","floor":18.0},{"not_picked":["Deadly Poison+1","StuffTheSpire:BumpUp"],"picked":"StuffTheSpire:Sprint+1","floor":21.0},{"not_picked":["Quick Slash+1","Dodge and Roll+1"],"picked":"Deadly Poison+1","floor":23.0},{"not_picked":["StSpp:Dive+1","Setup+1"],"picked":"Backstab+1","floor":24.0},{"not_picked":["ReplayTheSpireMod:Scrap Shanks+1","Sucker Punch+1","Caltrops+1"],"picked":"SKIP","floor":28.0},{"not_picked":["StuffTheSpire:DoubleShiv+1","Hidden Blade+1"],"picked":"StuffTheSpire:Injection","floor":31.0}],"player_experience":278847,"relics_obtained":[{"floor":3.0,"key":"Toxic Egg 2"},{"floor":7.0,"key":"Snack Pack"},{"floor":9.0,"key":"Sundial"},{"floor":11.0,"key":"hubris:DeckOfHolding"},{"floor":23.0,"key":"Omamori"},{"floor":23.0,"key":"StSpp:Monolith"},{"floor":26.0,"key":"Regal Pillow"},{"floor":28.0,"key":"aspiration:AnachronicSnailShell"},{"floor":28.0,"key":"Replay:Bottled Eggs"}],"event_choices":[{"damage_healed":0.0,"max_hp_gain":0.0,"max_hp_loss":0.0,"gold_gain":0.0,"event_name":"Living Wall","player_choice":"Grow","floor":2.0,"gold_loss":0.0,"damage_taken":0.0,"cards_upgraded":["Neutralize"]},{"damage_healed":0.0,"max_hp_gain":0.0,"max_hp_loss":0.0,"gold_gain":0.0,"event_name":"conspire:Investor","player_choice":"Leave","floor":4.0,"gold_loss":0.0,"damage_taken":0.0},{"cards_removed":["Strike_G"],"damage_healed":0.0,"max_hp_gain":0.0,"max_hp_loss":0.0,"gold_gain":0.0,"event_name":"The Cleric","player_choice":"Card Removal","floor":12.0,"gold_loss":50.0,"damage_taken":0.0},{"damage_healed":0.0,"max_hp_gain":0.0,"max_hp_loss":0.0,"gold_gain":0.0,"event_name":"The Library","player_choice":"Read","floor":19.0,"gold_loss":0.0,"damage_taken":0.0,"cards_obtained":["conspire:PoisonWeapons"]},{"damage_healed":0.0,"max_hp_gain":0.0,"max_hp_loss":0.0,"gold_gain":0.0,"cards_transformed":["Strike_G","Defend_G"],"event_name":"Drug Dealer","player_choice":"Became Test Subject","floor":22.0,"gold_loss":0.0,"damage_taken":0.0,"cards_obtained":["ReplayTheSpireMod:From All Sides","Dagger Spray"]}],"is_beta":false,"boss_relics":[{"not_picked":["Replay:Wanted Poster","hubris:Stopwatch"],"picked":"Black Star"}],"items_purged_floors":[20],"is_endless":false,"potions_floor_spawned":[1,11,16,21,28,31,33],"ascension_level":1}}