{"host":"uv5ws9rdk87e8i5k","time":1611629246,"event":{"mods":["AchievementEnabler","BaseMod","Colored Map","Minty Spire (QoL Compilation)","Permanent Neow","Quick Restart","StSLib","SuperFastMode","The Animator","The Cursed","The Hierophant","The Necromancer"],"gold_per_floor":[127,150,177,205,167,206,218,259,296,322,354,366,412,435,447,459,459],"floor_reached":16,"language":"ENG","playtime":333,"items_purged":[],"score":174,"play_id":"b6d21e03-084f-445c-a2ea-ae6a1c2f90a6","local_time":"20210125204726","is_ascension_mode":true,"campfire_choices":[{"data":"Whirlwind","floor":12,"key":"SMITH"},{"floor":15,"key":"REST"}],"circlet_count":0,"master_deck":["Strike_R","Strike_R","Strike_R+1","Strike_R","Defend_R+1","Defend_R+1","Defend_R","Defend_R","Bash+1","Battle Trance","Pommel Strike","Rage","Havoc","Whirlwind+1","Decay","Battle Trance","Havoc"],"relics":["Burning Blood","MawBank","War Paint","Lantern","Pen Nib","Whetstone"],"acts_visited":["Exordium"],"potions_floor_usage":[6,13,13,14],"damage_taken":[{"damage":3,"enemies":"2 Louse","floor":1,"turns":3},{"damage":9,"enemies":"Small Slimes","floor":2,"turns":4},{"damage":1,"enemies":"Cultist","floor":3,"turns":3},{"damage":13,"enemies":"Looter","floor":4,"turns":3},{"damage":34,"enemies":"Lagavulin","floor":6,"turns":6},{"damage":34,"enemies":"3 Sentries","floor":8,"turns":7},{"damage":0,"enemies":"3 Louse","floor":10,"turns":1},{"damage":6,"enemies":"Gremlin Gang","floor":11,"turns":2},{"damage":19,"enemies":"Gremlin Nob","floor":13,"turns":3},{"damage":3,"enemies":"Looter","floor":14,"turns":3},{"damage":10,"enemies":"The Guardian","floor":16,"turns":4}],"seed_played":"6374270962549791927","potions_obtained":[{"floor":2,"key":"SpeedPotion"},{"floor":4,"key":"Strength Potion"},{"floor":10,"key":"AttackPotion"},{"floor":11,"key":"ColorlessPotion"},{"floor":13,"key":"ElixirPotion"}],"is_trial":false,"path_per_floor":["M","M","M","M","?","E","?","E","T","M","M","R","E","M","R","B"],"character_chosen":"IRONCLAD","items_purchased":[],"campfire_rested":1,"item_purchase_floors":[],"current_hp_per_floor":[75,72,77,70,70,42,42,14,14,20,20,20,7,10,34,24,24],"gold":459,"neow_bonus":"RANDOM_COMMON_RELIC","is_daily":false,"chose_seed":false,"campfire_upgraded":1,"win_rate":0.0,"timestamp":1611629246,"path_taken":["M","M","M","M","?","E","?","E","T","M","M","R","E","?","R","BOSS"],"items_purchased_type":[],"build_version":"2020-12-22","purchased_purges":0,"victory":false,"max_hp_per_floor":[80,80,80,80,80,80,80,80,80,80,80,80,80,80,80,80,80],"card_choices":[{"not_picked":["Clothesline","Iron Wave"],"picked":"Battle Trance","floor":1},{"not_picked":["Wild Strike","Ghostly Armor"],"picked":"Pommel Strike","floor":2},{"not_picked":["Sword Boomerang","Perfected Strike"],"picked":"Rage","floor":3},{"not_picked":["Impervious","Thunderclap"],"picked":"Havoc","floor":4},{"not_picked":["Feel No Pain","Armaments"],"picked":"Whirlwind","floor":6},{"not_picked":["True Grit","Offering","Metallicize"],"picked":"SKIP","floor":8},{"not_picked":["Sever Soul","Havoc"],"picked":"Battle Trance","floor":10},{"not_picked":["Armaments","Rage"],"picked":"Havoc","floor":11},{"not_picked":["Sever Soul","Warcry","True Grit"],"picked":"SKIP","floor":13},{"not_picked":["Searing Blow","Clothesline","Twin Strike"],"picked":"SKIP","floor":14}],"player_experience":282654,"relics_obtained":[{"floor":6,"key":"War Paint"},{"floor":8,"key":"Lantern"},{"floor":9,"key":"Pen Nib"},{"floor":13,"key":"Whetstone"}],"event_choices":[{"cards_removed":["Strike_R"],"damage_healed":0,"gold_gain":0,"player_choice":"Card Removal","damage_taken":0,"max_hp_gain":0,"max_hp_loss":0,"event_name":"The Cleric","floor":5,"gold_loss":50},{"damage_healed":0,"gold_gain":0,"player_choice":"Cursed","damage_taken":0,"max_hp_gain":0,"max_hp_loss":0,"event_name":"Wheel of Change","floor":7,"gold_loss":0,"cards_obtained":["Decay"]}],"is_beta":false,"boss_relics":[],"items_purged_floors":[],"is_endless":false,"potions_floor_spawned":[2,4,10,11,13],"killed_by":"The Guardian","ascension_level":8}}