{"host":"6q94iy5iz6612v89","time":1611673124,"event":{"mods":["2.2 Compatiblity","AchievementEnabler","BaseMod","Colored Map","DeckTracker","Keyboard Shortcuts","Marisa£¨Ùöéë¡¡Øª×âÞÞ£©","Minty Spire (QoL Compilation)","Permanent Neow","StSLib","SuperFastMode"],"gold_per_floor":[117,117,70,88,163,197,197,44,70,104,137,201,45,158,158,269,269,298,324,352,178,246,246,283,397,397,397,397,441,441,493,493,593,593,608,667,371,461,461,1054,1068,1458,1530,1576,1220,1220,1816,1875,1875,2757,2757,2757,2284,2317,2317,2317],"floor_reached":55,"language":"KOR","playtime":1641,"items_purged":["Strike_MRS","Strike_MRS","Defend_MRS","MagicChant","Robbery"],"score":1129,"play_id":"11732af1-f3be-47bc-ab2d-6455beb63b03","local_time":"20210126235844","is_ascension_mode":true,"campfire_choices":[{"data":"WitchLeyline","floor":7.0,"key":"SMITH"},{"data":"GalacticHalo","floor":15.0,"key":"SMITH"},{"floor":23.0,"key":"REST"},{"data":"MasterSpark","floor":32.0,"key":"SMITH"},{"floor":46.0,"key":"REST"},{"floor":49.0,"key":"RECALL"},{"data":"GalacticHalo","floor":52.0,"key":"SMITH"}],"circlet_count":0,"master_deck":["Defend_MRS","Defend_MRS+1","Defend_MRS+1","MasterSpark+1","GalacticHalo+1","GalacticHalo+1","NonDirectionalLaser","EnergyFlow+1","GalacticHalo+1","GrandCross+1","ChargingUp","MilkyWay+1","EnergyRecoil","Finesse","EnergyFlow+1","MagicAbsorber+1","Master of Strategy","Apotheosis","Discovery"],"relics":["MiniHakkero","NeowsBlessing","BreadOfAWashokuLover","White Beast Statue","Vajra","Peace Pipe","Membership Card","Empty Cage","Toy Ornithopter","Bag of Preparation","Molten Egg 2","Philosopher\u0027s Stone","War Paint","Prayer Wheel","Letter Opener","InkBottle","Dream Catcher","Bronze Scales","Bag of Marbles","Lee\u0027s Waffle","Pantograph"],"acts_visited":["Exordium","TheCity","TheBeyond","TheEnding"],"potions_floor_usage":[54,55,55],"damage_taken":[{"damage":0.0,"enemies":"2 Louse","floor":1.0,"turns":1.0},{"damage":0.0,"enemies":"Cultist","floor":4.0,"turns":1.0},{"damage":0.0,"enemies":"Lagavulin","floor":6.0,"turns":1.0},{"damage":0.0,"enemies":"Small Slimes","floor":10.0,"turns":2.0},{"damage":6.0,"enemies":"3 Louse","floor":11.0,"turns":2.0},{"damage":7.0,"enemies":"3 Sentries","floor":12.0,"turns":5.0},{"damage":20.0,"enemies":"Blue Slaver","floor":14.0,"turns":11.0},{"damage":21.0,"enemies":"Slime Boss","floor":16.0,"turns":9.0},{"damage":25.0,"enemies":"Chosen","floor":18.0,"turns":7.0},{"damage":20.0,"enemies":"Shell Parasite","floor":19.0,"turns":7.0},{"damage":12.0,"enemies":"Snecko","floor":20.0,"turns":6.0},{"damage":38.0,"enemies":"Cultist and Chosen","floor":22.0,"turns":8.0},{"damage":22.0,"enemies":"Book of Stabbing","floor":24.0,"turns":5.0},{"damage":0.0,"enemies":"Centurion and Healer","floor":25.0,"turns":7.0},{"damage":0.0,"enemies":"Snecko","floor":29.0,"turns":4.0},{"damage":17.0,"enemies":"3 Cultists","floor":31.0,"turns":6.0},{"damage":14.0,"enemies":"Automaton","floor":33.0,"turns":6.0},{"damage":25.0,"enemies":"3 Darklings","floor":35.0,"turns":5.0},{"damage":4.0,"enemies":"Orb Walker","floor":36.0,"turns":4.0},{"damage":6.0,"enemies":"3 Darklings","floor":38.0,"turns":8.0},{"damage":13.0,"enemies":"Maw","floor":40.0,"turns":5.0},{"damage":9.0,"enemies":"Sphere and 2 Shapes","floor":41.0,"turns":3.0},{"damage":0.0,"enemies":"Spire Growth","floor":42.0,"turns":4.0},{"damage":3.0,"enemies":"Nemesis","floor":44.0,"turns":3.0},{"damage":0.0,"enemies":"Maw","floor":47.0,"turns":5.0},{"damage":23.0,"enemies":"3 Darklings","floor":48.0,"turns":5.0},{"damage":21.0,"enemies":"Time Eater","floor":50.0,"turns":6.0},{"damage":64,"enemies":"Shield and Spear","floor":54,"turns":6},{"damage":98,"enemies":"The Heart","floor":55,"turns":3}],"seed_played":"-4728760415812501849","potions_obtained":[{"floor":1.0,"key":"BottledSpark"},{"floor":10.0,"key":"FearPotion"},{"floor":11.0,"key":"DistilledChaos"},{"floor":12.0,"key":"DuplicationPotion"},{"floor":14.0,"key":"FearPotion"},{"floor":16.0,"key":"Weak Potion"},{"floor":18.0,"key":"Block Potion"},{"floor":19.0,"key":"SkillPotion"},{"floor":20.0,"key":"DistilledChaos"},{"floor":22.0,"key":"ColorlessPotion"},{"floor":24.0,"key":"BottledSpark"},{"floor":25.0,"key":"Energy Potion"},{"floor":29.0,"key":"Strength Potion"},{"floor":31.0,"key":"PowerPotion"},{"floor":33.0,"key":"Swift Potion"},{"floor":35.0,"key":"Block Potion"},{"floor":36.0,"key":"SteroidPotion"},{"floor":38.0,"key":"Fire Potion"},{"floor":40.0,"key":"Regen Potion"},{"floor":41.0,"key":"SpeedPotion"},{"floor":42.0,"key":"DuplicationPotion"},{"floor":47.0,"key":"PowerPotion"},{"floor":54,"key":"BottledSpark"}],"is_trial":false,"path_per_floor":["M","?","$","M","?","E","R","$","T","M","M","E","$","M","R","B",null,"M","M","M","$","M","R","E","M","T","?","?","M","?","M","R","B",null,"M","M","$","M","?","M","M","M","T","E","$","R","M","M","R","B",null,"R","$","E","B"],"character_chosen":"MARISA","items_purchased":["GalacticHalo","Robbery","Membership Card","Toy Ornithopter","FairyPotion","War Paint","Prayer Wheel","InkBottle","Dream Catcher","Master of Strategy","Apotheosis","Bronze Scales","Bag of Marbles","Lee\u0027s Waffle","Discovery","Strength Potion"],"campfire_rested":2,"item_purchase_floors":[3,8,13,21,21,37,37,45,45,45,53,53,53,53,53,53],"current_hp_per_floor":[68,68,68,68,57,57,57,57,57,57,51,47,47,27,27,8,58,38,18,6,6,13,39,17,22,22,22,22,27,27,20,20,16,70,45,41,41,40,40,27,32,32,32,29,29,55,55,32,32,16,70,70,95,31,0,0],"gold":2317,"neow_bonus":"THREE_ENEMY_KILL","is_daily":false,"chose_seed":false,"campfire_upgraded":4,"win_rate":0.0,"timestamp":1611673124,"path_taken":["M","?","?","?","?","E","R","$","T","M","M","E","$","M","R","BOSS","M","M","M","$","M","R","E","M","T","?","?","M","?","M","R","BOSS","M","M","$","M","?","M","M","M","T","E","$","R","M","M","R","BOSS","R","$","E","BOSS"],"items_purchased_type":["Card","Card","Relic","Relic","Potion","Relic","Relic","Relic","Relic","Card","Card","Relic","Relic","Relic","Card","Potion"],"build_version":"2020-12-22","purchased_purges":5,"victory":false,"max_hp_per_floor":[75,75,75,75,75,75,75,75,75,75,75,75,75,75,75,75,75,75,75,75,75,88,88,88,88,88,88,88,88,88,88,88,88,88,88,88,88,88,88,88,88,88,88,88,88,88,88,88,88,88,88,88,95,95,95,95],"card_choices":[{"not_picked":["BlazeAway","OpenUniverse"],"picked":"MagicAbsorber","floor":1.0},{"not_picked":["MilkyWay","AsteroidBelt"],"picked":"GalacticHalo","floor":4.0},{"not_picked":["DoubleSpark","SprinkleStarSeal"],"picked":"WitchLeyline","floor":6.0},{"not_picked":["ShootTheMoon","EarthLightRay","FairyDestructionRay"],"picked":"SKIP","floor":10.0},{"not_picked":["EarthLightRay","SporeBomb"],"picked":"NonDirectionalLaser","floor":11.0},{"not_picked":["6A","Robbery","PulseMagic"],"picked":"SKIP","floor":12.0},{"not_picked":["PulseMagic","ShootTheMoon","EarthLightRay"],"picked":"SKIP","floor":14.0},{"not_picked":["NonDirectionalLaser","ChargingUp"],"picked":"EnergyFlow+1","floor":18.0},{"not_picked":["NonDirectionalLaser","GrandCross","Acceleration"],"picked":"SKIP","floor":19.0},{"not_picked":["ManaConvection+1","Orbital+1","BlazingStar"],"picked":"SKIP","floor":20.0},{"not_picked":["NonDirectionalLaser","GasGiant","DC"],"picked":"SKIP","floor":22.0},{"not_picked":["SatelliteIllusion","PowerUp+1"],"picked":"GalacticHalo+1","floor":24.0},{"not_picked":["Robbery+1","GasGiant","GravityBeat"],"picked":"SKIP","floor":25.0},{"not_picked":["EarthLightRay","NonDirectionalLaser+1","MachineGunSpark+1"],"picked":"SKIP","floor":29.0},{"not_picked":["ShootingEcho+1","WitchLeyline+1","WitchOfGreed"],"picked":"SKIP","floor":31.0},{"not_picked":["RefractionSpark+1","WitchLeyline+1"],"picked":"MilkyWay+1","floor":35.0},{"not_picked":["DoubleSpark+1","ShootingEcho+1","IllusionStar"],"picked":"SKIP","floor":36.0},{"not_picked":["SuperPerseids+1","StarlightTyphoon"],"picked":"EnergyRecoil","floor":38.0},{"not_picked":["GravityBeat+1","DoubleSpark+1","EventHorizon"],"picked":"SKIP","floor":38.0},{"not_picked":["HandOfGreed+1","Blind"],"picked":"Finesse","floor":39.0},{"not_picked":["PulseMagic+1","SporeBomb","MysteriousBeam+1"],"picked":"SKIP","floor":40.0},{"not_picked":["GalacticHalo","Robbery+1","MilkyWay"],"picked":"SKIP","floor":40.0},{"not_picked":["6A+1","LuminesStrike+1","WitchOfGreed"],"picked":"SKIP","floor":41.0},{"not_picked":["UnstableBomb+1","OpenUniverse","Singularity"],"picked":"SKIP","floor":41.0},{"not_picked":["SporeBomb+1","UnstableBomb+1"],"picked":"EnergyFlow+1","floor":42.0},{"not_picked":["6A+1","UnstableBomb+1","AsteroidBelt+1"],"picked":"SKIP","floor":42.0},{"not_picked":["Occultation+1","NonDirectionalLaser+1"],"picked":"MagicAbsorber+1","floor":44.0},{"not_picked":["PulseMagic","GrandCross+1","PowerUp+1"],"picked":"SKIP","floor":47.0},{"not_picked":["StarlightTyphoon+1","GravityBeat+1","MachineGunSpark+1"],"picked":"SKIP","floor":47.0},{"not_picked":["PulseMagic","GrandCross+1","PowerUp+1"],"picked":"SKIP","floor":47.0},{"not_picked":["StarlightTyphoon+1","GravityBeat+1","MachineGunSpark+1"],"picked":"SKIP","floor":47.0},{"not_picked":["PulseMagic","GrandCross+1","PowerUp+1"],"picked":"SKIP","floor":47.0},{"not_picked":["StarlightTyphoon+1","GravityBeat+1","MachineGunSpark+1"],"picked":"SKIP","floor":47.0},{"not_picked":["RefractionSpark+1","WitchLeyline+1","UnstableBomb+1"],"picked":"SKIP","floor":48.0},{"not_picked":["JA+1","DoubleSpark+1","WitchOfGreed"],"picked":"SKIP","floor":48.0},{"not_picked":["DoubleSpark+1","ShootingEcho+1","OpenUniverse"],"picked":"SKIP","floor":54}],"player_experience":1493963,"relics_obtained":[{"floor":6.0,"key":"White Beast Statue"},{"floor":9.0,"key":"Vajra"},{"floor":12.0,"key":"Peace Pipe"},{"floor":24.0,"key":"Bag of Preparation"},{"floor":26.0,"key":"Molten Egg 2"},{"floor":44.0,"key":"Letter Opener"},{"floor":54,"key":"Pantograph"}],"event_choices":[{"cards_removed":["MagicAbsorber"],"damage_healed":0.0,"max_hp_gain":0.0,"max_hp_loss":0.0,"gold_gain":0.0,"event_name":"WeMeetAgain","player_choice":"Gave Card","floor":2.0,"gold_loss":0.0,"damage_taken":0.0,"relics_obtained":["BreadOfAWashokuLover"]},{"damage_healed":0.0,"max_hp_gain":0.0,"max_hp_loss":0.0,"gold_gain":75.0,"event_name":"World of Goop","player_choice":"Gather Gold","floor":5.0,"gold_loss":0.0,"damage_taken":11.0},{"damage_healed":0.0,"max_hp_gain":0.0,"max_hp_loss":0.0,"gold_gain":0.0,"cards_transformed":["WitchLeyline","UpSweep"],"event_name":"Drug Dealer","player_choice":"Became Test Subject","floor":27.0,"gold_loss":0.0,"damage_taken":0.0,"cards_obtained":["MagicChant","GrandCross"]},{"damage_healed":0.0,"max_hp_gain":0.0,"max_hp_loss":0.0,"gold_gain":0.0,"event_name":"Vampires","player_choice":"Ignored","floor":28.0,"gold_loss":0.0,"damage_taken":0.0},{"damage_healed":0.0,"max_hp_gain":0.0,"max_hp_loss":0.0,"gold_gain":0.0,"event_name":"The Library","player_choice":"Read","floor":30.0,"gold_loss":0.0,"damage_taken":0.0,"cards_obtained":["ChargingUp"]},{"damage_healed":0.0,"max_hp_gain":0.0,"max_hp_loss":0.0,"gold_gain":0.0,"event_name":"SensoryStone","player_choice":"Memory 1","floor":39.0,"gold_loss":0.0,"damage_taken":0.0}],"is_beta":false,"boss_relics":[{"not_picked":["Snecko Eye","ExperimentalFamiliar"],"picked":"Empty Cage"},{"not_picked":["BewitchedHakkero","Tiny House"],"picked":"Philosopher\u0027s Stone"}],"items_purged_floors":[8,21,37,45,53],"is_endless":false,"potions_floor_spawned":[1,10,11,12,14,16,18,19,20,22,24,25,29,31,33,35,36,38,40,41,42,44,47,48,54],"killed_by":"The Heart","ascension_level":8}}