{"host":"a5lz0e76zb3fcwkm","time":1611642256,"event":{"mods":["AchievementEnabler","BaseMod","Colored Map","Colored Powertips","Minty Spire (QoL Compilation)","StSLib","SuperFastMode"],"gold_per_floor":[109,120,135,150,150,150,150,150],"floor_reached":7,"language":"KOR","playtime":178,"items_purged":[],"score":86,"play_id":"26d79c81-acf5-4c86-88c6-57b2e2a8f443","local_time":"20210126152416","is_ascension_mode":true,"campfire_choices":[{"data":"Catalyst","floor":6,"key":"SMITH"}],"circlet_count":0,"master_deck":["AscendersBane","Strike_G","Strike_G","Strike_G","Defend_G","Defend_G","Defend_G","Defend_G","Defend_G","Survivor","Neutralize","Blur","Catalyst+1","Backflip","Escape Plan","PiercingWail","Masterful Stab","Calculated Gamble"],"relics":["Ring of the Snake"],"acts_visited":["Exordium"],"potions_floor_usage":[],"damage_taken":[{"damage":0,"enemies":"2 Louse","floor":1,"turns":6},{"damage":6,"enemies":"Cultist","floor":2,"turns":5},{"damage":5,"enemies":"Small Slimes","floor":3,"turns":4},{"damage":0,"enemies":"Blue Slaver","floor":4,"turns":10},{"damage":0,"enemies":"Gremlin Nob","floor":7,"turns":1}],"seed_played":"-6458650211421178093","potions_obtained":[{"floor":1,"key":"Energy Potion"}],"is_trial":false,"path_per_floor":["M","M","M","M","?","R","E"],"character_chosen":"THE_SILENT","items_purchased":[],"campfire_rested":0,"item_purchase_floors":[],"current_hp_per_floor":[59,53,48,48,48,48,48,48],"gold":150,"neow_bonus":"TRANSFORM_TWO_CARDS","is_daily":false,"chose_seed":false,"campfire_upgraded":1,"win_rate":0.0,"timestamp":1611642256,"path_taken":["M","M","M","M","?","R","E"],"items_purchased_type":[],"build_version":"2020-12-22","purchased_purges":0,"victory":false,"max_hp_per_floor":[60,60,60,60,60,60,60,60],"card_choices":[{"not_picked":["Calculated Gamble","Poisoned Stab"],"picked":"Backflip","floor":1},{"not_picked":["Slice","Calculated Gamble"],"picked":"Escape Plan","floor":2},{"not_picked":["Prepared","Bane"],"picked":"PiercingWail","floor":3},{"not_picked":["Tactician","Dodge and Roll"],"picked":"Masterful Stab","floor":4}],"player_experience":1809265,"relics_obtained":[],"event_choices":[{"damage_healed":0,"gold_gain":0,"player_choice":"1 cards matched","damage_taken":0,"max_hp_gain":0,"max_hp_loss":0,"event_name":"Match and Keep!","floor":5,"gold_loss":0,"cards_obtained":["Calculated Gamble"]}],"is_beta":false,"boss_relics":[],"items_purged_floors":[],"is_endless":false,"potions_floor_spawned":[1],"killed_by":"Gremlin Nob","ascension_level":20}}