{"host":"xp5rvh2jwe2ejyfm","time":1611666646,"event":{"mods":["BaseMod","Downfall","Duelist Mod","GifTheSpireLib","Gremlin Mod","Hermit","Hubris","Minty Spire (QoL Compilation)","Robot Space Explorer","StSLib","The Blackbeard","The Clintock","The Construct","The Cursed","The Disciple","The Forsaken","The Hierophant","The Necromancer","The Runesmith","The Servant 0.9.4"],"gold_per_floor":[113,129,93,113,113,138,138,157,209,243,257,135,37,48,48,151,151,170,170,181,194,214,214,239,257,336,351,51,71,81,97,97,194,194,213,233,9,29,40,40,71,87,138,138,149,149,166,183,183,183,183,183,29,55,55,55],"floor_reached":55,"language":"ENG","playtime":2644,"items_purged":[],"score":791,"play_id":"e4f22eab-54b2-42eb-b1d5-8431198f352e","local_time":"20210126081046","is_ascension_mode":false,"campfire_choices":[{"floor":7,"key":"RECALL"},{"floor":15,"key":"REST"},{"floor":23,"key":"REST"},{"data":"RobotSpaceExplorer:DroneSwarm","floor":32,"key":"SMITH"},{"data":"RobotSpaceExplorer:PowerGlove","floor":40,"key":"SMITH"},{"floor":44,"key":"REST"},{"data":"RobotSpaceExplorer:FreezeRay","floor":46,"key":"SMITH"},{"data":"RobotSpaceExplorer:Discharger","floor":49,"key":"SMITH"},{"data":"RobotSpaceExplorer:Electropulse","floor":52,"key":"SMITH"}],"circlet_count":0,"master_deck":["RobotSpaceExplorer:Strike","RobotSpaceExplorer:Strike","RobotSpaceExplorer:Strike","RobotSpaceExplorer:Strike","RobotSpaceExplorer:Defend+1","RobotSpaceExplorer:Defend+1","RobotSpaceExplorer:Defend","RobotSpaceExplorer:Scan","RobotSpaceExplorer:MiniLasers","RobotSpaceExplorer:Reload","RobotSpaceExplorer:SurgingStrike","RobotSpaceExplorer:PlasmaMissile","RobotSpaceExplorer:StunGrenade","RobotSpaceExplorer:Discharger+1","RobotSpaceExplorer:Accelerator","RobotSpaceExplorer:StunGrenade","RobotSpaceExplorer:ScrapMissile","RobotSpaceExplorer:FreezeRay+1","RobotSpaceExplorer:MiniDrones","RobotSpaceExplorer:StunGrenade","RobotSpaceExplorer:SurgingShield","RobotSpaceExplorer:DroneSwarm+1","RobotSpaceExplorer:Fix+1","RobotSpaceExplorer:FreezingShield+1","RobotSpaceExplorer:ShockKick","RobotSpaceExplorer:ImprovisedAttack+1","RobotSpaceExplorer:FreezeRay+1","RobotSpaceExplorer:MiniDrones","RobotSpaceExplorer:Counterblock+1","RobotSpaceExplorer:PowerGlove+1","RobotSpaceExplorer:DroneSwarm","RobotSpaceExplorer:Jetpack","RobotSpaceExplorer:Electropulse+1","RobotSpaceExplorer:SurgingStrike","RobotSpaceExplorer:ImprovisedAttack","RobotSpaceExplorer:Arsenal","RobotSpaceExplorer:ShovelStrike+1","RobotSpaceExplorer:FrostMissile+1","RobotSpaceExplorer:StunGrenade","RobotSpaceExplorer:MetalStrike","RobotSpaceExplorer:MetalStrike","RobotSpaceExplorer:MetalStrike+1","RobotSpaceExplorer:GlueShot+1","Dual Wield","RobotSpaceExplorer:SurgingStrike+1","RobotSpaceExplorer:MiniDrones+1","RobotSpaceExplorer:MiniDrones","RobotSpaceExplorer:BigMissile+1"],"relics":["RobotSpaceExplorer:RoboCore","NeowsBlessing","Eternal Feather","PreservedInsect","War Paint","RobotSpaceExplorer:Reprocessor","Pantograph","Mercury Hourglass","hubris:DisguiseKit","DollysMirror","construct:WeddingRing","Anchor","StoneCalendar","Runesmith:AutoHammer","Bronze Scales"],"acts_visited":["Exordium","TheCity","TheBeyond","TheEnding"],"potions_floor_usage":[8,16,16,24,27,33,33,45,50],"damage_taken":[{"damage":0,"enemies":"Jaw Worm","floor":1,"turns":1},{"damage":0,"enemies":"Cultist","floor":2,"turns":1},{"damage":0,"enemies":"Small Slimes","floor":4,"turns":1},{"damage":19,"enemies":"Gremlin Nob","floor":6,"turns":4},{"damage":3,"enemies":"Exordium Thugs","floor":8,"turns":2},{"damage":31,"enemies":"3 Sentries","floor":10,"turns":5},{"damage":6,"enemies":"Gremlin Gang","floor":11,"turns":3},{"damage":0,"enemies":"Large Slime","floor":14,"turns":3},{"damage":43,"enemies":"The Guardian","floor":16,"turns":12},{"damage":20,"enemies":"Spheric Guardian","floor":18,"turns":6},{"damage":7,"enemies":"Shell Parasite","floor":20,"turns":8},{"damage":20,"enemies":"Snecko","floor":21,"turns":6},{"damage":23,"enemies":"Shelled Parasite and Fungi","floor":22,"turns":7},{"damage":12,"enemies":"Slavers","floor":24,"turns":3},{"damage":5,"enemies":"Snake Plant","floor":25,"turns":5},{"damage":0,"enemies":"Cultist and Chosen","floor":27,"turns":4},{"damage":4,"enemies":"Centurion and Healer","floor":29,"turns":5},{"damage":10,"enemies":"Snake Plant","floor":30,"turns":4},{"damage":1,"enemies":"Snecko","floor":31,"turns":6},{"damage":11,"enemies":"Collector","floor":33,"turns":8},{"damage":12,"enemies":"3 Shapes","floor":35,"turns":4},{"damage":14,"enemies":"3 Darklings","floor":36,"turns":4},{"damage":4,"enemies":"Jaw Worm Horde","floor":38,"turns":3},{"damage":12,"enemies":"Sphere and 2 Shapes","floor":39,"turns":4},{"damage":29,"enemies":"Giant Head","floor":41,"turns":8},{"damage":6,"enemies":"Maw","floor":42,"turns":6},{"damage":24,"enemies":"Spire Growth","floor":45,"turns":5},{"damage":23,"enemies":"3 Darklings","floor":47,"turns":4},{"damage":12,"enemies":"4 Shapes","floor":48,"turns":3},{"damage":77,"enemies":"Awakened One","floor":50,"turns":10},{"damage":49,"enemies":"Shield and Spear","floor":54,"turns":5},{"damage":61,"enemies":"The Heart","floor":55,"turns":3}],"seed_played":"-3790328842465406234","potions_obtained":[{"floor":2,"key":"champ:CounterPotion"},{"floor":4,"key":"Explosive Potion"},{"floor":16,"key":"Energy Potion"},{"floor":18,"key":"Explosive Potion"},{"floor":22,"key":"Ancient Potion"},{"floor":24,"key":"Regen Potion"},{"floor":27,"key":"Strength Potion"},{"floor":30,"key":"Swift Potion"},{"floor":35,"key":"SmokeBomb"},{"floor":36,"key":"construct:ShiftPotion"},{"floor":38,"key":"Energy Potion"},{"floor":42,"key":"RobotSpaceExplorer:LiquidFusion"}],"is_trial":false,"path_per_floor":["M","M","$","M","?","E","R","M","T","E","M","$","$","M","R","B",null,"M","?","M","M","M","R","E","M","T","M","$","M","M","M","R","B",null,"M","M","$","M","M","R","E","M","T","R","M","R","M","M","R","B",null,"R","$","E","B"],"character_chosen":"RobotSpaceExplorer","items_purchased":["RobotSpaceExplorer:PlasmaMissile","RobotSpaceExplorer:FreezeRay","RobotSpaceExplorer:MiniDrones","RobotSpaceExplorer:StunGrenade","PowerPotion","RobotSpaceExplorer:PowerGlove","DollysMirror","RobotSpaceExplorer:Jetpack","Anchor","RobotSpaceExplorer:StunGrenade","RobotSpaceExplorer:MetalStrike","Runesmith:AutoHammer"],"campfire_rested":3,"item_purchase_floors":[3,12,12,13,13,28,28,28,37,37,37,53],"current_hp_per_floor":[75,75,75,75,75,56,62,59,59,28,22,22,22,22,56,13,75,55,55,54,40,23,60,48,43,43,61,61,57,47,52,73,66,75,69,55,55,51,39,63,40,34,34,75,51,75,52,40,67,4,75,75,75,26,0,0],"gold":55,"neow_bonus":"THREE_ENEMY_KILL","is_daily":false,"chose_seed":false,"campfire_upgraded":5,"win_rate":0.0,"timestamp":1611666646,"path_taken":["M","M","$","M","?","E","R","M","T","E","M","?","$","M","R","BOSS","M","?","M","M","M","R","E","M","T","M","$","M","M","M","R","BOSS","M","M","$","M","M","R","E","M","T","R","M","R","M","?","R","BOSS","R","$","E","BOSS"],"items_purchased_type":["Card","Card","Card","Card","Potion","Card","Relic","Card","Relic","Card","Card","Relic"],"build_version":"2020-12-22","purchased_purges":0,"victory":false,"max_hp_per_floor":[75,75,75,75,75,75,75,75,75,75,75,75,75,75,75,75,75,75,75,75,75,75,75,75,75,75,75,75,75,75,75,75,75,75,75,75,75,75,75,75,75,75,75,75,75,75,75,75,75,75,75,75,75,75,75,75],"card_choices":[{"not_picked":["RobotSpaceExplorer:Pulsar","RobotSpaceExplorer:ShovelStrike"],"picked":"RobotSpaceExplorer:Reload","floor":1},{"not_picked":["RobotSpaceExplorer:MetalStrike","RobotSpaceExplorer:FrostMissile"],"picked":"RobotSpaceExplorer:SurgingStrike","floor":2},{"not_picked":["RobotSpaceExplorer:ToxicBomb","RobotSpaceExplorer:SurgingShield"],"picked":"RobotSpaceExplorer:StunGrenade","floor":4},{"not_picked":["RobotSpaceExplorer:StarLightning","RobotSpaceExplorer:StunGrenade"],"picked":"RobotSpaceExplorer:Discharger","floor":6},{"not_picked":["RobotSpaceExplorer:StunGrenade","RobotSpaceExplorer:Probe"],"picked":"RobotSpaceExplorer:Accelerator","floor":8},{"not_picked":["RobotSpaceExplorer:SurgingShield","RobotSpaceExplorer:BlastShield"],"picked":"RobotSpaceExplorer:StunGrenade","floor":10},{"not_picked":["RobotSpaceExplorer:Jetpack","RobotSpaceExplorer:MakeshiftVolley"],"picked":"RobotSpaceExplorer:ScrapMissile","floor":11},{"not_picked":["RobotSpaceExplorer:MetalStrike","RobotSpaceExplorer:Wormhole"],"picked":"RobotSpaceExplorer:SurgingShield","floor":14},{"not_picked":["RobotSpaceExplorer:Accelerator","RobotSpaceExplorer:Asteroid"],"picked":"RobotSpaceExplorer:DroneSwarm","floor":16},{"not_picked":["RobotSpaceExplorer:StunGrenade","RobotSpaceExplorer:Ammunition"],"picked":"RobotSpaceExplorer:Fix+1","floor":18},{"not_picked":["RobotSpaceExplorer:SelfCleaning+1","RobotSpaceExplorer:SurgingShield+1"],"picked":"RobotSpaceExplorer:FreezingShield+1","floor":20},{"not_picked":["RobotSpaceExplorer:GlueSpray","RobotSpaceExplorer:Electroshield"],"picked":"RobotSpaceExplorer:ShockKick","floor":21},{"not_picked":["RobotSpaceExplorer:TurboDodge","RobotSpaceExplorer:FranticSearch"],"picked":"RobotSpaceExplorer:ImprovisedAttack+1","floor":22},{"not_picked":["RobotSpaceExplorer:BigMissile","RobotSpaceExplorer:Exploration"],"picked":"RobotSpaceExplorer:FreezeRay+1","floor":24},{"not_picked":["RobotSpaceExplorer:ShovelStrike","RobotSpaceExplorer:SurgingStrike"],"picked":"RobotSpaceExplorer:MiniDrones","floor":25},{"not_picked":["RobotSpaceExplorer:FranticSearch","RobotSpaceExplorer:DoubleBlock","Twin Strike"],"picked":"RobotSpaceExplorer:Counterblock+1","floor":27},{"not_picked":["RobotSpaceExplorer:ScrapMissile","RobotSpaceExplorer:PlasmaMissile","hubris:SharpeningStone"],"picked":"RobotSpaceExplorer:Electropulse","floor":29},{"not_picked":["RobotSpaceExplorer:SwiftStep","RobotSpaceExplorer:GlueShot","Searing Blow"],"picked":"RobotSpaceExplorer:SurgingStrike","floor":30},{"not_picked":["RobotSpaceExplorer:Ammunition","RobotSpaceExplorer:Counterblock+1","Carnage"],"picked":"RobotSpaceExplorer:ImprovisedAttack","floor":31},{"not_picked":["RobotSpaceExplorer:Exploration","RobotSpaceExplorer:Accelerator","Corruption"],"picked":"RobotSpaceExplorer:Arsenal","floor":33},{"not_picked":["RobotSpaceExplorer:DoubleBlock+1","RobotSpaceExplorer:PlasmaMissile","Sever Soul"],"picked":"RobotSpaceExplorer:ShovelStrike+1","floor":35},{"not_picked":["RobotSpaceExplorer:ScrapToss","RobotSpaceExplorer:FranticSearch+1","Clothesline"],"picked":"RobotSpaceExplorer:FrostMissile+1","floor":36},{"not_picked":["RobotSpaceExplorer:StarLightning+1","RobotSpaceExplorer:PowerCollector","Second Wind"],"picked":"RobotSpaceExplorer:MetalStrike","floor":38},{"not_picked":["RobotSpaceExplorer:Calculate","RobotSpaceExplorer:Probe","Armaments"],"picked":"RobotSpaceExplorer:MetalStrike+1","floor":39},{"not_picked":["RobotSpaceExplorer:HighVoltage","RobotSpaceExplorer:Calculate+1","Armaments"],"picked":"RobotSpaceExplorer:GlueShot+1","floor":41},{"not_picked":["RobotSpaceExplorer:StarDust","RobotSpaceExplorer:ShovelStrike","RobotSpaceExplorer:SelfCleaning"],"picked":"Dual Wield","floor":42},{"not_picked":["RobotSpaceExplorer:ScrapMissile","RobotSpaceExplorer:GlueShot+1","Evolve"],"picked":"RobotSpaceExplorer:SurgingStrike+1","floor":45},{"not_picked":["RobotSpaceExplorer:ShovelStrike","RobotSpaceExplorer:FreezingShield+1","Wild Strike"],"picked":"RobotSpaceExplorer:MiniDrones+1","floor":47},{"not_picked":["RobotSpaceExplorer:GlueShot+1","RobotSpaceExplorer:MakeshiftVolley+1","Second Wind"],"picked":"RobotSpaceExplorer:MiniDrones","floor":48},{"not_picked":["RobotSpaceExplorer:LaserBurst","RobotSpaceExplorer:Counterblock+1","Dual Wield"],"picked":"RobotSpaceExplorer:BigMissile+1","floor":54}],"player_experience":349694,"relics_obtained":[{"floor":6,"key":"Eternal Feather"},{"floor":9,"key":"PreservedInsect"},{"floor":10,"key":"War Paint"},{"floor":24,"key":"Mercury Hourglass"},{"floor":26,"key":"hubris:DisguiseKit"},{"floor":41,"key":"StoneCalendar"},{"floor":54,"key":"Bronze Scales"}],"event_choices":[{"cards_removed":["RobotSpaceExplorer:Defend"],"damage_healed":0,"gold_gain":0,"player_choice":"Card Removal","damage_taken":0,"max_hp_gain":0,"max_hp_loss":0,"event_name":"Wheel of Change","floor":5,"gold_loss":0},{"damage_healed":0,"gold_gain":0,"player_choice":"Gave Potion","damage_taken":0,"relics_obtained":["Pantograph"],"max_hp_gain":0,"max_hp_loss":0,"event_name":"WeMeetAgain","floor":19,"gold_loss":0}],"is_beta":false,"boss_relics":[{"not_picked":["hubris:VirtuousBlindfold","bronze:MakeshiftBattery"],"picked":"RobotSpaceExplorer:Reprocessor"},{"not_picked":["theForsaken:PaleLantern","hubris:CrackedHourglass"],"picked":"construct:WeddingRing"}],"items_purged_floors":[],"is_endless":false,"potions_floor_spawned":[2,4,16,18,22,24,27,30,35,36,38,42],"killed_by":"The Heart","ascension_level":0}}