{"host":"zksvs3x2ysy9npnz","time":1611695125,"event":{"mods":["Aspiration","BaseMod","Beaked The Cultist","BetterRewards","Clockwork Mod","Colored Map","Conspire","Downfall","Duelist Mod","Halation","Highlight Path","Hubris","Infinite Spire","Jedi Mod","Magitek Elite","Minty Spire (QoL Compilation)","Permanent Neow","Quick Restart","Relic Stats","Shop Mod","StSLib","The Runesmith","The Witch"],"gold_per_floor":[110,60,60,72,83,83,83,97,97,123,123,136,24,38,38,133,133,149,159,259,75,94,94,108,108,108,108,140,164,176,207,219,329,341,369,381,408,29,44,44,44,44,68,68,25,25,43,68,68,68],"floor_reached":51,"language":"FRA","playtime":10763,"items_purged":["Injury","Strike_L","Catalyst+1","Endless Agony"],"score":1071,"play_id":"a2c7de9f-4ccc-472c-8022-16034980095b","local_time":"20210126220525","is_ascension_mode":true,"campfire_choices":[{"data":"Fire2","floor":6,"key":"SMITH"},{"data":"Cure","floor":11,"key":"SMITH"},{"data":"Cure","floor":15,"key":"SMITH"},{"data":"Blizzard_P","floor":23,"key":"SMITH"},{"data":"Falchion","floor":25,"key":"SMITH"},{"data":"Icebrand","floor":27,"key":"SMITH"},{"floor":30,"key":"RECALL"},{"data":"Defend_L","floor":32,"key":"SMITH"},{"data":"Might","floor":41,"key":"SMITH"},{"data":"Die Die Die","floor":44,"key":"SMITH"},{"data":"Flash of Steel","floor":46,"key":"SMITH"},{"data":"Defend_L","floor":49,"key":"SMITH"}],"circlet_count":0,"master_deck":["AscendersBane","Defend_L+1","Defend_L","Defend_L","Defend_L","Fire2+2","Cure+2","Icebrand+1","Focus+1","Force_Armor+1","Esuna+","Rasp+1","Falchion+1","CurseOfTheBell","Blizzard_P+2","Magus_Robe+1","jedi:forcepush+1","Minerva_Bustier+1","Magnus_Hat+1","Might+1","Die Die Die+1","Runesmith:Grindstone+1","Runesmith:Retool+1","Good Instincts+1","infinitespire:Collect+1","Flash of Steel+1"],"relics":["Pendant","Toxic Egg 2","Darkstone Periapt","Eternal Feather","Calling Bell","hubris:SlimyHat","halation:BottledLove","jedi:firstaidkit","Letter Opener","MawBank","aspiration:RunesmithSkillbook","Blood Vial","Membership Card","halation:PinkSoulGem","Tintinnabulum"],"acts_visited":["Exordium","TheCity","TheBeyond"],"potions_floor_usage":[10,24,28,50],"damage_taken":[{"damage":12,"enemies":"Jaw Worm","floor":1,"turns":3},{"damage":0,"enemies":"2 Louse","floor":4,"turns":4},{"damage":4,"enemies":"Small Slimes","floor":5,"turns":4},{"damage":0,"enemies":"Blue Slaver","floor":8,"turns":3},{"damage":12,"enemies":"3 Sentries","floor":10,"turns":9},{"damage":4,"enemies":"Red Slaver","floor":12,"turns":6},{"damage":17,"enemies":"Exordium Wildlife","floor":14,"turns":4},{"damage":4,"enemies":"Hexaghost","floor":16,"turns":11},{"damage":13,"enemies":"3 Byrds","floor":18,"turns":8},{"damage":21,"enemies":"Shell Parasite","floor":19,"turns":11},{"damage":2,"enemies":"Centurion and Healer","floor":22,"turns":10},{"damage":1,"enemies":"3 Cultists","floor":24,"turns":5},{"damage":15,"enemies":"Book of Stabbing","floor":28,"turns":10},{"damage":5,"enemies":"Snake Plant","floor":29,"turns":3},{"damage":0,"enemies":"Snecko","floor":31,"turns":5},{"damage":23,"enemies":"hubris:MusketHawk","floor":33,"turns":11},{"damage":11,"enemies":"Orb Walker","floor":35,"turns":7},{"damage":6,"enemies":"3 Darklings","floor":37,"turns":4},{"damage":0,"enemies":"Maw","floor":39,"turns":8},{"damage":1,"enemies":"Sphere and 2 Shapes","floor":47,"turns":5},{"damage":39,"enemies":"Giant Head","floor":48,"turns":12},{"damage":12,"enemies":"conspire:OrnateMirror","floor":50,"turns":14}],"seed_played":"-1931402396495359364","potions_obtained":[{"floor":4,"key":"LiquidMemories"},{"floor":8,"key":"PowerPotion"},{"floor":12,"key":"PowerPotion"},{"floor":14,"key":"Block Potion"},{"floor":24,"key":"Weak Potion"},{"floor":48,"key":"Explosive Potion"}],"is_trial":false,"path_per_floor":["M","?","?","M","M","R","?","M","T","E","R","M","$","M","R","B",null,"M","M","?","$","M","R","M","R","T","R","E","M","R","M","R","B",null,"M","?","M","$","M","AVR","R","?","T","R","$","R","M","E","R","B",null],"character_chosen":"MAGITEKELITE","items_purchased":["Rasp+1","jedi:forcepush+1","Runesmith:Retool+1","Good Instincts+1","Blood Vial","Flash of Steel"],"campfire_rested":0,"item_purchase_floors":[13,21,38,38,38,45],"current_hp_per_floor":[51,51,51,57,59,59,59,59,59,51,60,56,56,46,55,59,68,69,66,66,66,69,69,69,69,69,69,62,69,69,69,69,62,67,58,58,54,54,68,68,69,69,69,69,69,69,69,50,66,69],"gold":68,"neow_bonus":"UPGRADE_CARD","is_daily":false,"chose_seed":false,"campfire_upgraded":11,"win_rate":0.0,"timestamp":1611695125,"path_taken":["M","?","?","M","M","R","?","?","T","E","R","M","?","M","R","BOSS","M","M","?","$","?","R","M","R","T","R","E","M","R","M","R","BOSS","M","?","?","$","M","AVR","R","?","T","R","?","R","M","E","R","BOSS"],"items_purchased_type":["Card","Card","Card","Card","Relic","Card"],"build_version":"2020-12-22","purchased_purges":4,"victory":true,"max_hp_per_floor":[63,63,63,63,63,63,63,63,63,63,63,63,63,63,63,63,69,69,69,69,69,69,69,69,69,69,69,69,69,69,69,69,69,69,69,69,69,69,69,69,69,69,69,69,69,69,69,69,69,69],"relic_stats":{"Darkstone Periapt":6,"Blood Vial":4,"counters":[22,157],"Eternal Feather":34,"Letter Opener":[175],"MawBank":120,"obtain_stats":[{"Darkstone Periapt":9,"halation:BottledLove":17,"Eternal Feather":10,"hubris:SlimyHat":17,"Letter Opener":26,"MawBank":28,"Calling Bell":17,"Blood Vial":38,"Pendant":0,"jedi:firstaidkit":17,"aspiration:RunesmithSkillbook":34,"Tintinnabulum":48,"Membership Card":40,"Toxic Egg 2":3,"halation:PinkSoulGem":42},{"Darkstone Periapt":4,"halation:BottledLove":8,"Eternal Feather":5,"hubris:SlimyHat":8,"Letter Opener":12,"MawBank":13,"Calling Bell":8,"Blood Vial":18,"Pendant":0,"jedi:firstaidkit":8,"aspiration:RunesmithSkillbook":16,"Tintinnabulum":21,"Membership Card":19,"Toxic Egg 2":1,"halation:PinkSoulGem":19},{"Darkstone Periapt":14,"halation:BottledLove":44,"Eternal Feather":23,"hubris:SlimyHat":44,"Letter Opener":78,"MawBank":88,"Calling Bell":44,"Blood Vial":118,"Pendant":0,"jedi:firstaidkit":44,"aspiration:RunesmithSkillbook":107,"Tintinnabulum":143,"Membership Card":126,"Toxic Egg 2":3,"halation:PinkSoulGem":126}]},"card_choices":[{"not_picked":["Falchion","Circlet"],"picked":"Icebrand","floor":1},{"not_picked":["Barrier+1","Rasp+1"],"picked":"Focus+1","floor":4},{"not_picked":["Holy","Poisona+1"],"picked":"Force_Armor+1","floor":5},{"not_picked":["Mirage_Vest+1","Blizzard_P"],"picked":"Esuna+","floor":8},{"not_picked":["Stop+1","Gladius","Tornado"],"picked":"SKIP","floor":10},{"not_picked":["Cursed_Shield+1","Astra+1","Heavy_Shield+1"],"picked":"SKIP","floor":12},{"not_picked":["Poisona+1","Haste"],"picked":"Falchion","floor":14},{"not_picked":["Esuna+","Faith"],"picked":"Blizzard_P","floor":18},{"not_picked":["Bravery","Throw+1"],"picked":"Magus_Robe+1","floor":19},{"not_picked":["Esuna+","Thunder_Blade","Poisona+1"],"picked":"SKIP","floor":22},{"not_picked":["Barrier+1","Circlet+1"],"picked":"Minerva_Bustier+1","floor":24},{"not_picked":["Blood_Hilt+1","Tornado+1","Flametongue"],"picked":"SKIP","floor":28},{"not_picked":["Gaia_Gear+1","Falchion"],"picked":"Magnus_Hat+1","floor":29},{"not_picked":["Gladius","Lightbringer","Flametongue"],"picked":"SKIP","floor":31},{"not_picked":["Mystery_Veil+1","Diamond_Shield2+1"],"picked":"Might","floor":33},{"not_picked":["Runesmith:CraftMagma+1","Water","Runesmith:ChiselStab+1","Rune_Blade"],"picked":"SKIP","floor":35},{"not_picked":["Runesmith:HeatedChisel","Magus_Robe+1","Runesmith:Firestorm"],"picked":"Runesmith:Grindstone+1","floor":37},{"not_picked":["Runesmith:Repurpose+1","Runesmith:Grindstone+1","Runesmith:HammerAndChisel+1","Runesmith:FrozenChisel"],"picked":"SKIP","floor":39},{"not_picked":["Gladius+1","Heavy_Shield+1","Runesmith:Refine+1","Barrier+1"],"picked":"SKIP","floor":47},{"not_picked":["Flare","Runesmith:CraftVitae+1","Valor+1","Runesmith:DoubleUp+1"],"picked":"SKIP","floor":48}],"player_experience":2055218,"relics_obtained":[{"floor":9,"key":"Darkstone Periapt"},{"floor":10,"key":"Eternal Feather"},{"floor":17,"key":"hubris:SlimyHat"},{"floor":17,"key":"halation:BottledLove"},{"floor":17,"key":"jedi:firstaidkit"},{"floor":26,"key":"Letter Opener"},{"floor":28,"key":"MawBank"},{"floor":48,"key":"Tintinnabulum"}],"event_choices":[{"cards_removed":["Strike_L"],"damage_healed":0,"gold_gain":0,"player_choice":"Card Removal","damage_taken":0,"max_hp_gain":0,"max_hp_loss":0,"event_name":"The Cleric","floor":2,"gold_loss":50},{"damage_healed":0,"gold_gain":100,"player_choice":"Pray","damage_taken":0,"max_hp_gain":0,"max_hp_loss":0,"event_name":"Golden Shrine","floor":20,"gold_loss":0}],"is_beta":false,"boss_relics":[{"not_picked":["halation:Risk","hubris:BlackHole"],"picked":"Calling Bell"},{"not_picked":["halation:ForbiddenBikini","Black Star"],"picked":"aspiration:RunesmithSkillbook"}],"items_purged_floors":[13,21,38,40],"is_endless":false,"potions_floor_spawned":[4,8,12,14,16,18,19,24,48],"ascension_level":10}}