{"host":"ga4s3hj9m6nkn6gp","time":1611682563,"event":{"mods":["AchievementEnabler","BaseMod","Bestiary","Colored Powertips","Highlight Path","Minty Spire (QoL Compilation)","Relic Stats","everything is the same but u backflip on backflip"],"gold_per_floor":[110,110,130,130,149,149,184,184,184,184,197,4,4,31,31,106,106,122,122,122,122,138,168,186,212,237,237,49,49,49,76,76,154,154,166,21,35,0,20,20,54,70,96,106,106,138,138,185,185,185,185,185,110,137,137],"floor_reached":56,"language":"ENG","playtime":3755,"items_purged":["Strike_B"],"score":2048,"play_id":"33cdbba6-95aa-417f-b287-15a6a8775793","local_time":"20210126183603","is_ascension_mode":true,"campfire_choices":[{"data":"Rip and Tear","floor":6,"key":"SMITH"},{"data":"Go for the Eyes","floor":8,"key":"SMITH"},{"data":"Dualcast","floor":10,"key":"SMITH"},{"data":"Defragment","floor":13,"key":"SMITH"},{"data":"Redo","floor":15,"key":"SMITH"},{"data":"Force Field","floor":27,"key":"SMITH"},{"data":"Capacitor","floor":29,"key":"SMITH"},{"data":"Reinforced Body","floor":32,"key":"SMITH"},{"data":"Creative AI","floor":40,"key":"SMITH"},{"data":"Fission","floor":45,"key":"SMITH"},{"floor":47,"key":"RECALL"},{"data":"Coolheaded","floor":49,"key":"SMITH"},{"data":"White Noise","floor":52,"key":"SMITH"}],"circlet_count":0,"master_deck":["AscendersBane","Strike_B","Defend_B","Defend_B","Defend_B","Defend_B","Zap","Dualcast+1","Rip and Tear+1","Go for the Eyes+1","White Noise+1","Redo+1","Defragment+1","Reinforced Body+1","Electrodynamics","Darkness","Cold Snap","Force Field+1","Hologram","Doom and Gloom+1","Hologram+1","Capacitor+1","Glacier","Creative AI+1","Defragment+1","Cold Snap","Stack+1","Coolheaded+1","Parasite","Heatsinks+1","Fission+1","Aggregate"],"relics":["Cracked Core","Bird Faced Urn","Oddly Smooth Stone","Symbiotic Virus","Potion Belt","Mercury Hourglass","Black Star","Enchiridion","Bronze Scales","Akabeko","Pen Nib","Torii","MealTicket","Question Card","Art of War","Busted Crown","DollysMirror","Red Mask","Strawberry","Bottled Lightning","Bag of Preparation","Darkstone Periapt","TungstenRod","DataDisk","Centennial Puzzle"],"acts_visited":["Exordium","TheCity","TheBeyond","TheEnding"],"potions_floor_usage":[16,31,41,55,55],"damage_taken":[{"damage":2,"enemies":"Jaw Worm","floor":1,"turns":3},{"damage":0,"enemies":"Cultist","floor":3,"turns":2},{"damage":0,"enemies":"2 Louse","floor":5,"turns":2},{"damage":40,"enemies":"3 Sentries","floor":7,"turns":7},{"damage":0,"enemies":"Large Slime","floor":11,"turns":5},{"damage":0,"enemies":"Lagavulin","floor":14,"turns":5},{"damage":0,"enemies":"Slime Boss","floor":16,"turns":6},{"damage":0,"enemies":"Chosen","floor":18,"turns":3},{"damage":22,"enemies":"2 Thieves","floor":22,"turns":3},{"damage":18,"enemies":"Slavers","floor":23,"turns":3},{"damage":15,"enemies":"Snake Plant","floor":24,"turns":3},{"damage":0,"enemies":"Gremlin Leader","floor":25,"turns":5},{"damage":31,"enemies":"Slavers","floor":31,"turns":3},{"damage":29,"enemies":"Automaton","floor":33,"turns":10},{"damage":1,"enemies":"Orb Walker","floor":35,"turns":4},{"damage":0,"enemies":"3 Shapes","floor":37,"turns":3},{"damage":1,"enemies":"3 Darklings","floor":39,"turns":2},{"damage":18,"enemies":"Reptomancer","floor":41,"turns":6},{"damage":13,"enemies":"Writhing Mass","floor":42,"turns":5},{"damage":13,"enemies":"Transient","floor":44,"turns":5},{"damage":7,"enemies":"Giant Head","floor":46,"turns":7},{"damage":14,"enemies":"2 Orb Walkers","floor":48,"turns":5},{"damage":97,"enemies":"Awakened One","floor":50,"turns":10},{"damage":14,"enemies":"Shield and Spear","floor":54,"turns":7},{"damage":46,"enemies":"The Heart","floor":55,"turns":6}],"seed_played":"8065712943522881880","potions_obtained":[{"floor":1,"key":"Ancient Potion"},{"floor":5,"key":"Fruit Juice"},{"floor":7,"key":"EssenceOfDarkness"},{"floor":14,"key":"Fire Potion"},{"floor":24,"key":"Ancient Potion"},{"floor":25,"key":"GamblersBrew"},{"floor":37,"key":"SteroidPotion"},{"floor":41,"key":"SpeedPotion"}],"is_trial":false,"path_per_floor":["M","?","M","?","M","R","E","R","T","R","M","$","R","E","R","B",null,"M","?","?","?","M","E","M","E","T","R","$","R","?","E","R","B",null,"M","$","M","?","M","R","E","M","T","M","R","E","R","?","R","B",null,"R","$","E","B",null],"character_chosen":"DEFECT","items_purchased":["Defragment","Potion Belt","Capacitor","Glacier","DollysMirror","Aggregate"],"campfire_rested":0,"item_purchase_floors":[12,12,28,28,36,53],"current_hp_per_floor":[73,73,73,73,73,73,33,33,33,33,35,35,35,39,39,47,73,77,61,61,61,45,33,22,30,30,30,45,45,45,22,22,3,62,73,82,82,82,82,82,83,88,88,83,83,94,94,84,84,33,79,79,94,94,56],"gold":137,"neow_bonus":"TEN_PERCENT_HP_BONUS","is_daily":false,"chose_seed":false,"campfire_upgraded":12,"win_rate":0.0,"timestamp":1611682563,"path_taken":["M","?","M","?","M","R","E","R","T","R","?","$","R","E","R","BOSS","M","?","?","?","?","E","M","E","T","R","?","R","?","E","R","BOSS","M","$","M","?","M","R","E","M","T","M","R","E","R","?","R","BOSS","R","$","E","BOSS"],"items_purchased_type":["Card","Relic","Card","Card","Relic","Card"],"build_version":"2020-12-22","purchased_purges":1,"victory":true,"max_hp_per_floor":[82,82,82,82,82,82,82,82,82,82,82,82,82,82,82,82,82,82,82,82,82,82,82,82,82,82,82,82,82,82,82,82,82,82,82,82,82,82,82,82,94,94,94,94,94,94,94,94,94,94,94,94,94,94,94],"relic_stats":{"Darkstone Periapt":0,"Torii":32,"counters":[25,119],"Pen Nib":[7],"Bag of Preparation":[8],"Question Card":10,"Mercury Hourglass":[416],"Centennial Puzzle":[3],"Busted Crown":18,"Bird Faced Urn":[196],"Bronze Scales":[313],"MealTicket":39,"Black Star":6,"Art of War":[25],"obtain_stats":[{"Darkstone Periapt":46,"Torii":25,"Enchiridion":19,"Bag of Preparation":46,"Centennial Puzzle":54,"DollysMirror":36,"Strawberry":41,"MealTicket":26,"Red Mask":38,"Cracked Core":0,"Potion Belt":12,"Oddly Smooth Stone":7,"Pen Nib":25,"Question Card":31,"Akabeko":23,"Mercury Hourglass":14,"DataDisk":54,"Busted Crown":34,"Bird Faced Urn":4,"Bronze Scales":23,"Black Star":17,"Art of War":31,"Bottled Lightning":41,"Symbiotic Virus":9,"TungstenRod":48},{"Darkstone Periapt":21,"Torii":12,"Enchiridion":8,"Bag of Preparation":21,"Centennial Puzzle":24,"DollysMirror":15,"Strawberry":18,"MealTicket":12,"Red Mask":16,"Cracked Core":0,"Potion Belt":5,"Oddly Smooth Stone":4,"Pen Nib":12,"Question Card":13,"Akabeko":10,"Mercury Hourglass":6,"DataDisk":24,"Busted Crown":14,"Bird Faced Urn":2,"Bronze Scales":10,"Black Star":7,"Art of War":13,"Bottled Lightning":18,"Symbiotic Virus":4,"TungstenRod":22},{"Darkstone Periapt":91,"Torii":46,"Enchiridion":33,"Bag of Preparation":91,"Centennial Puzzle":113,"DollysMirror":63,"Strawberry":74,"MealTicket":46,"Red Mask":66,"Cracked Core":0,"Potion Belt":19,"Oddly Smooth Stone":14,"Pen Nib":46,"Question Card":49,"Akabeko":38,"Mercury Hourglass":24,"DataDisk":113,"Busted Crown":59,"Bird Faced Urn":5,"Bronze Scales":38,"Black Star":30,"Art of War":49,"Bottled Lightning":74,"Symbiotic Virus":14,"TungstenRod":96}],"TungstenRod":39},"card_choices":[{"not_picked":["Chill","BootSequence"],"picked":"Rip and Tear","floor":1},{"not_picked":["Heatsinks","Turbo"],"picked":"Go for the Eyes","floor":3},{"not_picked":["Blizzard","Darkness","Barrage"],"picked":"SKIP","floor":5},{"not_picked":["Blizzard","Darkness","Barrage"],"picked":"SKIP","floor":5},{"not_picked":["BootSequence","Undo"],"picked":"White Noise","floor":7},{"not_picked":["Sweeping Beam","Steam"],"picked":"Redo","floor":11},{"not_picked":["Static Discharge","Auto Shields"],"picked":"Reinforced Body","floor":14},{"not_picked":["Amplify","Fission"],"picked":"Electrodynamics","floor":16},{"not_picked":["Blizzard","Chill"],"picked":"Darkness","floor":18},{"not_picked":["Redo","Sweeping Beam"],"picked":"Hologram","floor":22},{"not_picked":["Coolheaded","Leap"],"picked":"Doom and Gloom+1","floor":23},{"not_picked":["Rip and Tear","Turbo"],"picked":"Hologram+1","floor":24},{"not_picked":["Consume","Redo","Turbo"],"picked":"SKIP","floor":25},{"not_picked":["Go for the Eyes+1","Hello World","Reinforced Body"],"picked":"SKIP","floor":31},{"not_picked":["Multi-Cast","Amplify","Meteor Strike"],"picked":"Creative AI","floor":33},{"not_picked":["Gash+1","Go for the Eyes"],"picked":"SKIP","floor":35},{"not_picked":["Hologram"],"picked":"Cold Snap","floor":37},{"not_picked":["Turbo"],"picked":"Stack+1","floor":39},{"not_picked":["Stack"],"picked":"Coolheaded","floor":41},{"not_picked":["Skim"],"picked":"Heatsinks+1","floor":42},{"not_picked":["Steam"],"picked":"Fission","floor":44},{"not_picked":["Force Field","Heatsinks"],"picked":"SKIP","floor":46},{"not_picked":["Heatsinks","Rip and Tear"],"picked":"SKIP","floor":54}],"player_experience":694831,"relics_obtained":[{"floor":7,"key":"Oddly Smooth Stone"},{"floor":9,"key":"Symbiotic Virus"},{"floor":14,"key":"Mercury Hourglass"},{"floor":19,"key":"Enchiridion"},{"floor":23,"key":"Bronze Scales"},{"floor":23,"key":"Akabeko"},{"floor":25,"key":"Pen Nib"},{"floor":25,"key":"Torii"},{"floor":26,"key":"MealTicket"},{"floor":31,"key":"Question Card"},{"floor":31,"key":"Art of War"},{"floor":41,"key":"Strawberry"},{"floor":41,"key":"Bottled Lightning"},{"floor":46,"key":"Bag of Preparation"},{"floor":46,"key":"Darkstone Periapt"},{"floor":48,"key":"TungstenRod"},{"floor":54,"key":"DataDisk"},{"floor":54,"key":"Centennial Puzzle"}],"event_choices":[{"damage_healed":0,"gold_gain":0,"player_choice":"Ignored","damage_taken":0,"max_hp_gain":0,"max_hp_loss":0,"event_name":"Liars Game","floor":2,"gold_loss":0},{"damage_healed":0,"gold_gain":0,"player_choice":"Gave Potion","damage_taken":0,"relics_obtained":["Bird Faced Urn"],"max_hp_gain":0,"max_hp_loss":0,"event_name":"WeMeetAgain","floor":4,"gold_loss":0},{"damage_healed":0,"gold_gain":0,"player_choice":"Obtained Book","damage_taken":16,"max_hp_gain":0,"max_hp_loss":0,"event_name":"Cursed Tome","floor":19,"gold_loss":0},{"damage_healed":0,"gold_gain":0,"cards_transformed":["Strike_B","Strike_B"],"player_choice":"Became Test Subject","damage_taken":0,"max_hp_gain":0,"max_hp_loss":0,"event_name":"Drug Dealer","floor":20,"gold_loss":0,"cards_obtained":["Cold Snap","Force Field"]},{"damage_healed":0,"gold_gain":0,"player_choice":"Ignored","damage_taken":0,"max_hp_gain":0,"max_hp_loss":0,"event_name":"Ghosts","floor":21,"gold_loss":0},{"damage_healed":0,"gold_gain":0,"player_choice":"Ignored","damage_taken":0,"max_hp_gain":0,"max_hp_loss":0,"event_name":"Vampires","floor":30,"gold_loss":0},{"damage_healed":0,"gold_gain":0,"player_choice":"Paid","damage_taken":0,"relics_obtained":["Red Mask"],"max_hp_gain":0,"max_hp_loss":0,"event_name":"Tomb of Lord Red Mask","floor":38,"gold_loss":35},{"damage_healed":0,"gold_gain":0,"player_choice":"Fight","damage_taken":0,"max_hp_gain":0,"max_hp_loss":0,"event_name":"Mysterious Sphere","floor":48,"gold_loss":0}],"is_beta":false,"boss_relics":[{"not_picked":["Nuclear Battery","Ectoplasm"],"picked":"Black Star"},{"not_picked":["Astrolabe","Runic Pyramid"],"picked":"Busted Crown"}],"items_purged_floors":[28],"is_endless":false,"potions_floor_spawned":[1,5,7,14,24,25,37,41,42,46,54],"ascension_level":13}}