{"host":"jhy70w0yh8dayqay","time":1611676099,"event":{"mods":["AchievementEnabler","BaseMod","Colored Map","Colored Powertips","DeckTracker","Minty Spire (QoL Compilation)","Permanent Neow","SuperFastMode"],"gold_per_floor":[114,114,134,153,171,171,227,227,227],"floor_reached":8,"language":"KOR","playtime":321,"items_purged":[],"score":74,"play_id":"1336ba91-64a5-44b0-9466-3f886ca2bf48","local_time":"20210127004819","is_ascension_mode":true,"campfire_choices":[],"circlet_count":0,"master_deck":["AscendersBane","Strike_R","Strike_R","Strike_R","Defend_R","Defend_R","Defend_R","Defend_R","Bash","Pommel Strike","Searing Blow","Carnage","Battle Trance","Brutality","Second Wind"],"relics":["Burning Blood","The Courier"],"acts_visited":["Exordium"],"potions_floor_usage":[7,7],"damage_taken":[{"damage":6,"enemies":"Cultist","floor":1,"turns":3},{"damage":9,"enemies":"Jaw Worm","floor":3,"turns":3},{"damage":3,"enemies":"2 Louse","floor":4,"turns":2},{"damage":15,"enemies":"2 Fungi Beasts","floor":5,"turns":3},{"damage":44,"enemies":"Lagavulin Event","floor":7,"turns":6},{"damage":15,"enemies":"3 Sentries","floor":8,"turns":5}],"seed_played":"4431760339839582372","potions_obtained":[{"floor":1,"key":"SmokeBomb"},{"floor":3,"key":"Block Potion"},{"floor":4,"key":"ColorlessPotion"}],"is_trial":false,"path_per_floor":["M","?","M","M","M","?","?","E"],"character_chosen":"IRONCLAD","items_purchased":[],"campfire_rested":0,"item_purchase_floors":[],"current_hp_per_floor":[72,72,69,72,63,56,18,3,3],"gold":227,"neow_bonus":"THREE_CARDS","is_daily":false,"chose_seed":false,"campfire_upgraded":0,"win_rate":0.0,"timestamp":1611676099,"path_taken":["M","?","M","?","M","?","?","E"],"items_purchased_type":[],"build_version":"2020-12-22","purchased_purges":0,"victory":false,"max_hp_per_floor":[80,80,80,80,80,80,80,80,80],"card_choices":[{"not_picked":["Rage","Anger"],"picked":"Pommel Strike","floor":0},{"not_picked":["Evolve","Clothesline"],"picked":"Searing Blow","floor":1},{"not_picked":["Rupture","Heavy Blade"],"picked":"Carnage","floor":3},{"not_picked":["Cleave","Shrug It Off"],"picked":"Battle Trance","floor":4},{"not_picked":["Flex","Armaments"],"picked":"Brutality","floor":5},{"not_picked":["Rage","Sword Boomerang"],"picked":"Second Wind","floor":7}],"player_experience":430418,"relics_obtained":[],"event_choices":[{"cards_removed":["Strike_R"],"damage_healed":0,"gold_gain":0,"player_choice":"Offered Basic","damage_taken":0,"max_hp_gain":0,"max_hp_loss":0,"event_name":"Bonfire Elementals","floor":2,"gold_loss":0},{"cards_removed":["Strike_R"],"damage_healed":0,"gold_gain":0,"player_choice":"Card Removal","damage_taken":7,"max_hp_gain":0,"max_hp_loss":0,"event_name":"Golden Wing","floor":6,"gold_loss":0},{"damage_healed":0,"gold_gain":30,"player_choice":"Searched \u00273\u0027 times","damage_taken":0,"relics_obtained":["The Courier"],"max_hp_gain":0,"max_hp_loss":0,"event_name":"Dead Adventurer","floor":7,"gold_loss":0}],"is_beta":false,"boss_relics":[],"items_purged_floors":[],"is_endless":false,"potions_floor_spawned":[1,3,4],"killed_by":"3 Sentries","ascension_level":11}}