{"host":"jwbw4f4imxd0v0b0","time":1611645018,"event":{"mods":["BaseMod","Colored Map","Highlight Path","Minty Spire (QoL Compilation)","Relic Stats","StSLib"],"gold_per_floor":[212,5,19,32,32,58,58,85,140,140,140,37,37,90,90,228,228,257,257,257,257],"floor_reached":20,"language":"ENG","playtime":958,"items_purged":["Strike_B"],"score":263,"play_id":"add94305-7ba5-4b61-8390-ee0c8114bbcd","local_time":"20210126011018","is_ascension_mode":true,"campfire_choices":[{"floor":7.0,"key":"REST"},{"data":"Capacitor","floor":15.0,"key":"SMITH"}],"circlet_count":0,"master_deck":["Strike_B+1","Strike_B+1","Defend_B+1","Defend_B+1","Defend_B+1","Defend_B+1","Zap","Dualcast","Go for the Eyes","Capacitor+1","Sweeping Beam+1","Leap","Beam Cell+1","Undo","Steam","Core Surge","Consume+1"],"relics":["Cracked Core","Meat on the Bone","Nunchaku","Whetstone","Strawberry","Golden Idol","CeramicFish","Fusion Hammer"],"acts_visited":["Exordium","TheCity"],"potions_floor_usage":[],"damage_taken":[{"damage":0.0,"enemies":"Small Slimes","floor":1.0,"turns":3.0},{"damage":7.0,"enemies":"2 Louse","floor":3.0,"turns":3.0},{"damage":0.0,"enemies":"Cultist","floor":4.0,"turns":3.0},{"damage":27.0,"enemies":"3 Sentries","floor":6.0,"turns":7.0},{"damage":26.0,"enemies":"Gremlin Nob","floor":8.0,"turns":4.0},{"damage":21.0,"enemies":"3 Sentries","floor":14.0,"turns":7.0},{"damage":18.0,"enemies":"The Guardian","floor":16.0,"turns":13.0},{"damage":1,"enemies":"Shell Parasite","floor":18,"turns":6},{"damage":11,"enemies":"Masked Bandits","floor":20,"turns":3}],"seed_played":"-4358730150316804445","potions_obtained":[{"floor":3.0,"key":"DuplicationPotion"},{"floor":16.0,"key":"PotionOfCapacity"}],"is_trial":false,"path_per_floor":["M","$","M","M","?","E","R","E","T","?","?","$","?","E","R","B",null,"M","?","?"],"character_chosen":"DEFECT","items_purchased":["Capacitor","Sweeping Beam","CultistPotion"],"campfire_rested":1,"item_purchase_floors":[2,2,12],"current_hp_per_floor":[68,68,61,61,61,34,56,42,42,35,39,39,39,30,30,24,63,62,62,51,51],"gold":257,"neow_bonus":"HUNDRED_GOLD","is_daily":false,"chose_seed":false,"campfire_upgraded":1,"win_rate":0.0,"timestamp":1611645018,"path_taken":["M","$","M","M","?","E","R","E","T","?","?","$","?","E","R","BOSS","M","?","?"],"items_purchased_type":["Card","Card","Potion"],"build_version":"2020-12-22","purchased_purges":1,"victory":false,"max_hp_per_floor":[75,75,75,75,75,75,75,75,75,75,82,82,76,76,76,76,76,76,76,76,76],"relic_stats":{"Nunchaku":[4],"counters":[9,49],"Golden Idol":46,"CeramicFish":27,"Whetstone":["Beam Cell","Strike_B"],"obtain_stats":[{"Nunchaku":8,"Golden Idol":13,"Strawberry":11,"CeramicFish":14,"Fusion Hammer":17,"Whetstone":9,"Cracked Core":0,"Meat on the Bone":6},{"Nunchaku":5,"Golden Idol":5,"Strawberry":5,"CeramicFish":6,"Fusion Hammer":7,"Whetstone":5,"Cracked Core":0,"Meat on the Bone":4},{"Nunchaku":20,"Golden Idol":20,"Strawberry":20,"CeramicFish":27,"Fusion Hammer":40,"Whetstone":20,"Cracked Core":0,"Meat on the Bone":16}],"Meat on the Bone":36},"card_choices":[{"not_picked":["Conserve Battery","Coolheaded"],"picked":"Go for the Eyes","floor":1.0},{"not_picked":["Reinforced Body","Sweeping Beam"],"picked":"Leap","floor":3.0},{"not_picked":["Streamline","Gash"],"picked":"Beam Cell","floor":4.0},{"not_picked":["Redo","Double Energy"],"picked":"Undo","floor":6.0},{"not_picked":["Rainbow","Recycle","Rebound"],"picked":"SKIP","floor":8.0},{"not_picked":["Multi-Cast","Turbo"],"picked":"Steam","floor":14.0},{"not_picked":["Amplify","Hyperbeam"],"picked":"Core Surge","floor":16.0},{"not_picked":["Stack","Steam"],"picked":"Consume+1","floor":18}],"player_experience":1149259,"relics_obtained":[{"floor":6.0,"key":"Meat on the Bone"},{"floor":8.0,"key":"Nunchaku"},{"floor":9.0,"key":"Whetstone"},{"floor":14.0,"key":"CeramicFish"}],"event_choices":[{"damage_healed":0.0,"max_hp_gain":0.0,"max_hp_loss":0.0,"gold_gain":0.0,"event_name":"Living Wall","player_choice":"Grow","floor":5.0,"gold_loss":0.0,"damage_taken":0.0,"cards_upgraded":["Sweeping Beam"]},{"cards_removed":["Strike_B"],"damage_healed":0.0,"max_hp_gain":0.0,"max_hp_loss":0.0,"gold_gain":0.0,"event_name":"Golden Wing","player_choice":"Card Removal","floor":10.0,"gold_loss":0.0,"damage_taken":7.0},{"damage_healed":0.0,"max_hp_gain":0.0,"max_hp_loss":0.0,"gold_gain":0.0,"event_name":"Scrap Ooze","player_choice":"Success","floor":11.0,"gold_loss":0.0,"damage_taken":3.0,"relics_obtained":["Strawberry"]},{"damage_healed":0.0,"max_hp_gain":0.0,"max_hp_loss":6.0,"gold_gain":0.0,"event_name":"Golden Idol","player_choice":"Lose Max HP","floor":13.0,"gold_loss":0.0,"damage_taken":0.0,"relics_obtained":["Golden Idol"]},{"damage_healed":0,"gold_gain":0,"player_choice":"Simplicity","damage_taken":0,"max_hp_gain":0,"max_hp_loss":0,"event_name":"Back to Basics","floor":19,"gold_loss":0,"cards_upgraded":["Strike_B","Defend_B","Defend_B","Defend_B","Defend_B"]},{"damage_healed":0,"gold_gain":0,"player_choice":"Fought Bandits","damage_taken":0,"max_hp_gain":0,"max_hp_loss":0,"event_name":"Masked Bandits","floor":20,"gold_loss":0}],"is_beta":false,"boss_relics":[{"not_picked":["FrozenCore","Black Star"],"picked":"Fusion Hammer"}],"items_purged_floors":[2],"is_endless":false,"potions_floor_spawned":[3,16],"killed_by":"Masked Bandits","ascension_level":8}}