{"host":"kwnpvqmnt47pmyi1","time":1611645992,"event":{"mods":["AchievementEnabler","BaseMod","Bestiary","BetterRewards","Downfall","Hermit","Hubris","Marisa????????","Minty Spire (QoL Compilation)","Random Character Mod","Reliquary","Replay The Spire","StSLib","The Marked","The Servant 0.9.4"],"gold_per_floor":[99,113,124,124,124,135,160,160,194,207,107,123,138,151,164,261,261,261,281,296,25,25,25,25,34,49,49,13,28,28,48,61,157,157,157,171,189,206,206,206,206,206],"floor_reached":40,"language":"ENG","playtime":3658,"items_purged":[],"score":456,"play_id":"b4989ad5-ea17-4448-a7a8-15d47f192ce3","local_time":"20210125232632","is_ascension_mode":false,"campfire_choices":[{"data":"hexamod:Float","floor":1,"key":"SMITH"},{"data":"hexamod:EtherealExpedition","floor":11,"key":"SMITH"},{"data":"hexamod:Firestarter","floor":18,"key":"SMITH"},{"data":"hexamod:FastForward","floor":27,"key":"SMITH"},{"data":"hexamod:EtherealExpedition","floor":30,"key":"SMITH"},{"floor":35,"key":"RECALL"}],"circlet_count":0,"master_deck":["hexamod:Strike","hexamod:Strike","hexamod:Strike+1","hexamod:Strike","hexamod:Defend","hexamod:Defend","hexamod:Defend","hexamod:Defend","hexamod:Sear","hexamod:Float+1","hexamod:Firestarter+1","hexamod:SwordOfDarkness","hexamod:EtherealExpedition+1","hexamod:FirstSeal","hexamod:FourthSeal","hexamod:Hexaguard","hexamod:Hexaguard","hexamod:SpectersWail","hexamod:SpectersWail","hexamod:ShieldOfDarkness","hexamod:ThirdSeal","hexamod:WildfireWeapon","hexamod:CatchUp+1","hexamod:InspiringFlames","hexamod:BurningTouch+1","hexamod:ForkedFlame","hexamod:PhantomFireball+1","hexamod:NightmareStrike","hexamod:NightmareStrike","hexamod:StepThrough","hexamod:CatchUp+1","hexamod:FastForward+1","hexamod:AdvancingGuard","hexamod:EtherealExpedition+1","hexamod:StepThrough","hexamod:StepThrough+1","hexamod:NightmareGuise+1","hexamod:UnleashSpirits","hexamod:EmpoweredFlame","hexamod:GhostLash","hexamod:UnlimitedPower","hexamod:HeatMetal","hexamod:ThermalTransfer+1","hexamod:Firestarter+1"],"relics":["hexamod:SpiritBrand","Smiling Mask","Durian","downfall:HeartBlessingBlue","SlaversCollar","Pen Nib","hubris:Icosahedron","Bottled Lightning","Oddly Smooth Stone","Ring of Chaos"],"acts_visited":["Exordium","TheCity","TheBeyond"],"potions_floor_usage":[16,19,19,20,28,29,33,33,37,38],"damage_taken":[{"damage":10,"enemies":"Small Slimes","floor":2,"turns":3},{"damage":1,"enemies":"Jaw Worm","floor":3,"turns":3},{"damage":2,"enemies":"2 Louse","floor":6,"turns":2},{"damage":9,"enemies":"Blue Slaver","floor":10,"turns":3},{"damage":0,"enemies":"Exordium Thugs","floor":12,"turns":5},{"damage":0,"enemies":"3 Louse","floor":13,"turns":3},{"damage":0,"enemies":"Large Slime","floor":14,"turns":3},{"damage":10,"enemies":"Exordium Thugs","floor":15,"turns":4},{"damage":37,"enemies":"DF_ARCHETYPE_STREAMLINE","floor":16,"turns":9},{"damage":8,"enemies":"Chosen","floor":19,"turns":5},{"damage":23,"enemies":"Spheric Guardian","floor":20,"turns":8},{"damage":0,"enemies":"downfall:FleeingMerchant","floor":21,"turns":4},{"damage":25,"enemies":"Slavers","floor":25,"turns":6},{"damage":2,"enemies":"Cultist and Chosen","floor":26,"turns":6},{"damage":7,"enemies":"Chosen and Byrds","floor":28,"turns":6},{"damage":16,"enemies":"Snake Plant","floor":29,"turns":4},{"damage":3,"enemies":"Snecko","floor":31,"turns":3},{"damage":9,"enemies":"Centurion and Healer","floor":32,"turns":7},{"damage":24,"enemies":"WA_ARCHETYPE_CALM","floor":33,"turns":9},{"damage":5,"enemies":"Orb Walker","floor":36,"turns":4},{"damage":9,"enemies":"3 Darklings","floor":37,"turns":7},{"damage":32,"enemies":"4 Shapes","floor":38,"turns":5},{"damage":59,"enemies":"Giant Head","floor":40,"turns":7}],"seed_played":"354304011986370188","potions_obtained":[{"floor":2,"key":"Weak Potion"},{"floor":6,"key":"CultistPotion"},{"floor":10,"key":"Milkshake"},{"floor":13,"key":"Languid Potion"},{"floor":13,"key":"Adrenaline Potion"},{"floor":15,"key":"AttackPotion"},{"floor":16,"key":"BlessingOfTheForge"},{"floor":19,"key":"hexamod:SoulburnPotion"},{"floor":19,"key":"Weak Potion"},{"floor":20,"key":"EssenceOfSteel"},{"floor":28,"key":"Block Potion"},{"floor":29,"key":"BlessingOfTheForge"},{"floor":31,"key":"hexamod:DoubleChargePotion"},{"floor":32,"key":"Block Potion"},{"floor":33,"key":"Strength Potion"},{"floor":36,"key":"LiquidBronze"},{"floor":36,"key":"AttackPotion"},{"floor":37,"key":"EssenceOfSteel"}],"is_trial":false,"path_per_floor":["R","M","M","?","?","M","T","?","?","M","R","M","M","M","M","B",null,"R","M","M","$","?","?","T","E","M","R","M","M","R","M","M","B",null,"R","M","M","M","?","E"],"character_chosen":"THE_SPIRIT","items_purchased":["hexamod:NightmareStrike","Pen Nib","hexamod:StepThrough"],"campfire_rested":0,"item_purchase_floors":[21,21,21],"current_hp_per_floor":[77,67,66,41,41,39,39,32,37,35,45,52,59,66,63,33,92,92,84,68,75,75,75,75,57,62,62,55,39,39,36,34,17,92,92,92,83,58,58,0,0,0],"gold":206,"neow_bonus":"TEN_PERCENT_HP_BONUS","is_daily":false,"chose_seed":false,"campfire_upgraded":5,"win_rate":0.0,"timestamp":1611645992,"path_taken":["R","M","M","?","?","M","T","?","?","?","R","M","M","M","M","BOSS","R","M","M","$","?","?","T","E","M","R","M","M","R","M","M","BOSS","R","M","M","M","?","E"],"items_purchased_type":["Card","Relic","Card"],"build_version":"2020-12-22","purchased_purges":0,"victory":false,"max_hp_per_floor":[77,77,77,77,77,77,77,77,82,82,92,92,92,92,92,92,92,92,92,92,92,92,92,92,92,92,92,92,92,92,92,92,92,92,92,92,92,92,92,92,92,92],"card_choices":[{"not_picked":["hexamod:StepThrough","hexamod:SwordOfDarkness"],"picked":"hexamod:Firestarter","floor":2},{"not_picked":["hexamod:BacktrackSmack","hexamod:Haunt"],"picked":"hexamod:SwordOfDarkness","floor":3},{"not_picked":["hexamod:GhostShield","hexamod:Firestarter"],"picked":"hexamod:EtherealExpedition","floor":6},{"not_picked":["hexamod:ExtraCrispy","hexamod:FifthSeal"],"picked":"hexamod:Hexaguard","floor":9},{"not_picked":["hexamod:ThermalTransfer","hexamod:GhostLash"],"picked":"hexamod:Hexaguard","floor":10},{"not_picked":["hexamod:GhostLash","hexamod:ChargedBarrage"],"picked":"hexamod:SpectersWail","floor":12},{"not_picked":["hexamod:Firestarter","hexamod:NightmareGuise"],"picked":"hexamod:SpectersWail","floor":13},{"not_picked":["hexamod:HauntingEcho","hexamod:FastForward"],"picked":"hexamod:ShieldOfDarkness","floor":14},{"not_picked":["hexamod:NightmareGuise","hexamod:AdvancingGuard"],"picked":"hexamod:ThirdSeal","floor":15},{"not_picked":["hexamod:GhostOfSpirePresent","hexamod:UnlimitedPower"],"picked":"hexamod:WildfireWeapon","floor":16},{"not_picked":["hexamod:EmpoweredFlame+1","hexamod:AdvancingGuard+1"],"picked":"hexamod:CatchUp+1","floor":19},{"not_picked":["hexamod:Hexaguard","hexamod:Again+1"],"picked":"hexamod:InspiringFlames","floor":19},{"not_picked":["hexamod:SwordOfDarkness","hexamod:SpectralAdrenaline"],"picked":"hexamod:BurningTouch+1","floor":20},{"not_picked":["hexamod:SwordOfDarkness","hexamod:SpectersWail+1"],"picked":"hexamod:ForkedFlame","floor":20},{"not_picked":["hexamod:ThermalTransfer","hexamod:RecurringNightmare+1"],"picked":"hexamod:PhantomFireball+1","floor":21},{"not_picked":["hexamod:NightmareStrike","hexamod:InspiringFlames","hexamod:DynamicBlow"],"picked":"SKIP","floor":21},{"not_picked":["hexamod:BurningTouch","hexamod:GhostflameBarrier+1"],"picked":"hexamod:CatchUp+1","floor":25},{"not_picked":["hexamod:NightmareStrike+1","hexamod:SwordOfDarkness","hexamod:BacktrackSmack+1"],"picked":"SKIP","floor":25},{"not_picked":["hexamod:Hexaguard","hexamod:InspiringFlames"],"picked":"hexamod:FastForward","floor":26},{"not_picked":["hexamod:Incineration+1","hexamod:CatchUp"],"picked":"hexamod:AdvancingGuard","floor":26},{"not_picked":["hexamod:FifthSeal","hexamod:RetreatToShadows+1"],"picked":"hexamod:EtherealExpedition","floor":28},{"not_picked":["hexamod:Incineration","hexamod:GhostLash"],"picked":"hexamod:StepThrough","floor":28},{"not_picked":["hexamod:Incineration","hexamod:AdvancingGuard"],"picked":"hexamod:StepThrough+1","floor":29},{"not_picked":["hexamod:HeatMetal","hexamod:Firestarter"],"picked":"hexamod:NightmareGuise+1","floor":29},{"not_picked":["hexamod:HauntingEcho","hexamod:FastForward+1"],"picked":"hexamod:UnleashSpirits","floor":31},{"not_picked":["hexamod:SpectralAdrenaline","hexamod:SwordOfDarkness"],"picked":"hexamod:EmpoweredFlame","floor":32},{"not_picked":["hexamod:Again+1","hexamod:NightmareStrike"],"picked":"hexamod:GhostLash","floor":32},{"not_picked":["hexamod:TimeWarp","hexamod:GhostflameInferno"],"picked":"hexamod:UnlimitedPower","floor":33},{"not_picked":["hexamod:PhantomCloak+1","hexamod:Rewind+1"],"picked":"hexamod:HeatMetal","floor":36},{"not_picked":["hexamod:HeatMetal+1","hexamod:Haunt"],"picked":"hexamod:ThermalTransfer+1","floor":37},{"not_picked":["hexamod:SecondSeal","hexamod:Hexaguard+1"],"picked":"hexamod:Firestarter+1","floor":38},{"not_picked":["hexamod:BacktrackSmack+1","hexamod:HeatMetal","hexamod:EmpoweredFlame"],"picked":"SKIP","floor":38}],"player_experience":255831,"relics_obtained":[{"floor":9,"key":"Durian"},{"floor":24,"key":"Bottled Lightning"},{"floor":25,"key":"Oddly Smooth Stone"}],"event_choices":[{"damage_healed":0,"gold_gain":0,"player_choice":"Success","damage_taken":25,"relics_obtained":["Smiling Mask"],"max_hp_gain":0,"max_hp_loss":0,"event_name":"Scrap Ooze","floor":4,"gold_loss":0},{"damage_healed":0,"gold_gain":0,"player_choice":"Ignored","damage_taken":0,"max_hp_gain":0,"max_hp_loss":0,"event_name":"Mysterious Sphere","floor":39,"gold_loss":0}],"is_beta":false,"boss_relics":[{"not_picked":["hubris:BlackHole","hubris:TerracottaHorce"],"picked":"SlaversCollar"},{"not_picked":["SacredBark","Kintsugi"],"picked":"Ring of Chaos"}],"items_purged_floors":[],"is_endless":false,"potions_floor_spawned":[2,6,13,14,15,19,29,31,32,33,36],"killed_by":"Giant Head","ascension_level":0}}