{"host":"srk2drlvga69hbot","time":1611650644,"event":{"mods":["AchievementEnabler","BaseMod","Bestiary","Block Reminder","Colored Map","Colored Powertips","Dark Map","DeckTracker","Downfall","Highlight Path","Minty Spire (QoL Compilation)","Quick Restart","Rare Cards Sparkle","Relic Stats","Slay-I","StSLib","SuperFastMode","Unceasing Turn Reminder"],"gold_per_floor":[113,113,127,202,216,216,239,252,276,287,287,287,301,319,319,396,396,414,324,339,183,183,183,206,237,237,255,255,255,255],"floor_reached":29,"language":"ZHS","playtime":1520,"items_purged":["Strike_R"],"score":400,"play_id":"2b9a9f2e-c52a-4997-b11d-80a260abaac7","local_time":"20210126164404","is_ascension_mode":true,"campfire_choices":[{"data":"Armaments","floor":6.0,"key":"SMITH"},{"data":"Armaments","floor":11.0,"key":"SMITH"},{"floor":15.0,"key":"REST"},{"data":"Impervious","floor":23.0,"key":"SMITH"},{"data":"Headbutt","floor":28.0,"key":"SMITH"}],"circlet_count":0,"master_deck":["AscendersBane","Strike_R+1","Defend_R","Defend_R","Defend_R","Defend_R","Bash","Clash","Armaments+1","Flame Barrier","Armaments+1","Anger","Anger","Impervious+1","Shrug It Off","Headbutt+1","Impatience","Havoc+1","Anger"],"relics":["Burning Blood","TungstenRod","Question Card","Anchor","MealTicket","Philosopher\u0027s Stone","Art of War","Strawberry","Champion Belt"],"acts_visited":["Exordium","TheCity"],"potions_floor_usage":[],"damage_taken":[{"damage":5.0,"enemies":"2 Louse","floor":1.0,"turns":2.0},{"damage":3.0,"enemies":"Small Slimes","floor":3.0,"turns":4.0},{"damage":5.0,"enemies":"Cultist","floor":5.0,"turns":3.0},{"damage":20.0,"enemies":"Exordium Thugs","floor":8.0,"turns":5.0},{"damage":5.0,"enemies":"2 Fungi Beasts","floor":10.0,"turns":5.0},{"damage":0.0,"enemies":"Gremlin Gang","floor":13.0,"turns":6.0},{"damage":0.0,"enemies":"3 Louse","floor":14.0,"turns":3.0},{"damage":60.0,"enemies":"Hexaghost","floor":16.0,"turns":11.0},{"damage":10.0,"enemies":"Chosen","floor":18.0,"turns":6.0},{"damage":12.0,"enemies":"Shell Parasite","floor":20.0,"turns":7.0},{"damage":16.0,"enemies":"Book of Stabbing","floor":25.0,"turns":6.0},{"damage":22.0,"enemies":"Snecko","floor":27.0,"turns":8.0},{"damage":96,"enemies":"Gremlin Leader","floor":29,"turns":14}],"seed_played":"479559072425003499","potions_obtained":[{"floor":5.0,"key":"Energy Potion"},{"floor":10.0,"key":"ColorlessPotion"},{"floor":14.0,"key":"SteroidPotion"},{"floor":16.0,"key":"BloodPotion"},{"floor":18.0,"key":"FairyPotion"}],"is_trial":false,"path_per_floor":["M","?","M","?","M","R","T","M","T","M","R","?","M","M","R","B",null,"M","?","M","$","?","R","T","E","T","M","R","E"],"character_chosen":"IRONCLAD","items_purchased":["Impatience"],"campfire_rested":1,"item_purchase_floors":[21],"current_hp_per_floor":[51,46,49,43,44,44,44,30,30,31,31,31,37,43,65,11,59,70,70,64,75,75,75,75,72,72,56,56,0,0],"gold":255,"neow_bonus":"ONE_RARE_RELIC","is_daily":false,"chose_seed":false,"campfire_upgraded":4,"win_rate":0.0,"timestamp":1611650644,"path_taken":["M","?","M","?","?","R","?","M","T","M","R","?","?","M","R","BOSS","M","?","?","$","?","R","?","E","T","M","R","E"],"items_purchased_type":["Card"],"build_version":"2020-12-22","purchased_purges":1,"victory":false,"max_hp_per_floor":[75,75,75,75,75,75,75,75,75,75,75,75,75,75,75,75,75,75,75,75,75,75,75,75,82,82,82,82,82,82],"relic_stats":{"counters":[13,80],"MealTicket":11,"Art of War":[1],"Champion Belt":[6],"Question Card":11,"obtain_stats":[{"Anchor":7,"Strawberry":25,"MealTicket":9,"Philosopher\u0027s Stone":17,"Art of War":24,"Champion Belt":26,"Question Card":2,"Burning Blood":0,"TungstenRod":0},{"Anchor":3,"Strawberry":11,"MealTicket":4,"Philosopher\u0027s Stone":8,"Art of War":10,"Champion Belt":11,"Question Card":1,"Burning Blood":0,"TungstenRod":0},{"Anchor":9,"Strawberry":58,"MealTicket":14,"Philosopher\u0027s Stone":39,"Art of War":52,"Champion Belt":58,"Question Card":2,"Burning Blood":0,"TungstenRod":0}],"Burning Blood":72,"TungstenRod":45},"card_choices":[{"not_picked":["Sword Boomerang","Blood for Blood","Flex"],"picked":"SKIP","floor":1.0},{"not_picked":["Rupture","Burning Pact","Dark Embrace"],"picked":"Clash","floor":3.0},{"not_picked":["Headbutt","Fire Breathing","Havoc"],"picked":"Armaments","floor":5.0},{"not_picked":["Feed","Feel No Pain","Entrench"],"picked":"Flame Barrier","floor":8.0},{"not_picked":["Twin Strike","Warcry","Headbutt"],"picked":"Armaments","floor":10.0},{"not_picked":["Searing Blow","Pommel Strike","Sentinel"],"picked":"Anger","floor":13.0},{"not_picked":["Uppercut","Rampage","Warcry"],"picked":"Anger","floor":14.0},{"not_picked":["Feed","Corruption","Fiend Fire"],"picked":"Impervious","floor":16.0},{"not_picked":["Cleave","Seeing Red","Second Wind"],"picked":"Shrug It Off","floor":18.0},{"not_picked":["Perfected Strike","Shockwave+1","Twin Strike"],"picked":"Headbutt","floor":20.0},{"not_picked":["Headbutt","Entrench","Heavy Blade"],"picked":"Havoc+1","floor":25.0},{"not_picked":["Body Slam","Bloodletting","Dropkick"],"picked":"Anger","floor":27.0}],"player_experience":288872,"relics_obtained":[{"floor":7.0,"key":"Anchor"},{"floor":9.0,"key":"MealTicket"},{"floor":24.0,"key":"Art of War"},{"floor":25.0,"key":"Strawberry"},{"floor":26.0,"key":"Champion Belt"}],"event_choices":[{"damage_healed":0.0,"max_hp_gain":0.0,"max_hp_loss":0.0,"gold_gain":0.0,"event_name":"Scrap Ooze","player_choice":"Success","floor":2.0,"gold_loss":0.0,"damage_taken":7.0,"relics_obtained":["Question Card"]},{"damage_healed":0.0,"max_hp_gain":0.0,"max_hp_loss":0.0,"gold_gain":75.0,"event_name":"FaceTrader","player_choice":"Touch","floor":4.0,"gold_loss":0.0,"damage_taken":7.0},{"cards_removed":["Strike_R"],"damage_healed":0.0,"max_hp_gain":0.0,"max_hp_loss":0.0,"gold_gain":0.0,"event_name":"Purifier","player_choice":"Purged","floor":12.0,"gold_loss":0.0,"damage_taken":0.0},{"cards_removed":["Strike_R"],"damage_healed":0.0,"max_hp_gain":0.0,"max_hp_loss":0.0,"gold_gain":0.0,"event_name":"Designer","player_choice":"Upgrade and Remove","floor":19.0,"gold_loss":90.0,"damage_taken":0.0,"cards_upgraded":["Strike_R"]},{"cards_removed":["Strike_R"],"damage_healed":0.0,"max_hp_gain":0.0,"max_hp_loss":0.0,"gold_gain":0.0,"event_name":"Back to Basics","player_choice":"Elegance","floor":22.0,"gold_loss":0.0,"damage_taken":0.0}],"is_beta":false,"boss_relics":[{"not_picked":["Runic Pyramid","Mark of Pain"],"picked":"Philosopher\u0027s Stone"}],"items_purged_floors":[21],"is_endless":false,"potions_floor_spawned":[5,10,14,16,18,27],"killed_by":"Gremlin Leader","ascension_level":14}}