{"host":"d73an99q9oevilk5","time":1611660073,"event":{"mods":["2.2 Compatiblity","AchievementEnabler","Act Like it!","Aspiration","BaseMod","Beaked The Cultist","Better Third Choice","BetterRewards","Colored Map","Colored Powertips","Conspire","GifTheSpireLib","Halation","Hubris","Infinite Spire","Mimic Mod","Minty Spire (QoL Compilation)","Quick Restart","Relic Sorter","Replay The Spire","Shop Mod","Spikes Relics","StSLib","Stuff the Spire","The Cursed","The Necromancer","The Saiyan","Waifu the Spire","egg","slay the spire mod where everything is the same but ironclad has a cowboy hat"],"gold_per_floor":[114,114,134,149,164,164,181,181,181,195,205,237,46,63,63,164,164,177,54,54,73,85,85,85,85,85,13,13,42,42,42,42,143,143,158,177,193,125,125,154,154,154,154,54,54,54,68,82,82,82],"floor_reached":51,"language":"ENG","playtime":2009,"items_purged":["ReplayTheSpireMod:Uncanny Aura","hubris:PowerSurge+1"],"score":997,"play_id":"a2bf8b3c-6d3f-4470-9c26-5da6bbf2e35c","local_time":"20210126042113","is_ascension_mode":false,"campfire_choices":[{"data":"Loop","floor":6,"key":"SMITH"},{"data":"BasicCrystalCard","floor":8,"key":"SMITH"},{"floor":15,"key":"REST"},{"data":"BasicCrystalCard","floor":23,"key":"SMITH"},{"data":"Loop","floor":25,"key":"SMITH"},{"data":"BasicCrystalCard","floor":32,"key":"SMITH"},{"data":"Defragment","floor":42,"key":"SMITH"},{"data":"Echo Form","floor":46,"key":"SMITH"},{"floor":49,"key":"REST"}],"circlet_count":0,"master_deck":["Strike_B+1","Strike_B+1","Strike_B+1","Strike_B+1","Defend_B+1","Defend_B+1","Defend_B+1","Defend_B+1","Zap","Dualcast","Consume+1","BasicCrystalCard+1","BasicCrystalCard+1","Glacier","Loop+1","Loop+1","ReplayTheSpireMod:Calculation Training","FIFO Queue","BasicCrystalCard+1","ReplayRNGCard","ReplayTheSpireMod:Calculation Training","Barrage","Loop","StuffTheSpire:Brawn","Barrage","Double Energy+1","Echo Form+1","ReplayTheSpireMod:Calculation Training","ReplayTheSpireMod:Calculation Training+1","BootSequence+1","Double Energy+1","Defragment+1","Blind","Glacier+1","Barrage+1"],"relics":["Cracked Core","Lee\u0027s Waffle","Turnip","Replay:Bottled Flurry","Raider\u0027s Mask","aspiration:SecretTechniqueScroll","hubris:SlimyHat","Pear","StuffTheSpire:Mouthbags","Prayer Wheel","hubris:Backtick","conspire:Dentures","Rawhide","halation:LettersToHer","halation:PapillonHeart"],"acts_visited":["Exordium","TheCity","TheBeyond"],"potions_floor_usage":[12,47,50],"damage_taken":[{"damage":1.0,"enemies":"conspire:RoseBush","floor":1.0,"turns":3.0},{"damage":1.0,"enemies":"Cultist","floor":3.0,"turns":3.0},{"damage":0.0,"enemies":"2 Louse","floor":4.0,"turns":3.0},{"damage":11,"enemies":"Red Slaver","floor":5,"turns":4},{"damage":6,"enemies":"conspire:2 RoseBushes","floor":7,"turns":6},{"damage":12,"enemies":"3 Louse","floor":10,"turns":4},{"damage":26,"enemies":"Large Slime","floor":11,"turns":4},{"damage":42,"enemies":"Gremlin Nob","floor":12,"turns":8},{"damage":17,"enemies":"Lots of Slimes","floor":14,"turns":6},{"damage":36,"enemies":"Hexaghost","floor":16,"turns":15},{"damage":26,"enemies":"Chosen","floor":18,"turns":5},{"damage":9,"enemies":"Spheric Guardian","floor":21,"turns":4},{"damage":18,"enemies":"conspire:HollyBat","floor":22,"turns":7},{"damage":23,"enemies":"Gremlin Leader","floor":29,"turns":7},{"damage":23,"enemies":"Collector","floor":33,"turns":9},{"damage":49,"enemies":"3 Darklings","floor":35,"turns":6},{"damage":2,"enemies":"Orb Walker","floor":36,"turns":3},{"damage":6,"enemies":"Maw","floor":37,"turns":8},{"damage":25,"enemies":"Nemesis","floor":40,"turns":7},{"damage":36,"enemies":"Sphere and 2 Shapes","floor":47,"turns":6},{"damage":15,"enemies":"Transient","floor":48,"turns":5},{"damage":12,"enemies":"Donu and Deca","floor":50,"turns":8}],"seed_played":"3926726509136050019","potions_obtained":[{"floor":4.0,"key":"Flashbang"},{"floor":5,"key":"Ancient Potion"},{"floor":10,"key":"Languid Potion"},{"floor":33,"key":"LifebloodPotion"},{"floor":47,"key":"ColorlessPotion"}],"is_trial":false,"path_per_floor":["M","?","M","M","M","R","M","R","T","M","M","E","$","M","R","B",null,"M","$","?","M","M","R","AVR","R","T","$","?","E","?","?","R","B",null,"M","M","M","$","?","E","?","R","T","$","?","R","M","M","R","B",null],"character_chosen":"DEFECT","items_purchased":["Consume+1","BasicCrystalCard","Lee\u0027s Waffle","BasicCrystalCard","Glacier","Loop","Raider\u0027s Mask","Weak Potion","ReplayTheSpireMod:Calculation Training","Barrage","Loop","Defragment"],"campfire_rested":2,"item_purchase_floors":[0,0,0,0,0,0,13,13,19,19,27,38],"current_hp_per_floor":[101,111,120,130,119,119,113,113,113,101,75,33,33,16,55,19,132,106,106,142,133,115,115,115,115,125,125,94,71,71,71,71,48,152,103,101,95,95,95,70,133,133,133,133,126,126,90,75,112,100],"gold":82,"neow_bonus":"","is_daily":false,"chose_seed":false,"campfire_upgraded":7,"win_rate":0.0,"timestamp":1611660073,"path_taken":["M","?","?","M","M","R","M","R","T","M","?","E","$","M","R","BOSS","M","$","?","M","?","R","AVR","R","T","?","?","E","?","?","R","BOSS","M","M","?","$","?","E","?","R","T","$","?","R","M","M","R","BOSS"],"items_purchased_type":["Card","Card","Relic","Card","Card","Card","Relic","Potion","Card","Card","Card","Card"],"build_version":"2020-12-22","purchased_purges":2,"victory":true,"max_hp_per_floor":[102,112,122,132,132,132,132,132,132,132,132,132,132,132,132,132,132,132,132,142,142,142,142,142,142,152,152,152,152,152,152,152,152,152,152,152,152,152,152,152,133,133,133,133,126,126,126,126,126,126],"card_choices":[{"not_picked":["Rebound","Turbo"],"picked":"Loop","floor":1.0},{"not_picked":["Leap","Compile Driver"],"picked":"ReplayTheSpireMod:Calculation Training","floor":3.0},{"not_picked":["Beam Cell","Aggregate","Ball Lightning"],"picked":"SKIP","floor":4.0},{"not_picked":["Coolheaded","RefreshScreen"],"picked":"Melter","floor":5},{"not_picked":["Time Bomb","Streamline"],"picked":"FIFO Queue","floor":7},{"not_picked":["Compile Driver","conspire:Rain"],"picked":"BasicCrystalCard","floor":10},{"not_picked":["StuffTheSpire:ShieldGenerator","hubris:Ukulele","Rebound"],"picked":"SKIP","floor":11},{"not_picked":["ReplayTheSpireMod:Dual Polarity","Barrage"],"picked":"ReplayRNGCard","floor":12},{"not_picked":["Steam","Coolheaded"],"picked":"Barrage","floor":14},{"not_picked":["StuffTheSpire:EventHorizon","hubris:SpecializedCircuitry"],"picked":"Buffer","floor":16},{"not_picked":["Stack","Undo","Streamline"],"picked":"SKIP","floor":18},{"not_picked":["Streamline","Skim","StuffTheSpire:Plugnplay+1"],"picked":"SKIP","floor":21},{"not_picked":["Chaos","ReplayTheSpireMod:Reroute Power+1"],"picked":"hubris:PowerSurge+1","floor":22},{"not_picked":["ReplaySolidLightProjector+1","Hyperbeam"],"picked":"Double Energy+1","floor":29},{"not_picked":["All For One","Amplify"],"picked":"Echo Form","floor":33},{"not_picked":["Sweeping Beam","Stack"],"picked":"ReplayTheSpireMod:Calculation Training","floor":35},{"not_picked":["Stack","StuffTheSpire:NuclearReactor+1","StuffTheSpire:Plugnplay"],"picked":"SKIP","floor":35},{"not_picked":["Darkness+1","BasicCrystalCard"],"picked":"ReplayTheSpireMod:Calculation Training+1","floor":36},{"not_picked":["Consume","Stack"],"picked":"BootSequence+1","floor":36},{"not_picked":["Cold Snap","aspiration:Polymerization"],"picked":"Double Energy+1","floor":37},{"not_picked":["conspire:SharedLibrary","Rebound+1","Stack+1"],"picked":"SKIP","floor":37},{"not_picked":["Dark Shackles","Discovery"],"picked":"Blind","floor":39},{"not_picked":["Stack","Tempest","StuffTheSpire:Plugnplay+1"],"picked":"SKIP","floor":40},{"not_picked":["Redo","Consume"],"picked":"Glacier+1","floor":47},{"not_picked":["conspire:Rain","FTL","Amplify"],"picked":"SKIP","floor":47},{"not_picked":["Sweeping Beam+1","StuffTheSpire:LoadUp+1"],"picked":"Barrage+1","floor":48},{"not_picked":["StuffTheSpire:LoadUp","Go for the Eyes","Sweeping Beam"],"picked":"SKIP","floor":48}],"player_experience":1785650,"relics_obtained":[{"floor":9,"key":"Turnip"},{"floor":12,"key":"Replay:Bottled Flurry"},{"floor":26,"key":"Pear"},{"floor":29,"key":"StuffTheSpire:Mouthbags"},{"floor":40,"key":"Rawhide"},{"floor":43,"key":"halation:LettersToHer"}],"event_choices":[{"damage_healed":0.0,"max_hp_gain":0.0,"max_hp_loss":0.0,"gold_gain":0.0,"event_name":"Purifier","player_choice":"Ignored","floor":2.0,"gold_loss":0.0,"damage_taken":0.0},{"cards_removed":["Buffer"],"damage_healed":26,"gold_gain":0,"player_choice":"Offered Rare","damage_taken":0,"max_hp_gain":10,"max_hp_loss":0,"event_name":"Bonfire Elementals","floor":20,"gold_loss":0},{"damage_healed":0,"gold_gain":0,"player_choice":"Simplicity","damage_taken":0,"max_hp_gain":0,"max_hp_loss":8,"event_name":"betterThird:BetterWriting","floor":30,"gold_loss":0},{"cards_removed":["Melter"],"damage_healed":0,"gold_gain":0,"player_choice":"Purged","damage_taken":0,"max_hp_gain":0,"max_hp_loss":0,"event_name":"Purifier","floor":31,"gold_loss":0},{"damage_healed":0,"gold_gain":0,"player_choice":"Memory 1","damage_taken":0,"max_hp_gain":0,"max_hp_loss":0,"event_name":"SensoryStone","floor":39,"gold_loss":0},{"damage_healed":133,"gold_gain":0,"player_choice":"Heal","damage_taken":0,"max_hp_gain":0,"max_hp_loss":19,"event_name":"The Moai Head","floor":41,"gold_loss":0}],"is_beta":false,"boss_relics":[{"not_picked":["hubris:RunicObelisk","conspire:SlowCooker"],"picked":"aspiration:SecretTechniqueScroll"},{"not_picked":["conspire:SeveredTorchhead","Runic Dome"],"picked":"hubris:Backtick"}],"items_purged_floors":[0,44],"is_endless":false,"potions_floor_spawned":[4,5,10,14,16,18,33,36,37,47],"ascension_level":0}}