{"host":"70zhvo5nwrhp1mbg","time":1611652934,"event":{"mods":["BaseMod","Colored Map","Colored Powertips","Highlight Path","Minty Spire (QoL Compilation)","Rare Cards Sparkle","StSLib"],"gold_per_floor":[115,115,115,126,141,141,141,141,141,177,33,71,71,115,115,234,234,254,254,254,267,287,287,320,320,320,6,6,47,47,82,82,202,202,226,226,24,38,38,38,77,77,77,115,115,156,489,489,489,489],"floor_reached":51,"language":"ENG","playtime":1952,"items_purged":[],"score":1489,"play_id":"d0d06be1-f343-4f76-8894-9941ce0b8d45","local_time":"20210126042214","is_ascension_mode":true,"campfire_choices":[{"data":"Barricade","floor":6.0,"key":"SMITH"},{"data":"Rampage","floor":8.0,"key":"SMITH"},{"data":"Anger","floor":15.0,"key":"SMITH"},{"data":"Juggernaut","floor":23.0,"key":"SMITH"},{"data":"Feed","floor":25.0,"key":"SMITH"},{"data":"Bash","floor":28.0,"key":"SMITH"},{"data":"Flame Barrier","floor":32.0,"key":"SMITH"},{"data":"Feel No Pain","floor":40,"key":"SMITH"},{"data":"Bludgeon","floor":42,"key":"SMITH"},{"data":"Rampage","floor":49,"key":"SMITH"}],"circlet_count":0,"master_deck":["AscendersBane","Strike_R+1","Defend_R+1","Defend_R+1","Defend_R+1","Defend_R+1","Bash+1","Demon Form+1","Corruption+1","Anger+1","Flame Barrier+1","Barricade+1","Rampage+1","Injury","Power Through","Clothesline","Feel No Pain+1","Juggernaut+1","Headbutt+1","Iron Wave+1","Feed+1","Twin Strike","Bludgeon+1","Reckless Charge+1","Searing Blow+1","Dark Embrace+1","Bash","Feed","Battle Trance","Rampage+1","Shockwave","Clothesline"],"relics":["Burning Blood","Snecko Eye","Shuriken","Bronze Scales","Happy Flower","Pear","Vajra","Mark of Pain","Centennial Puzzle","Juzu Bracelet","Sundial","Champion Belt","Blood Vial","Anchor","Astrolabe","Orichalcum","Kunai","Omamori","Eternal Feather","Question Card"],"acts_visited":["Exordium","TheCity","TheBeyond"],"potions_floor_usage":[50,50,50],"damage_taken":[{"damage":5.0,"enemies":"2 Louse","floor":1.0,"turns":3.0},{"damage":7.0,"enemies":"Small Slimes","floor":4.0,"turns":3.0},{"damage":5.0,"enemies":"Jaw Worm","floor":5.0,"turns":3.0},{"damage":10.0,"enemies":"Gremlin Nob","floor":10.0,"turns":3.0},{"damage":8.0,"enemies":"Lagavulin","floor":12.0,"turns":5.0},{"damage":5.0,"enemies":"3 Sentries","floor":14.0,"turns":4.0},{"damage":0.0,"enemies":"The Guardian","floor":16.0,"turns":5.0},{"damage":22.0,"enemies":"2 Thieves","floor":18.0,"turns":3.0},{"damage":3.0,"enemies":"3 Byrds","floor":21.0,"turns":3.0},{"damage":13.0,"enemies":"Snecko","floor":22.0,"turns":3.0},{"damage":0.0,"enemies":"Gremlin Leader","floor":24.0,"turns":5.0},{"damage":22.0,"enemies":"Slavers","floor":29.0,"turns":4.0},{"damage":21.0,"enemies":"Gremlin Leader","floor":31.0,"turns":4.0},{"damage":0,"enemies":"Champ","floor":33,"turns":6},{"damage":17,"enemies":"3 Shapes","floor":35,"turns":3},{"damage":6,"enemies":"Orb Walker","floor":38,"turns":2},{"damage":0,"enemies":"Reptomancer","floor":41,"turns":4},{"damage":0,"enemies":"Giant Head","floor":44,"turns":6},{"damage":5,"enemies":"Nemesis","floor":46,"turns":5},{"damage":34,"enemies":"Time Eater","floor":50,"turns":6}],"seed_played":"6783251568646293078","potions_obtained":[{"floor":5.0,"key":"Dexterity Potion"},{"floor":10.0,"key":"GamblersBrew"},{"floor":16.0,"key":"EssenceOfSteel"},{"floor":22.0,"key":"Ancient Potion"},{"floor":29.0,"key":"DistilledChaos"},{"floor":33,"key":"SkillPotion"}],"is_trial":false,"path_per_floor":["M","?","?","M","M","R","?","R","T","E","$","E","?","E","R","B",null,"M","?","?","M","M","R","E","R","T","$","R","E","?","E","R","B",null,"M","?","$","M","$","R","E","R","T","E","?","E","?","?","R","B",null],"character_chosen":"IRONCLAD","items_purchased":["Happy Flower","Champion Belt","Orichalcum","Explosive Potion"],"campfire_rested":0,"item_purchase_floors":[11,27,37,37],"current_hp_per_floor":[73,78,78,77,78,78,78,78,78,74,74,82,82,83,83,89,94,78,78,105,105,98,98,104,104,104,104,104,88,88,75,75,83,100,95,95,95,97,97,97,109,109,109,113,107,107,107,107,107,79],"gold":489,"neow_bonus":"ONE_RANDOM_RARE_CARD","is_daily":false,"chose_seed":false,"campfire_upgraded":10,"win_rate":0.0,"timestamp":1611652934,"path_taken":["M","?","?","M","M","R","?","R","T","E","?","E","?","E","R","BOSS","M","?","?","?","M","R","E","R","T","?","R","E","?","E","R","BOSS","M","?","$","M","$","R","E","R","T","E","?","E","?","?","R","BOSS"],"items_purchased_type":["Relic","Relic","Relic","Potion"],"build_version":"2020-12-22","purchased_purges":0,"victory":true,"max_hp_per_floor":[80,85,85,85,85,85,85,85,85,85,85,95,95,95,95,95,95,95,95,105,105,105,105,105,105,105,105,105,105,105,105,105,105,105,109,109,109,109,109,109,113,113,113,113,107,107,107,107,107,107],"card_choices":[{"not_picked":["Sentinel","Sword Boomerang"],"picked":"Anger","floor":1.0},{"not_picked":["Pummel","Anger"],"picked":"Flame Barrier","floor":4.0},{"not_picked":["Clash","Havoc"],"picked":"Rampage","floor":5.0},{"not_picked":["Body Slam","Double Tap"],"picked":"Power Through","floor":10.0},{"not_picked":["Bloodletting","Flex"],"picked":"Clothesline","floor":12.0},{"not_picked":["Pummel","Wild Strike"],"picked":"Feel No Pain","floor":14.0},{"not_picked":["Bludgeon","Berserk"],"picked":"Juggernaut","floor":16.0},{"not_picked":["Reckless Charge","Warcry+1","Entrench"],"picked":"SKIP","floor":18.0},{"not_picked":["Shrug It Off","Metallicize"],"picked":"Headbutt+1","floor":21.0},{"not_picked":["Warcry","Heavy Blade"],"picked":"Iron Wave+1","floor":22.0},{"not_picked":["Clothesline","Warcry"],"picked":"Feed","floor":24.0},{"not_picked":["Clash+1","Metallicize","Bloodletting"],"picked":"SKIP","floor":29.0},{"not_picked":["Fire Breathing+1","Warcry"],"picked":"Twin Strike","floor":31.0},{"not_picked":["Corruption","Limit Break"],"picked":"Bludgeon","floor":33},{"not_picked":["Havoc+1","Twin Strike+1","Shrug It Off"],"picked":"SKIP","floor":35},{"not_picked":["Heavy Blade+1","Evolve","Thunderclap+1"],"picked":"SKIP","floor":38},{"not_picked":["Hemokinesis+1","Havoc"],"picked":"Battle Trance","floor":41},{"not_picked":["Heavy Blade","Body Slam+1"],"picked":"Rampage","floor":44},{"not_picked":["Combust+1","Pommel Strike"],"picked":"Shockwave","floor":46}],"player_experience":511863,"relics_obtained":[{"floor":9.0,"key":"Shuriken"},{"floor":10.0,"key":"Bronze Scales"},{"floor":12.0,"key":"Pear"},{"floor":14.0,"key":"Vajra"},{"floor":24.0,"key":"Juzu Bracelet"},{"floor":26.0,"key":"Sundial"},{"floor":29.0,"key":"Blood Vial"},{"floor":31.0,"key":"Anchor"},{"floor":41,"key":"Kunai"},{"floor":43,"key":"Omamori"},{"floor":44,"key":"Eternal Feather"},{"floor":46,"key":"Question Card"}],"event_choices":[{"damage_healed":0.0,"max_hp_gain":5.0,"max_hp_loss":0.0,"gold_gain":0.0,"event_name":"Big Fish","player_choice":"Donut","floor":2.0,"gold_loss":0.0,"damage_taken":0.0},{"damage_healed":0.0,"max_hp_gain":0.0,"max_hp_loss":0.0,"gold_gain":0.0,"event_name":"The Cleric","player_choice":"Leave","floor":3.0,"gold_loss":0.0,"damage_taken":0.0},{"damage_healed":0.0,"max_hp_gain":0.0,"max_hp_loss":0.0,"gold_gain":0.0,"event_name":"Golden Idol","player_choice":"Take Wound","floor":7.0,"gold_loss":0.0,"damage_taken":0.0,"relics_obtained":["Golden Idol"],"cards_obtained":["Injury"]},{"damage_healed":0.0,"max_hp_gain":0.0,"max_hp_loss":0.0,"gold_gain":0.0,"event_name":"Liars Game","player_choice":"Ignored","floor":13.0,"gold_loss":0.0,"damage_taken":0.0},{"damage_healed":0.0,"max_hp_gain":0.0,"max_hp_loss":0.0,"gold_gain":0.0,"event_name":"The Mausoleum","player_choice":"Opened","floor":19.0,"gold_loss":0.0,"damage_taken":0.0,"relics_obtained":["Centennial Puzzle"]},{"cards_removed":["Berserk"],"damage_healed":17.0,"max_hp_gain":10.0,"max_hp_loss":0.0,"gold_gain":0.0,"event_name":"Bonfire Elementals","player_choice":"Offered Rare","floor":20.0,"gold_loss":0.0,"damage_taken":0.0},{"damage_healed":0.0,"max_hp_gain":0.0,"max_hp_loss":0.0,"gold_gain":0.0,"event_name":"Back to Basics","player_choice":"Simplicity","floor":30.0,"gold_loss":0.0,"damage_taken":0.0,"cards_upgraded":["Strike_R","Strike_R","Strike_R","Strike_R","Strike_R","Defend_R","Defend_R","Defend_R","Defend_R"]},{"damage_healed":0,"gold_gain":0,"player_choice":"2 cards matched","damage_taken":0,"max_hp_gain":0,"max_hp_loss":0,"event_name":"Match and Keep!","floor":36,"gold_loss":0,"cards_obtained":["Bash","Feed"]},{"damage_healed":0,"gold_gain":0,"player_choice":"Max HP","damage_taken":0,"max_hp_gain":0,"max_hp_loss":6,"event_name":"Winding Halls","floor":45,"gold_loss":0},{"damage_healed":0,"gold_gain":333,"player_choice":"Gave Idol","damage_taken":0,"max_hp_gain":0,"max_hp_loss":0,"event_name":"The Moai Head","floor":47,"relics_lost":["Golden Idol"],"gold_loss":0},{"damage_healed":0,"gold_gain":0,"cards_transformed":["Strike_R"],"player_choice":"Transformed","damage_taken":0,"max_hp_gain":0,"max_hp_loss":0,"event_name":"Transmorgrifier","floor":48,"gold_loss":0,"cards_obtained":["Clothesline"]}],"is_beta":false,"boss_relics":[{"not_picked":["Philosopher\u0027s Stone","SacredBark"],"picked":"Mark of Pain"},{"not_picked":["Pandora\u0027s Box","Velvet Choker"],"picked":"Astrolabe"}],"items_purged_floors":[],"is_endless":false,"potions_floor_spawned":[5,10,16,22,29,33,35,38],"ascension_level":10}}