{"host":"8is2j71l4wmybkoi","time":1611648010,"event":{"mods":["AchievementEnabler","BaseMod","Colored Map","Minty Spire (QoL Compilation)","Rare Cards Sparkle","StSLib","SuperFastMode"],"gold_per_floor":[109,42,59,71,71,71,397,397,420,420,420,153,184,205,205,294,294,314,314,33,51,74,74,74],"floor_reached":23,"language":"KOR","playtime":602,"items_purged":["Strike_B"],"score":398,"play_id":"6b9f1605-871b-4a71-b31b-00a84e3491c2","local_time":"20210126170010","is_ascension_mode":true,"campfire_choices":[{"data":"Zap","floor":6.0,"key":"SMITH"},{"data":"Sweeping Beam","floor":8.0,"key":"SMITH"},{"data":"Hologram","floor":10.0,"key":"SMITH"},{"data":"Rainbow","floor":15.0,"key":"SMITH"}],"circlet_count":0,"master_deck":["AscendersBane","Strike_B","Strike_B","Strike_B","Defend_B","Defend_B","Defend_B","Zap+1","Dualcast","Core Surge","Sweeping Beam+1","BootSequence","Leap","Hologram+1","Beam Cell+1","Leap","Streamline","Rainbow+1","Steam","Echo Form","Conserve Battery","Glacier","Rebound"],"relics":["Cracked Core","Happy Flower","Old Coin","Akabeko","Golden Idol","Smiling Mask","Sozu","Mummified Hand"],"acts_visited":["Exordium","TheCity"],"potions_floor_usage":[22],"damage_taken":[{"damage":5.0,"enemies":"Small Slimes","floor":1.0,"turns":3.0},{"damage":1.0,"enemies":"Cultist","floor":3.0,"turns":3.0},{"damage":0.0,"enemies":"2 Louse","floor":4.0,"turns":2.0},{"damage":11.0,"enemies":"Gremlin Nob","floor":7.0,"turns":3.0},{"damage":10.0,"enemies":"3 Sentries","floor":13.0,"turns":3.0},{"damage":0.0,"enemies":"2 Fungi Beasts","floor":14.0,"turns":2.0},{"damage":3.0,"enemies":"Hexaghost","floor":16.0,"turns":6.0},{"damage":1.0,"enemies":"Spheric Guardian","floor":18.0,"turns":5.0},{"damage":0.0,"enemies":"Chosen","floor":21.0,"turns":3.0},{"damage":19,"enemies":"Shelled Parasite and Fungi","floor":22,"turns":4},{"damage":38,"enemies":"Slavers","floor":23,"turns":4}],"seed_played":"5747185664797063832","potions_obtained":[{"floor":3.0,"key":"BlessingOfTheForge"},{"floor":4.0,"key":"Dexterity Potion"}],"is_trial":false,"path_per_floor":["M","?","M","M","?","R","E","R","T","R","?","$","E","M","R","B",null,"M","?","$","M","M","E"],"character_chosen":"DEFECT","items_purchased":["Beam Cell","Leap","PowerPotion","Streamline","Mummified Hand"],"campfire_rested":0,"item_purchase_floors":[12,12,12,12,20],"current_hp_per_floor":[59,59,58,58,51,51,40,40,40,40,40,40,30,30,30,27,55,54,54,54,54,35,0,0],"gold":74,"neow_bonus":"ONE_RANDOM_RARE_CARD","is_daily":false,"chose_seed":false,"campfire_upgraded":4,"win_rate":0.0,"timestamp":1611648010,"path_taken":["M","?","M","?","?","R","E","R","T","R","?","$","E","M","R","BOSS","M","?","$","M","M","E"],"items_purchased_type":["Card","Card","Potion","Card","Relic"],"build_version":"2020-12-22","purchased_purges":1,"victory":false,"max_hp_per_floor":[71,71,71,71,71,71,71,71,71,71,64,64,64,64,64,64,64,64,64,64,64,64,64,64],"card_choices":[{"not_picked":["Rebound","Redo"],"picked":"Sweeping Beam","floor":1.0},{"not_picked":["Hologram","Cold Snap"],"picked":"BootSequence","floor":3.0},{"not_picked":["Turbo","Streamline"],"picked":"Leap","floor":4.0},{"not_picked":["Aggregate","Streamline"],"picked":"Hologram","floor":7.0},{"not_picked":["Coolheaded","Go for the Eyes"],"picked":"Rainbow","floor":13.0},{"not_picked":["Hologram","Steam Power"],"picked":"Steam","floor":14.0},{"not_picked":["Rainbow","Amplify"],"picked":"Echo Form","floor":16.0},{"not_picked":["Compile Driver","Coolheaded"],"picked":"Conserve Battery","floor":18.0},{"not_picked":["Redo","Fusion"],"picked":"Glacier","floor":21.0},{"not_picked":["Rebound","Redo","Leap"],"picked":"SKIP","floor":22},{"not_picked":["Redo","Leap"],"picked":"Rebound","floor":22}],"player_experience":805841,"relics_obtained":[{"floor":7.0,"key":"Old Coin"},{"floor":9.0,"key":"Akabeko"},{"floor":13.0,"key":"Smiling Mask"}],"event_choices":[{"damage_healed":0.0,"max_hp_gain":0.0,"max_hp_loss":0.0,"gold_gain":0.0,"event_name":"WeMeetAgain","player_choice":"Paid Gold","floor":2.0,"gold_loss":67.0,"damage_taken":0.0,"relics_obtained":["Happy Flower"]},{"cards_removed":["Defend_B"],"damage_healed":0.0,"max_hp_gain":0.0,"max_hp_loss":0.0,"gold_gain":0.0,"event_name":"Golden Wing","player_choice":"Card Removal","floor":5.0,"gold_loss":0.0,"damage_taken":7.0},{"damage_healed":0.0,"max_hp_gain":0.0,"max_hp_loss":7.0,"gold_gain":0.0,"event_name":"Golden Idol","player_choice":"Lose Max HP","floor":11.0,"gold_loss":0.0,"damage_taken":0.0,"relics_obtained":["Golden Idol"]},{"damage_healed":0.0,"max_hp_gain":0.0,"max_hp_loss":0.0,"gold_gain":0.0,"event_name":"Upgrade Shrine","player_choice":"Upgraded","floor":19.0,"gold_loss":0.0,"damage_taken":0.0,"cards_upgraded":["Beam Cell"]}],"is_beta":false,"boss_relics":[{"not_picked":["SlaversCollar","Runic Dome"],"picked":"Sozu"}],"items_purged_floors":[12],"is_endless":false,"potions_floor_spawned":[3,4],"killed_by":"Slavers","ascension_level":20}}