{"host":"v0n6ky7dmveherv3","time":1611633950,"event":{"mods":["BaseMod","Better Third Choice","Downfall","Minty Spire (QoL Compilation)","StSLib"],"gold_per_floor":[99,118,136,136,136,136,160,180,198,226,238,238,238,238,238],"floor_reached":13,"language":"ENG","playtime":481,"items_purged":[],"score":89,"play_id":"a90cf210-e88c-43de-9e25-cfea5e453101","local_time":"20210125210550","is_ascension_mode":true,"campfire_choices":[{"data":"champ:Taunt","floor":1.0,"key":"SMITH"},{"data":"champ:Encircle","floor":6.0,"key":"SMITH"},{"data":"champ:BerserkerStyle","floor":12,"key":"SMITH"}],"circlet_count":0,"master_deck":["champ:Strike","champ:Strike","champ:Strike+1","champ:Strike","champ:Defend","champ:Defend","champ:Defend","champ:Defend","champ:Execute+1","champ:Taunt+1","champ:EnchantCrown+1","champ:FocusedBerserking","champ:Encircle+1","downfall:Malfunctioning","champ:ViciousMockery","champ:BerserkerStyle+1"],"relics":["champ:ChampionCrown","champ:DefensiveTrainingManual","Shuriken"],"acts_visited":["Exordium"],"potions_floor_usage":[11,13,13],"damage_taken":[{"damage":10.0,"enemies":"Small Slimes","floor":2.0,"turns":3.0},{"damage":17.0,"enemies":"2 Louse","floor":3.0,"turns":4.0},{"damage":16.0,"enemies":"Cultist","floor":8.0,"turns":3.0},{"damage":16.0,"enemies":"Red Slaver","floor":9.0,"turns":4.0},{"damage":33,"enemies":"3 Sentries","floor":10,"turns":7},{"damage":36,"enemies":"Exordium Thugs","floor":11,"turns":4},{"damage":33,"enemies":"Gremlin Nob","floor":13,"turns":2}],"seed_played":"-4029140011012257842","potions_obtained":[{"floor":2.0,"key":"Swift Potion"},{"floor":5.0,"key":"Strength Potion"},{"floor":5.0,"key":"champ:TechniquePotion"},{"floor":11,"key":"champ:TechniquePotion"}],"is_trial":false,"path_per_floor":["R","M","M","?","?","R","T","M","M","E","M","R","E"],"character_chosen":"THE_CHAMP","items_purchased":[],"campfire_rested":0,"item_purchase_floors":[],"current_hp_per_floor":[81,81,79,79,79,79,79,73,57,44,23,23,0,0,0],"gold":238,"neow_bonus":"THREE_RARE_CARDS","is_daily":false,"chose_seed":false,"campfire_upgraded":3,"win_rate":0.0,"timestamp":1611633950,"path_taken":["R","M","M","?","?","R","T","M","M","E","M","R","E"],"items_purchased_type":[],"build_version":"2020-12-22","purchased_purges":0,"victory":false,"max_hp_per_floor":[81,81,81,81,81,81,81,81,81,81,81,81,81,81,81],"card_choices":[{"not_picked":["champ:TripleStrike","champ:SteelEdge"],"picked":"champ:EnchantCrown","floor":0.0},{"not_picked":["champ:Shatter","champ:CrownThrow"],"picked":"champ:FocusedBerserking","floor":2.0},{"not_picked":["champ:HeartStrike","champ:Circumvent"],"picked":"champ:Encircle","floor":3.0},{"not_picked":["champ:DefensiveShout","champ:Backstep"],"picked":"champ:ViciousMockery","floor":8.0},{"not_picked":["champ:ViciousMockery","champ:EnGarde","champ:BringItOn"],"picked":"SKIP","floor":9.0},{"not_picked":["champ:CrookedStrike","champ:BerserkersShout","champ:CrownThrow"],"picked":"SKIP","floor":10},{"not_picked":["champ:CrownThrow","champ:FaceSlap"],"picked":"champ:BerserkerStyle","floor":11}],"player_experience":127226,"relics_obtained":[{"floor":7.0,"key":"champ:DefensiveTrainingManual"},{"floor":10,"key":"Shuriken"}],"event_choices":[{"damage_healed":0.0,"max_hp_gain":0.0,"max_hp_loss":0.0,"gold_gain":0.0,"event_name":"Lab","player_choice":"Got Potions","floor":5.0,"gold_loss":0.0,"damage_taken":0.0}],"is_beta":false,"boss_relics":[],"items_purged_floors":[],"is_endless":false,"potions_floor_spawned":[2,10,11],"killed_by":"Gremlin Nob","ascension_level":1}}