{"host":"09c1j7k0szn5tpd7","time":1611692537,"event":{"mods":["BaseMod","Googly Eyes","Hubris","Infinite Spire","Minty Spire (QoL Compilation)","Replay The Spire","StSLib","??????REMEMod"],"gold_per_floor":[113,413,413,363,363,363,164,164,164,164,190,209,109,125,125,225,225,239,239,239,253,253,284,284,384,384,404,424,488,507,540,540,645,645,699,369,279,51,68,68,92,92,92,130,130,169,196,219,219,219,219],"floor_reached":50,"language":"ENG","playtime":4982,"items_purged":["Defend_G","Strike_G","Defend_G","Riddle With Holes"],"score":1484,"play_id":"aa439479-2581-4a63-a264-a086f9b38e7f","local_time":"20210126212217","is_ascension_mode":true,"campfire_choices":[{"floor":6.0,"key":"REST"},{"floor":8.0,"key":"REST"},{"data":"hubris:DuctTapeCard","floor":10.0,"key":"SMITH"},{"data":"Neutralize","floor":24.0,"key":"SMITH"},{"data":"Caltrops","floor":32.0,"key":"SMITH"},{"data":"After Image","floor":40.0,"key":"SMITH"},{"data":"Fluid Movement","floor":45.0,"key":"SMITH"},{"floor":49,"key":"RECALL"}],"circlet_count":0,"master_deck":["Defend_G+1","Defend_G","Survivor","Neutralize+1","Fluid Movement+1","REME_ShadowStrike","Poisoned Stab","Die Die Die","PiercingWail","Caltrops+1","Heel Hook+1","Bullet Time","Crippling Poison+1","Dash+1","Poison Darts","After Image+1","Leg Sweep+1","ReplayTheSpireMod:Speed Training+1","Adrenaline","hubris:DuctTapeCard","Crippling Poison+1","PiercingWail"],"relics":["Ring of the Snake","REME_ComplimentaryCards","infinitespire:CursedDice","Old Coin","hubris:Icosahedron","hubris:DuctTape","infinitespire:Satchel","Empty Cage","hubris:BottledHeart","hubris:Towel","Question Card","Molten Egg 2","Quantum Egg","Happy Flower","REME_DuelDisc","infinitespire:EvilPickle","PreservedInsect","hubris:FunFungus"],"acts_visited":["Exordium","TheCity","TheBeyond"],"potions_floor_usage":[48,50],"damage_taken":[{"damage":3.0,"enemies":"2 Louse","floor":1.0,"turns":3.0},{"damage":17.0,"enemies":"Gremlin Nob","floor":11.0,"turns":6.0},{"damage":0.0,"enemies":"Jaw Worm","floor":12.0,"turns":2.0},{"damage":0.0,"enemies":"Small Slimes","floor":14.0,"turns":2.0},{"damage":0.0,"enemies":"Slime Boss","floor":16.0,"turns":11.0},{"damage":24.0,"enemies":"2 Thieves","floor":18.0,"turns":3.0},{"damage":0.0,"enemies":"Shell Parasite","floor":21.0,"turns":4.0},{"damage":0.0,"enemies":"Gremlin Leader","floor":23.0,"turns":6.0},{"damage":0.0,"enemies":"Cultist and Chosen","floor":27.0,"turns":6.0},{"damage":0.0,"enemies":"Snecko","floor":28.0,"turns":3.0},{"damage":0.0,"enemies":"REME_1_Revenger","floor":29.0,"turns":5.0},{"damage":0.0,"enemies":"Chosen and Byrds","floor":30.0,"turns":5.0},{"damage":1.0,"enemies":"Gremlin Leader","floor":31.0,"turns":9.0},{"damage":0.0,"enemies":"Pondfish","floor":33.0,"turns":13.0},{"damage":0.0,"enemies":"Orb Walker","floor":35.0,"turns":2.0},{"damage":0.0,"enemies":"3 Darklings","floor":39.0,"turns":3.0},{"damage":0.0,"enemies":"Jaw Worm Horde","floor":41.0,"turns":4.0},{"damage":0.0,"enemies":"Reptomancer","floor":44.0,"turns":7.0},{"damage":0,"enemies":"Nightmare","floor":46,"turns":7},{"damage":0,"enemies":"Sphere and 2 Shapes","floor":47,"turns":4},{"damage":0,"enemies":"Transient","floor":48,"turns":5},{"damage":12,"enemies":"Time Eater","floor":50,"turns":6}],"seed_played":"-5960725013029450184","potions_obtained":[{"floor":1.0,"key":"Explosive Potion"},{"floor":11.0,"key":"Toxic Potion"},{"floor":18.0,"key":"REME_GoldPotion"},{"floor":27.0,"key":"Dexterity Potion"},{"floor":31.0,"key":"EssenceOfSteel"},{"floor":33.0,"key":"Strength Potion"},{"floor":35.0,"key":"Toxic Potion"},{"floor":44.0,"key":"CultistPotion"},{"floor":48,"key":"SteroidPotion"}],"is_trial":false,"path_per_floor":["M","?","?","?","?","R","$","R","T","R","E","M","$","M","R","B",null,"M","?","?","M","?","E","R","?","T","M","M","E","M","E","R","B",null,"M","$","?","$","M","R","M","?","T","E","R","NM","M","M","R","B"],"character_chosen":"THE_SILENT","items_purchased":["Replay:Parry","Fluid Movement","Dash+1","Poison Darts","After Image"],"campfire_rested":2,"item_purchase_floors":[7,7,36,36,38],"current_hp_per_floor":[42,24,8,8,8,29,29,50,50,50,33,33,33,33,33,33,61,37,37,1,1,1,1,1,1,1,1,1,1,1,1,1,1,1,1,1,1,1,1,1,1,1,1,1,1,1,1,1,1,0,0],"gold":219,"neow_bonus":"ONE_RARE_RELIC","is_daily":false,"chose_seed":false,"campfire_upgraded":5,"win_rate":0.0,"timestamp":1611692537,"path_taken":["M","?","?","?","?","R","?","R","T","R","E","M","$","M","R","BOSS","M","?","?","M","?","E","R","?","T","?","M","E","M","E","R","BOSS","M","$","?","?","M","R","M","?","T","E","R","NM","?","M","R","BOSS"],"items_purchased_type":["Card","Card","Card","Card","Card"],"build_version":"2020-12-22","purchased_purges":4,"victory":false,"max_hp_per_floor":[70,70,70,70,70,70,70,70,70,70,70,70,70,70,70,70,70,70,70,1,1,1,1,1,1,1,1,1,1,1,1,1,1,1,1,1,1,1,1,1,1,1,1,1,1,1,1,1,1,1,1],"card_choices":[{"not_picked":["Bane","Deflect","Flying Knee"],"picked":"SKIP","floor":1.0},{"not_picked":["hubris:Fate","infinitespire:Collect"],"picked":"infinitespire:SevenWalls","floor":3.0},{"not_picked":["Sucker Punch","ReplayTheSpireMod:Necrosis"],"picked":"REME_ShadowStrike","floor":11.0},{"not_picked":["Accuracy","Blade Dance"],"picked":"Deadly Poison","floor":12.0},{"not_picked":["Slice","Quick Slash"],"picked":"Poisoned Stab","floor":14.0},{"not_picked":["REME_GrazeFinale","Corpse Explosion"],"picked":"Die Die Die","floor":16.0},{"not_picked":["Outmaneuver","Flying Knee"],"picked":"PiercingWail","floor":18.0},{"not_picked":["ReplayTheSpireMod:Exploit Weakness","Dagger Throw","Sneak Up"],"picked":"SKIP","floor":21.0},{"not_picked":["Tactician","ReplayTheSpireMod:Exploit Weakness","Dagger Spray+1"],"picked":"SKIP","floor":23.0},{"not_picked":["Cloak And Dagger","ReplayTheSpireMod:Exploit Weakness+1","Tactician","Slice+1"],"picked":"SKIP","floor":27.0},{"not_picked":["Backflip","Acrobatics","All Out Attack+1","Deflect+1"],"picked":"SKIP","floor":28.0},{"not_picked":["hubris:Sniper","hubris:TrickCloak","Cloak And Dagger"],"picked":"Caltrops","floor":29.0},{"not_picked":["Acrobatics+1","Fluid Movement","Tactician","Backflip"],"picked":"SKIP","floor":30.0},{"not_picked":["Storm of Steel","Dagger Spray+1","Bane+1"],"picked":"Heel Hook+1","floor":31.0},{"not_picked":["Deadly Poison+1","Reflex+1","Tactician"],"picked":"Crippling Poison+1","floor":35.0},{"not_picked":["Hidden Blade+1","Poisoned Stab+1","Bane+1"],"picked":"Leg Sweep+1","floor":39.0},{"not_picked":["Acrobatics+1","Eviscerate+1","Backstab+1"],"picked":"ReplayTheSpireMod:Speed Training+1","floor":41.0},{"not_picked":["Expertise+1","Sucker Punch+1","Crippling Poison"],"picked":"Adrenaline","floor":44.0},{"not_picked":["Backstab+1","Riddle With Holes+1","Outmaneuver+1"],"picked":"Crippling Poison+1","floor":46},{"not_picked":["Toxin Wave","REME_GrazeFinale+1","Outmaneuver"],"picked":"PiercingWail","floor":47},{"not_picked":["Deadly Poison","hubris:SlightOfHand+1","Acrobatics","Catalyst"],"picked":"SKIP","floor":48}],"player_experience":947585,"relics_obtained":[{"floor":9.0,"key":"hubris:DuctTape"},{"floor":11.0,"key":"infinitespire:Satchel"},{"floor":23.0,"key":"Question Card"},{"floor":26.0,"key":"Molten Egg 2"},{"floor":29.0,"key":"Quantum Egg"},{"floor":31.0,"key":"Happy Flower"},{"floor":44.0,"key":"PreservedInsect"},{"floor":46,"key":"hubris:FunFungus"}],"event_choices":[{"damage_healed":0.0,"max_hp_gain":0.0,"max_hp_loss":0.0,"gold_gain":0.0,"event_name":"Scrap Ooze","player_choice":"Success","floor":2.0,"gold_loss":0.0,"damage_taken":18.0,"relics_obtained":["Old Coin"]},{"cards_removed":["Strike_G"],"damage_healed":0.0,"max_hp_gain":0.0,"max_hp_loss":0.0,"gold_gain":0.0,"event_name":"The Cleric","player_choice":"Card Removal","floor":4.0,"gold_loss":50.0,"damage_taken":0.0},{"damage_healed":0.0,"max_hp_gain":0.0,"max_hp_loss":0.0,"gold_gain":100.0,"event_name":"Golden Shrine","player_choice":"Pray","floor":25.0,"gold_loss":0.0,"damage_taken":0.0},{"cards_removed":["Strike_G"],"damage_healed":0.0,"max_hp_gain":0.0,"max_hp_loss":0.0,"gold_gain":0.0,"event_name":"Designer","player_choice":"Upgrade and Remove","floor":37.0,"gold_loss":90.0,"damage_taken":0.0,"cards_upgraded":["Defend_G"]},{"cards_removed":["Deadly Poison"],"damage_healed":5.0,"max_hp_gain":0.0,"max_hp_loss":0.0,"gold_gain":0.0,"event_name":"Bonfire Elementals","player_choice":"Offered Common","floor":42.0,"gold_loss":0.0,"damage_taken":0.0},{"cards_removed":["Deadly Poison"],"damage_healed":5.0,"max_hp_gain":0.0,"max_hp_loss":0.0,"gold_gain":0.0,"event_name":"Bonfire Elementals","player_choice":"Offered Special","floor":42.0,"gold_loss":0.0,"damage_taken":0.0}],"is_beta":false,"boss_relics":[{"not_picked":["Sozu","Replay:Wanted Poster"],"picked":"Empty Cage"},{"not_picked":["infinitespire:Cupcake","Runic Dome"],"picked":"REME_DuelDisc"}],"items_purged_floors":[7,13,36,38],"is_endless":false,"potions_floor_spawned":[1,11,18,27,31,33,35,44,46,48],"killed_by":"Time Eater","ascension_level":9}}