{"host":"z7byfb4bpt09dh7e","time":1611701688,"event":{"mods":["Aspiration","BaseMod","BetterRewards","Displayed Cursed Tome","Downfall","Infinite Spire","Minty Spire (QoL Compilation)","StSLib","The Blue Laboratory","Uncapped"],"gold_per_floor":[117,392,407,482,500,500,518,518,518,532,532,544,77,77,77,182,182,193,193,292,305,305,305,315,326,326,338,72,72,0,15,15,15,15],"floor_reached":33,"language":"ENG","playtime":1192,"items_purged":["Regret"],"score":339,"play_id":"bcfcf044-bb83-436d-ad1a-cda29b9c6c6d","local_time":"20210126175448","is_ascension_mode":false,"campfire_choices":[{"floor":6,"key":"REST"},{"floor":8,"key":"REST"},{"floor":11,"key":"REST"},{"floor":15,"key":"REST"},{"floor":23,"key":"REST"},{"floor":32,"key":"REST"}],"circlet_count":0,"master_deck":["Strike_B","Defend_B","Defend_B","Defend_B","Defend_B","Zap","Dualcast","Meteor Strike","Storm","Rip and Tear","Meteor Strike","Static Discharge","Barrage","BootSequence","Defragment","Sweeping Beam","Hello World","Loop","Turbo","Buffer","Rainbow+1","Glacier+1","Doom and Gloom+1","Chaos","Necronomicurse","Cold Snap","Capacitor","Blizzard+1","BootSequence","Storm"],"relics":["Cracked Core","DollysMirror","Toolbox","Juzu Bracelet","Astrolabe","Necronomicon","Bronze Scales","Singing Bowl","Akabeko","Omamori"],"acts_visited":["Exordium","TheCity"],"potions_floor_usage":[16,16,25,33],"damage_taken":[{"damage":2,"enemies":"2 Louse","floor":1,"turns":2},{"damage":11,"enemies":"infinitespire:Voidling","floor":3,"turns":3},{"damage":1,"enemies":"Jaw Worm","floor":5,"turns":3},{"damage":10,"enemies":"Looter","floor":7,"turns":3},{"damage":8,"enemies":"Lots of Slimes","floor":10,"turns":3},{"damage":14,"enemies":"Exordium Wildlife","floor":12,"turns":4},{"damage":47,"enemies":"The Guardian","floor":16,"turns":8},{"damage":19,"enemies":"3 Byrds","floor":18,"turns":4},{"damage":22,"enemies":"2 Thieves","floor":21,"turns":4},{"damage":5,"enemies":"Centurion and Healer","floor":24,"turns":5},{"damage":10,"enemies":"Snecko","floor":25,"turns":4},{"damage":10,"enemies":"Sentry and Sphere","floor":27,"turns":4},{"damage":12,"enemies":"Centurion and Healer","floor":31,"turns":4},{"damage":33,"enemies":"Champ","floor":33,"turns":6}],"seed_played":"-7673888343133990973","potions_obtained":[{"floor":1,"key":"blueLaboratory:NullPotion"},{"floor":10,"key":"Ancient Potion"},{"floor":16,"key":"blueLaboratory:EmptyBottle"},{"floor":21,"key":"Strength Potion"},{"floor":31,"key":"champ:CounterPotion"}],"is_trial":false,"path_per_floor":["M","?","M","?","M","R","M","R","T","M","R","M","$","?","R","B",null,"M","?","?","M","T","R","M","M","T","M","$","?","?","M","R","B"],"character_chosen":"DEFECT","items_purchased":["Meteor Strike","Storm","Rip and Tear","DollysMirror","HornCleat","Toolbox","Juzu Bracelet","Loop","Turbo","Akabeko","BootSequence","Storm"],"campfire_rested":6,"item_purchase_floors":[0,0,0,0,0,13,13,13,13,28,28,28],"current_hp_per_floor":[41,41,30,19,18,40,30,52,52,44,66,52,52,52,74,27,75,56,40,40,18,18,40,35,25,25,17,17,17,17,7,30,0,0],"gold":15,"neow_bonus":"","is_daily":false,"chose_seed":false,"campfire_upgraded":0,"win_rate":0.0,"timestamp":1611701688,"path_taken":["M","?","?","?","M","R","M","R","T","M","R","M","$","?","R","BOSS","M","?","?","M","?","R","M","M","T","M","$","?","?","M","R","BOSS"],"items_purchased_type":["Card","Card","Card","Relic","Relic","Relic","Relic","Card","Card","Relic","Card","Card"],"build_version":"2020-12-22","purchased_purges":1,"victory":false,"max_hp_per_floor":[75,75,75,75,75,75,75,75,75,75,75,75,75,75,75,75,75,75,75,75,75,75,75,75,75,75,77,77,77,77,79,79,79,79],"card_choices":[{"not_picked":["Gash","Leap"],"picked":"Static Discharge","floor":1},{"not_picked":["Steam","Coolheaded"],"picked":"Barrage","floor":3},{"not_picked":["Blizzard","Barrage"],"picked":"BootSequence","floor":5},{"not_picked":["Hello World","Coolheaded"],"picked":"Defragment","floor":7},{"not_picked":["Hello World","Static Discharge"],"picked":"Sweeping Beam","floor":10},{"not_picked":["Streamline","Blizzard"],"picked":"Hello World","floor":12},{"not_picked":["Thunder Strike","Core Surge"],"picked":"Buffer","floor":16},{"not_picked":["aspiration:Polymerization","Stack+1"],"picked":"Chaos","floor":18},{"not_picked":["Stack","Compile Driver"],"picked":"Cold Snap","floor":21},{"not_picked":["Cold Snap","Coolheaded"],"picked":"Capacitor","floor":24},{"not_picked":["Redo+1","Force Field"],"picked":"Blizzard+1","floor":25},{"not_picked":["Reinforced Body","Rebound","Streamline+1"],"picked":"Singing Bowl","floor":27},{"not_picked":["Force Field","Cold Snap","Redo"],"picked":"Singing Bowl","floor":31}],"player_experience":300810,"relics_obtained":[{"floor":22,"key":"Bronze Scales"},{"floor":26,"key":"Singing Bowl"}],"event_choices":[{"damage_healed":0,"gold_gain":275,"player_choice":"Desecrate","damage_taken":0,"max_hp_gain":0,"max_hp_loss":0,"event_name":"Golden Shrine","floor":2,"gold_loss":0,"cards_obtained":["Regret"]},{"damage_healed":0,"gold_gain":75,"player_choice":"Gather Gold","damage_taken":11,"max_hp_gain":0,"max_hp_loss":0,"event_name":"World of Goop","floor":4,"gold_loss":0},{"damage_healed":0,"gold_gain":0,"player_choice":"Ignored","damage_taken":0,"max_hp_gain":0,"max_hp_loss":0,"event_name":"NoteForYourself","floor":14,"gold_loss":0},{"damage_healed":0,"gold_gain":0,"player_choice":"Obtained Book","damage_taken":16,"max_hp_gain":0,"max_hp_loss":0,"event_name":"Cursed Tome","floor":19,"gold_loss":0},{"damage_healed":0,"gold_gain":99,"player_choice":"Stole From Cult","damage_taken":0,"max_hp_gain":0,"max_hp_loss":0,"event_name":"Nest","floor":20,"gold_loss":0},{"damage_healed":0,"gold_gain":0,"player_choice":"Gave Potion","damage_taken":0,"relics_obtained":["Omamori"],"max_hp_gain":0,"max_hp_loss":0,"event_name":"WeMeetAgain","floor":29,"gold_loss":0},{"damage_healed":0,"gold_gain":0,"player_choice":"Paid Fearfully","damage_taken":0,"max_hp_gain":0,"max_hp_loss":0,"event_name":"Masked Bandits","floor":30,"gold_loss":72}],"is_beta":false,"boss_relics":[{"not_picked":["Runic Pyramid","Empty Cage"],"picked":"Astrolabe"}],"items_purged_floors":[13],"is_endless":false,"potions_floor_spawned":[1,10,16,21,31],"killed_by":"Champ","ascension_level":0}}