{"host":"56d873i5r3uhle0q","time":1611696588,"event":{"mods":["100% Spire Juice","Act Like it!","Aspiration","BaseMod","Block Reminder","Conspire","Dota2Spire","Downfall","Gensokyo","Hermit","Hubris","Infinite Spire","Jedi Mod","Lobotomy","LobotomyExtend","Marisa????????","Marked Mod","Minty Spire (QoL Compilation)","Reliquary","Replay The Spire","StSLib","The Animator","The Bug Knight","The Cursed","The Marked","The Servant 0.9.4","everything is the same but u backflip on backflip","??????REMEMod"],"gold_per_floor":[99,112,112,132,132,117,165,175,28,28,42,42,42,59,79,176,176,176,187,187,199,217,217,294,294,294,294],"floor_reached":25,"language":"ENG","playtime":1280,"items_purged":[],"score":193,"play_id":"092b83e8-cc37-4489-ae8b-0d35854b5704","local_time":"20210126142948","is_ascension_mode":false,"campfire_choices":[{"data":"Clumsy","floor":1,"key":"PURGE"},{"data":"bronze:Virus","floor":10,"key":"SMITH"},{"data":"bronze:ForceShield","floor":18,"key":"SMITH"},{"floor":23,"key":"REST"}],"circlet_count":0,"master_deck":["bronze:Strike","bronze:Strike","bronze:Strike","bronze:Strike","bronze:Defend","bronze:Defend","bronze:Defend","bronze:Defend","bronze:Replicate","bronze:Goto","Gensokyo:LifeSpringInfinity","bronze:Virus+1","bronze:ForceShield+1","bronze:Flail+1","bronze:ForLoop","bronze:ChosenStrike+1","bronze:ThunderWave","bronze:FollowUp"],"relics":["bronze:BronzeCore","REME_ComplimentaryCards","reliquary:TatteredRug","hubris:Towel","MagicBullet_r","Golden Egg"],"acts_visited":["Gensokyo:Gensokyo","Gensokyo:Gensokyoer"],"potions_floor_usage":[25,25,25],"damage_taken":[{"damage":5,"enemies":"Gensokyo:3_Fairies","floor":2,"turns":3},{"damage":10,"enemies":"Gensokyo:Gryphon","floor":4,"turns":3},{"damage":5,"enemies":"downfall:FleeingMerchant","floor":6,"turns":4},{"damage":0,"enemies":"Gensokyo:Python","floor":8,"turns":2},{"damage":5,"enemies":"downfall:FleeingMerchant","floor":9,"turns":4},{"damage":0,"enemies":"Gensokyo:CorruptedTreant","floor":11,"turns":1},{"damage":0,"enemies":"Gensokyo:Kitsune","floor":14,"turns":1},{"damage":3,"enemies":"Gensokyo:3_Kodama","floor":15,"turns":2},{"damage":29,"enemies":"WA_ARCHETYPE_RETAIN","floor":16,"turns":6},{"damage":0,"enemies":"Gensokyo:2_Gloops","floor":19,"turns":2},{"damage":10,"enemies":"Gensokyo:CosmicMonolith","floor":21,"turns":3},{"damage":38,"enemies":"Gensokyo:Wraith","floor":22,"turns":4},{"damage":50,"enemies":"Gensokyo:Monolith_and_Dog","floor":25,"turns":3}],"seed_played":"8205251820375994379","potions_obtained":[{"floor":4,"key":"Weak Potion"},{"floor":8,"key":"Energy Potion"},{"floor":22,"key":"Energy Potion"}],"is_trial":false,"path_per_floor":["R","M","?","M","?","$","T","M","$","R","M","?","?","M","M","B",null,"R","M","?","M","M","R","T","M"],"character_chosen":"THE_AUTOMATON","items_purchased":["bronze:ForLoop","bronze:ChosenStrike+1"],"campfire_rested":1,"item_purchase_floors":[9,9],"current_hp_per_floor":[70,65,65,55,62,57,57,57,52,52,52,52,45,45,42,13,72,72,72,72,62,24,45,45,0,0,0],"gold":294,"neow_bonus":"THREE_RARE_CARDS","is_daily":false,"chose_seed":false,"campfire_upgraded":2,"win_rate":0.0,"timestamp":1611696588,"path_taken":["R","M","?","M","?","$","T","?","?","R","M","?","?","M","M","BOSS","R","M","?","M","M","R","T","?"],"items_purchased_type":["Card","Card"],"build_version":"2020-12-22","purchased_purges":0,"victory":false,"max_hp_per_floor":[70,70,70,70,70,70,70,70,70,70,70,70,72,72,72,72,72,72,72,72,72,72,72,72,72,72,72],"card_choices":[{"not_picked":["bronze:ThunderWave","bronze:ShipIt"],"picked":"bronze:Virus","floor":0},{"not_picked":["bronze:Repulsor","bronze:Shield","bronze:NullPointer"],"picked":"SKIP","floor":2},{"not_picked":["bronze:Allocate","bronze:DelayedGuard","bronze:MaxOutput"],"picked":"SKIP","floor":4},{"not_picked":["bronze:ChildClass","bronze:Frontload"],"picked":"bronze:ForceShield","floor":6},{"not_picked":["bronze:Backtrace","bronze:Turbo","bronze:Overload"],"picked":"SKIP","floor":8},{"not_picked":["bronze:Break","bronze:Philosophize"],"picked":"bronze:Flail","floor":9},{"not_picked":["bronze:DelayedSlice","bronze:WildBeam","bronze:BugBarrage"],"picked":"SKIP","floor":11},{"not_picked":["bronze:Turbo","bronze:DelayedSlice","bronze:WildBeam"],"picked":"SKIP","floor":14},{"not_picked":["bronze:Branch","bronze:WildBeam","bronze:Backtrace"],"picked":"SKIP","floor":15},{"not_picked":["bronze:Verify","bronze:HyperBeam"],"picked":"bronze:ThunderWave","floor":16},{"not_picked":["bronze:Shell+1","bronze:WildBeam","bronze:DelayedGuard"],"picked":"SKIP","floor":19},{"not_picked":["bronze:ChosenStrike","bronze:Frontload"],"picked":"bronze:FollowUp","floor":21},{"not_picked":["bronze:DigitalCarnage+1","bronze:OilSpill","bronze:Overload"],"picked":"SKIP","floor":22}],"player_experience":661839,"relics_obtained":[{"floor":7,"key":"reliquary:TatteredRug"},{"floor":24,"key":"Golden Egg"}],"event_choices":[],"is_beta":false,"boss_relics":[{"not_picked":["hubris:RunicObelisk","Honey Jar","Replay:Grab Bag"]}],"items_purged_floors":[],"is_endless":false,"potions_floor_spawned":[4,8,14,15,22],"killed_by":"Gensokyo:Monolith_and_Dog","ascension_level":0}}