{"host":"6ayekdpky30mcb5q","time":1611635772,"event":{"mods":["Act Like it!","BaseMod","Colored Map","GifTheSpireLib","Highlight Path","Minty Spire (QoL Compilation)","StSLib","WoW Paladin Mod"],"gold_per_floor":[110,121,134,57,57,57,70,101,151,151,151,166,198,214,214,312,312,327,85,85,85,97,132,167,167,167,167,167,187,87,87,87,184,184,197,197,216,216,227,227,253,253,253,253,253,263,281,41,41,41],"floor_reached":51,"language":"ENG","playtime":6470,"items_purged":["WoWPaladin:GuidingStrike","Pain"],"score":718,"play_id":"cfe53ba9-e73f-4889-8ad1-315751b7a820","local_time":"20210125223612","daily_mods":["SealedDeck"],"is_ascension_mode":false,"campfire_choices":[{"data":"WoWPaladin:ZealotsThrust","floor":6,"key":"SMITH"},{"data":"WoWPaladin:ZealotsThrust","floor":10,"key":"SMITH"},{"data":"WoWPaladin:BlindingLight","floor":15,"key":"SMITH"},{"floor":25,"key":"REST"},{"data":"WoWPaladin:BlessedBreastplate","floor":28,"key":"SMITH"},{"data":"WoWPaladin:OathOfVigilance","floor":32,"key":"SMITH"},{"data":"Madness","floor":40,"key":"SMITH"},{"data":"Madness","floor":45,"key":"SMITH"},{"data":"WoWPaladin:OathOfChains","floor":49,"key":"SMITH"}],"circlet_count":0,"master_deck":["WoWPaladin:HammerOfWrath","WoWPaladin:OathOfVigilance+1","WoWPaladin:Rebuke","WoWPaladin:ArdentDefense","WoWPaladin:ShieldUp","WoWPaladin:DivineBulwark","WoWPaladin:ZealotsThrust+1","WoWPaladin:SeraphStrike","WoWPaladin:Rebuke","WoWPaladin:ZealotsThrust+1","WoWPaladin:DivineBulwark","WoWPaladin:BlessedBreastplate","WoWPaladin:SeraphStrike","WoWPaladin:BlindingLight+1","WoWPaladin:Judgement","WoWPaladin:RighteousAnger","WoWPaladin:DivineBulwark","WoWPaladin:LightsMeditation","WoWPaladin:OathOfPiety","Purity","WoWPaladin:ArdentDefense","WoWPaladin:BlessedBreastplate+1","WoWPaladin:ZealousPersecution","Madness+1","Madness+1","WoWPaladin:OathOfChains+1"],"relics":["WoWPaladin:AshbringerRelic","Pantograph","Bag of Preparation","Orichalcum","Eternal Feather","Black Star","WarpedTongs","InkBottle","WingedGreaves","Mummified Hand","White Beast Statue","Boot","Busted Crown","Art of War","Singing Bowl"],"acts_visited":["Exordium","TheCity","TheBeyond"],"potions_floor_usage":[22,24],"damage_taken":[{"damage":0,"enemies":"2 Louse","floor":1,"turns":3},{"damage":0,"enemies":"Jaw Worm","floor":2,"turns":3},{"damage":0,"enemies":"Small Slimes","floor":3,"turns":4},{"damage":3,"enemies":"Gremlin Gang","floor":7,"turns":5},{"damage":0,"enemies":"Lagavulin","floor":8,"turns":13},{"damage":0,"enemies":"Large Slime","floor":12,"turns":7},{"damage":0,"enemies":"3 Sentries","floor":13,"turns":7},{"damage":0,"enemies":"Lots of Slimes","floor":14,"turns":2},{"damage":3,"enemies":"The Guardian","floor":16,"turns":12},{"damage":15,"enemies":"2 Thieves","floor":18,"turns":4},{"damage":12,"enemies":"3 Byrds","floor":22,"turns":4},{"damage":9,"enemies":"Gremlin Leader","floor":23,"turns":7},{"damage":30,"enemies":"Slavers","floor":24,"turns":10},{"damage":1,"enemies":"Centurion and Healer","floor":29,"turns":11},{"damage":35,"enemies":"Automaton","floor":33,"turns":17},{"damage":1,"enemies":"Orb Walker","floor":35,"turns":6},{"damage":0,"enemies":"3 Darklings","floor":37,"turns":8},{"damage":10,"enemies":"Sphere and 2 Shapes","floor":39,"turns":8},{"damage":7,"enemies":"4 Shapes","floor":46,"turns":13},{"damage":7,"enemies":"Jaw Worm Horde","floor":47,"turns":6},{"damage":3,"enemies":"Awakened One","floor":50,"turns":16}],"seed_played":"3097076045891904251","potions_obtained":[{"floor":2,"key":"ColorlessPotion"},{"floor":7,"key":"SkillPotion"},{"floor":12,"key":"Ancient Potion"},{"floor":14,"key":"CultistPotion"},{"floor":16,"key":"Block Potion"},{"floor":22,"key":"Ancient Potion"},{"floor":29,"key":"FearPotion"}],"is_trial":true,"path_per_floor":["M","M","M","$","?","R","M","E","T","R","?","M","E","M","R","B",null,"M","$","?","?","M","E","E","R","T","?","R","M","$","?","R","B",null,"M","?","M","?","M","R","T","?","T","?","R","M","M","$","R","B",null],"character_chosen":"THE_PALADIN","items_purchased":["WoWPaladin:SeraphStrike","WoWPaladin:OathOfPiety","Purity","WoWPaladin:OathOfChains","EssenceOfSteel"],"campfire_rested":1,"item_purchase_floors":[4,19,19,48,48],"current_hp_per_floor":[80,80,80,80,62,62,59,59,59,59,64,64,64,64,73,82,85,70,70,70,70,58,49,19,56,56,53,65,64,64,64,76,50,85,84,73,73,73,63,78,78,78,78,78,85,80,75,75,89,86],"gold":41,"neow_bonus":"","is_daily":false,"chose_seed":false,"campfire_upgraded":8,"win_rate":0.0,"timestamp":1611635772,"path_taken":["M","M","M","$","?","R","M","E","T","R","?","M","E","M","R","BOSS","M","$","?","?","?","E","E","R","T","?","R","?","$","?","R","BOSS","M","?","M","?","M","R","?","?","T","?","R","?","M","$","R","BOSS"],"items_purchased_type":["Card","Card","Card","Card","Potion"],"build_version":"2020-12-22","purchased_purges":2,"victory":true,"max_hp_per_floor":[80,80,80,80,80,80,80,80,80,80,85,85,85,85,85,85,85,85,85,85,85,85,85,85,85,85,85,85,85,85,85,85,85,85,85,85,85,85,85,85,85,85,85,85,85,87,89,89,89,89],"card_choices":[{"not_picked":["WoWPaladin:RapturousCharge","WoWPaladin:HammerOfWrath"],"picked":"WoWPaladin:ZealotsThrust","floor":1},{"not_picked":["WoWPaladin:GuidingStrike","WoWPaladin:Vindicate"],"picked":"WoWPaladin:DivineBulwark","floor":2},{"not_picked":["WoWPaladin:OathOfPiety","WoWPaladin:RighteousExpulsion"],"picked":"WoWPaladin:BlessedBreastplate","floor":3},{"not_picked":["WoWPaladin:Rebuke","WoWPaladin:RighteousAnger"],"picked":"WoWPaladin:BlindingLight","floor":7},{"not_picked":["WoWPaladin:FaithInTheLight","WoWPaladin:CrusaderStrike"],"picked":"WoWPaladin:Judgement","floor":8},{"not_picked":["WoWPaladin:Vindicate","WoWPaladin:Prayer"],"picked":"WoWPaladin:RighteousAnger","floor":12},{"not_picked":["WoWPaladin:GuidingStrike","WoWPaladin:RighteousExpulsion","WoWPaladin:Brace"],"picked":"SKIP","floor":13},{"not_picked":["WoWPaladin:EqualizingSwath","WoWPaladin:OathOfVigilance"],"picked":"WoWPaladin:DivineBulwark","floor":14},{"not_picked":["WoWPaladin:Aegis","WoWPaladin:WakeOfAshes"],"picked":"WoWPaladin:LightsMeditation","floor":16},{"not_picked":["WoWPaladin:Rebuke","WoWPaladin:AvengersShield","WoWPaladin:SeraphStrike"],"picked":"SKIP","floor":18},{"not_picked":["WoWPaladin:RapturousCharge","WoWPaladin:Prayer","WoWPaladin:FaithInTheLight"],"picked":"SKIP","floor":22},{"not_picked":["WoWPaladin:RapturousCharge","WoWPaladin:Prayer","WoWPaladin:FaithInTheLight"],"picked":"SKIP","floor":22},{"not_picked":["WoWPaladin:CrusaderStrike","WoWPaladin:BlessingOfKings"],"picked":"WoWPaladin:ArdentDefense","floor":23},{"not_picked":["WoWPaladin:Brace","WoWPaladin:ZealotsThrust+1"],"picked":"WoWPaladin:BlessedBreastplate","floor":24},{"not_picked":["WoWPaladin:DivineBulwark","WoWPaladin:ValiantCharge+1","WoWPaladin:RighteousExpulsion"],"picked":"SKIP","floor":29},{"not_picked":["WoWPaladin:GrandCrusader","WoWPaladin:HandOfReckoning"],"picked":"WoWPaladin:ZealousPersecution","floor":33},{"not_picked":["WoWPaladin:SentinelStance"],"picked":"SKIP","floor":35},{"not_picked":["WoWPaladin:GuidingStrike+1"],"picked":"SKIP","floor":37},{"not_picked":["WoWPaladin:CrusaderStrike+1"],"picked":"SKIP","floor":39},{"not_picked":["WoWPaladin:ConcentrationAura"],"picked":"Singing Bowl","floor":46},{"not_picked":["WoWPaladin:ZealotsThrust+1"],"picked":"Singing Bowl","floor":47}],"player_experience":591943,"relics_obtained":[{"floor":8,"key":"Bag of Preparation"},{"floor":9,"key":"Orichalcum"},{"floor":13,"key":"Eternal Feather"},{"floor":23,"key":"InkBottle"},{"floor":23,"key":"WingedGreaves"},{"floor":24,"key":"Mummified Hand"},{"floor":24,"key":"White Beast Statue"},{"floor":26,"key":"Boot"},{"floor":41,"key":"Art of War"},{"floor":43,"key":"Singing Bowl"}],"event_choices":[{"damage_healed":0,"gold_gain":0,"player_choice":"Success","damage_taken":18,"relics_obtained":["Pantograph"],"max_hp_gain":0,"max_hp_loss":0,"event_name":"Scrap Ooze","floor":5,"gold_loss":0},{"damage_healed":0,"gold_gain":0,"player_choice":"Donut","damage_taken":0,"max_hp_gain":5,"max_hp_loss":0,"event_name":"Big Fish","floor":11,"gold_loss":0},{"damage_healed":0,"gold_gain":0,"player_choice":"Ignored","damage_taken":0,"max_hp_gain":0,"max_hp_loss":0,"event_name":"Ghosts","floor":20,"gold_loss":0},{"damage_healed":0,"gold_gain":0,"player_choice":"Rummage","damage_taken":0,"relics_obtained":["WarpedTongs"],"max_hp_gain":0,"max_hp_loss":0,"event_name":"Accursed Blacksmith","floor":21,"gold_loss":0,"cards_obtained":["Pain"]},{"damage_healed":0,"gold_gain":0,"player_choice":"Punched","damage_taken":3,"max_hp_gain":0,"max_hp_loss":0,"event_name":"Designer","floor":27,"gold_loss":0},{"damage_healed":0,"gold_gain":0,"player_choice":"Ignored","damage_taken":0,"max_hp_gain":0,"max_hp_loss":0,"event_name":"Beggar","floor":31,"gold_loss":0},{"damage_healed":0,"gold_gain":0,"player_choice":"Embrace Madness","damage_taken":11,"max_hp_gain":0,"max_hp_loss":0,"event_name":"Winding Halls","floor":36,"gold_loss":0,"cards_obtained":["Madness","Madness"]},{"damage_healed":0,"gold_gain":0,"player_choice":"Memory 1","damage_taken":0,"max_hp_gain":0,"max_hp_loss":0,"event_name":"SensoryStone","floor":38,"gold_loss":0},{"damage_healed":0,"gold_gain":0,"player_choice":"Ignored","damage_taken":0,"max_hp_gain":0,"max_hp_loss":0,"event_name":"Mysterious Sphere","floor":42,"gold_loss":0},{"damage_healed":0,"gold_gain":0,"player_choice":"Ignored","damage_taken":0,"max_hp_gain":0,"max_hp_loss":0,"event_name":"Tomb of Lord Red Mask","floor":44,"gold_loss":0}],"is_beta":false,"boss_relics":[{"not_picked":["Runic Pyramid","Ectoplasm"],"picked":"Black Star"},{"not_picked":["Fusion Hammer","Runic Dome"],"picked":"Busted Crown"}],"items_purged_floors":[19,30],"is_endless":false,"potions_floor_spawned":[2,7,12,13,14,16,18,22,23,29,33,35,37,39,46,47],"ascension_level":0}}