{"host":"gn96mxb33x5p409u","time":1611623788,"event":{"mods":["2.2 Compatiblity","AchievementEnabler","Act Like it!","BaseMod","Colored Powertips","Downfall","Hubris","Infinite Spire","Minty Spire (QoL Compilation)","Replay The Spire","StSLib"],"gold_per_floor":[99,109,109,124,135,154,154,54,54,83,83,116,16,48,64,159,159,259,269,282,300,319,319,319,319,319,319],"floor_reached":25,"language":"ENG","playtime":1734,"items_purged":[],"score":223,"play_id":"b2df1195-feff-4c8a-b0b5-c7e4e2935d87","local_time":"20210126031628","is_ascension_mode":false,"campfire_choices":[{"data":"hexamod:Sear","floor":1,"key":"SMITH"},{"data":"hexamod:EtherealExpedition","floor":8,"key":"SMITH"},{"floor":11,"key":"REST"},{"floor":13,"key":"REST"}],"circlet_count":0,"master_deck":["hexamod:Strike+1","hexamod:Strike","hexamod:Strike","hexamod:Defend","hexamod:Defend+1","hexamod:Sear+1","hexamod:Float","hexamod:ChargedBarrage+1","hexamod:EtherealExpedition+1","hexamod:HeatMetal+1","hexamod:SixthSeal","hexamod:HauntingEcho+1","hexamod:PhantomFireball+1","hexamod:GhostOfSpirePresent","hexamod:FlamesFromBeyond","hexamod:WildfireWeapon","J.A.X.","hexamod:SpectersWail+1","hexamod:GhostOfSpirePast","hexamod:EmpoweredFlame+1","hexamod:GhostflameBarrier","hexamod:FirstSeal","hexamod:NightmareStrike+1"],"relics":["hexamod:SpiritBrand","Blood Vial","downfall:HeartBlessingBlue","Bag of Preparation","downfall:HeartBlessingGreen","hexamod:MatchstickCase","Painkiller Herb","MutagenicStrength","downfall:RedIOU","Meat on the Bone"],"acts_visited":["Exordium","TheCity"],"potions_floor_usage":[14,16,16,16,25],"damage_taken":[{"damage":1,"enemies":"Cultist","floor":2,"turns":3},{"damage":5,"enemies":"Small Slimes","floor":4,"turns":4},{"damage":4,"enemies":"2 Louse","floor":5,"turns":4},{"damage":8,"enemies":"2 Fungi Beasts","floor":6,"turns":4},{"damage":17,"enemies":"Gremlin Nob","floor":10,"turns":3},{"damage":25,"enemies":"3 Sentries","floor":12,"turns":7},{"damage":4,"enemies":"Lagavulin","floor":14,"turns":3},{"damage":15,"enemies":"Gremlin Gang","floor":15,"turns":6},{"damage":4,"enemies":"SI_SHIV_ARCHETYPE","floor":16,"turns":5},{"damage":34,"enemies":"downfall:Augmenter","floor":18,"turns":5},{"damage":5,"enemies":"Chosen","floor":19,"turns":3},{"damage":9,"enemies":"3 Byrds","floor":20,"turns":3},{"damage":10,"enemies":"Snecko","floor":21,"turns":5},{"damage":7,"enemies":"Snake Plant","floor":22,"turns":2},{"damage":32,"enemies":"Sentry and Sphere","floor":25,"turns":5}],"seed_played":"2874865082534211950","potions_obtained":[{"floor":5,"key":"BlessingOfTheForge"},{"floor":10,"key":"hexamod:SoulburnPotion"},{"floor":12,"key":"Cursed Concoction"},{"floor":15,"key":"Guardian:BlockOnCardUsePotion"},{"floor":21,"key":"Toxic Potion"},{"floor":22,"key":"Explosive Potion"}],"is_trial":false,"path_per_floor":["R","M","?","M","M","M","T","R","?","E","R","E","R","E","M","B",null,"T","?","?","?","?","?","T","?"],"character_chosen":"THE_SPIRIT","items_purchased":[],"campfire_rested":2,"item_purchase_floors":[],"current_hp_per_floor":[70,69,69,65,63,57,57,67,67,52,76,53,77,75,62,60,80,46,43,36,28,30,30,30,0,0,0],"gold":319,"neow_bonus":"RANDOM_COMMON_RELIC","is_daily":false,"chose_seed":false,"campfire_upgraded":2,"win_rate":0.0,"timestamp":1611623788,"path_taken":["R","M","?","M","M","M","T","R","?","E","R","E","R","E","M","BOSS","T","?","?","?","?","?","T","?"],"items_purchased_type":[],"build_version":"2020-12-22","purchased_purges":0,"victory":false,"max_hp_per_floor":[70,70,70,70,70,70,70,80,80,80,80,80,80,80,80,80,80,80,80,80,80,80,80,80,80,80,80],"card_choices":[{"not_picked":["hexamod:GhostLash","hexamod:HauntingEcho"],"picked":"hexamod:ChargedBarrage","floor":2},{"not_picked":["hexamod:GhostOfSpireFuture","hexamod:Firestarter"],"picked":"hexamod:EtherealExpedition","floor":4},{"not_picked":["hexamod:HauntingEcho","hexamod:ChargedBarrage"],"picked":"hexamod:HeatMetal","floor":5},{"not_picked":["hexamod:DynamicBlow","hexamod:BurningTouch"],"picked":"hexamod:SixthSeal","floor":6},{"not_picked":["hexamod:SpectersWail","hexamod:GhostLash"],"picked":"hexamod:HauntingEcho","floor":10},{"not_picked":["hexamod:GhostShield","hexamod:PhantomCloak"],"picked":"hexamod:PhantomFireball","floor":12},{"not_picked":["hexamod:GhostOfSpirePast","hexamod:DynamicBlow"],"picked":"hexamod:GhostOfSpirePresent","floor":14},{"not_picked":["hexamod:GhostOfSpireFuture","hexamod:NightmareGuise"],"picked":"hexamod:FlamesFromBeyond","floor":15},{"not_picked":["hexamod:ParanormalForm","hexamod:GhostflameInferno"],"picked":"hexamod:WildfireWeapon","floor":16},{"not_picked":[],"picked":"J.A.X.","floor":18},{"not_picked":["hexamod:RetreatToShadows","hexamod:PhantomCloak+1"],"picked":"hexamod:EmpoweredFlame+1","floor":18},{"not_picked":["hexamod:FastForward","hexamod:HauntingEcho"],"picked":"hexamod:GhostflameBarrier","floor":19},{"not_picked":["hexamod:Hexaguard+1","hexamod:GhostShield","hexamod:GhostLash"],"picked":"SKIP","floor":20},{"not_picked":["hexamod:BacktrackSmack","hexamod:RecurringNightmare"],"picked":"hexamod:FirstSeal","floor":21},{"not_picked":["hexamod:PhantomCloak","hexamod:GhostOfSpireFuture"],"picked":"hexamod:NightmareStrike+1","floor":22}],"player_experience":455714,"relics_obtained":[{"floor":10,"key":"Whetstone"},{"floor":12,"key":"Bag of Preparation"},{"floor":14,"key":"hexamod:MatchstickCase"},{"floor":18,"key":"MutagenicStrength"},{"floor":24,"key":"Meat on the Bone"}],"event_choices":[],"is_beta":false,"boss_relics":[{"not_picked":["Runic Pyramid","ReplayTheSpireMod:DimensionalGlitch"],"picked":"Painkiller Herb"}],"items_purged_floors":[],"is_endless":false,"potions_floor_spawned":[5,10,12,15,21,22],"killed_by":"Sentry and Sphere","ascension_level":0}}