{"host":"edc6wmn2qug8wnvl","time":1611657916,"event":{"mods":["AchievementEnabler","BaseMod","Colored Map","Colored Powertips","Minty Spire (QoL Compilation)","StSLib"],"gold_per_floor":[114,114,138,151,177,205,205,218,298,333,349,366,366,239,239,342,342,355,26,101,117,117,117,149,161,161,161,175,13,13,30,30,125,125,139,0,12,12,23,23,23],"floor_reached":40,"language":"ENG","playtime":1882,"items_purged":[],"score":441,"play_id":"71ac194f-d9f5-4ccf-93b9-282f95a318c7","local_time":"20210126024516","is_ascension_mode":false,"campfire_choices":[{"data":"Warcry","floor":7,"key":"SMITH"},{"data":"Heavy Blade","floor":13,"key":"SMITH"},{"data":"Hemokinesis","floor":15,"key":"SMITH"},{"data":"Fiend Fire","floor":23,"key":"SMITH"},{"floor":30,"key":"REST"},{"floor":32,"key":"REST"}],"circlet_count":0,"master_deck":["Strike_R","Strike_R+1","Strike_R","Strike_R","Strike_R+1","Defend_R","Defend_R","Defend_R+1","Combust","Twin Strike","Warcry+1","Anger","Heavy Blade+1","Twin Strike","Hemokinesis+1","Fiend Fire+1","Perfected Strike+1","Inflame","Spot Weakness","Anger","Heavy Blade","Warcry+1","Writhe","Inflame+1","Headbutt","Seeing Red","Impervious","Limit Break","Combust+1","Uppercut+1","Second Wind+1","Headbutt","Anger+1"],"relics":["Burning Blood","NeowsBlessing","Whetstone","Nunchaku","Oddly Smooth Stone","White Beast Statue","Potion Belt","Velvet Choker","Juzu Bracelet","Vajra","Matryoshka","Omamori","Astrolabe","Red Mask"],"acts_visited":["Exordium","TheCity","TheBeyond"],"potions_floor_usage":[10,10,16,16,16,18,21,24,25,28,28,31,33,33,33,33,33,33,35,37],"damage_taken":[{"damage":0,"enemies":"2 Louse","floor":1,"turns":1},{"damage":0,"enemies":"Jaw Worm","floor":4,"turns":1},{"damage":0,"enemies":"Gremlin Nob","floor":6,"turns":1},{"damage":8,"enemies":"Cultist","floor":8,"turns":3},{"damage":6,"enemies":"Lagavulin","floor":10,"turns":5},{"damage":1,"enemies":"3 Louse","floor":11,"turns":2},{"damage":13,"enemies":"Blue Slaver","floor":12,"turns":3},{"damage":22,"enemies":"Slime Boss","floor":16,"turns":6},{"damage":10,"enemies":"2 Thieves","floor":18,"turns":3},{"damage":2,"enemies":"Shell Parasite","floor":21,"turns":2},{"damage":34,"enemies":"Slavers","floor":24,"turns":5},{"damage":2,"enemies":"Sentry and Sphere","floor":25,"turns":3},{"damage":2,"enemies":"Chosen and Byrds","floor":28,"turns":4},{"damage":22,"enemies":"Snake Plant","floor":31,"turns":3},{"damage":79,"enemies":"Champ","floor":33,"turns":7},{"damage":18,"enemies":"3 Shapes","floor":35,"turns":2},{"damage":24,"enemies":"3 Darklings","floor":37,"turns":4},{"damage":41,"enemies":"Maw","floor":39,"turns":5},{"damage":53,"enemies":"Reptomancer","floor":40,"turns":2}],"seed_played":"4622747478584321503","potions_obtained":[{"floor":1,"key":"Block Potion"},{"floor":4,"key":"Energy Potion"},{"floor":8,"key":"SneckoOil"},{"floor":10,"key":"DistilledChaos"},{"floor":11,"key":"HeartOfIron"},{"floor":12,"key":"DuplicationPotion"},{"floor":16,"key":"SteroidPotion"},{"floor":18,"key":"GamblersBrew"},{"floor":21,"key":"EssenceOfSteel"},{"floor":24,"key":"Block Potion"},{"floor":25,"key":"FearPotion"},{"floor":28,"key":"Ancient Potion"},{"floor":31,"key":"EntropicBrew"},{"floor":33,"key":"Explosive Potion"},{"floor":35,"key":"Fire Potion"},{"floor":37,"key":"SpeedPotion"},{"floor":39,"key":"Dexterity Potion"}],"is_trial":false,"path_per_floor":["M","?","T","M","T","E","R","M","T","E","M","M","R","$","R","B",null,"M","$","?","M","?","R","E","M","T","?","M","$","R","M","R","B",null,"M","?","M","?","M","E"],"character_chosen":"IRONCLAD","items_purchased":["Hemokinesis","Energy Potion","Juzu Bracelet","Inflame","Spot Weakness","Anger","Headbutt","Seeing Red","Dual Wield"],"campfire_rested":2,"item_purchase_floors":[14,14,19,19,19,19,29,29,29],"current_hp_per_floor":[80,64,64,70,70,76,76,74,74,74,79,72,72,72,72,56,80,76,76,68,72,72,72,44,48,48,48,52,52,76,60,80,7,80,68,68,50,50,15,0,0],"gold":23,"neow_bonus":"THREE_ENEMY_KILL","is_daily":false,"chose_seed":false,"campfire_upgraded":4,"win_rate":0.0,"timestamp":1611657916,"path_taken":["M","?","?","M","?","E","R","M","T","E","M","M","R","$","R","BOSS","M","$","?","M","?","R","E","M","T","?","M","$","R","M","R","BOSS","M","?","M","?","M","E"],"items_purchased_type":["Card","Potion","Relic","Card","Card","Card","Card","Card","Card"],"build_version":"2020-12-22","purchased_purges":0,"victory":false,"max_hp_per_floor":[80,80,80,80,80,80,80,80,80,80,80,80,80,80,80,80,80,80,80,80,80,80,80,80,80,80,80,80,80,80,80,80,80,80,80,80,80,80,80,80,80],"card_choices":[{"not_picked":["Dark Embrace","Metallicize"],"picked":"Combust","floor":1},{"not_picked":["Intimidate","Thunderclap"],"picked":"Twin Strike","floor":4},{"not_picked":["Anger","Armaments"],"picked":"Warcry","floor":6},{"not_picked":["Warcry","Pommel Strike","Flex"],"picked":"SKIP","floor":8},{"not_picked":["Dark Embrace","Thunderclap"],"picked":"Anger","floor":10},{"not_picked":["Searing Blow","Twin Strike"],"picked":"Heavy Blade","floor":11},{"not_picked":["Corruption","Iron Wave"],"picked":"Twin Strike","floor":12},{"not_picked":["Feed","Juggernaut"],"picked":"Fiend Fire","floor":16},{"not_picked":["Battle Trance","Clothesline"],"picked":"Perfected Strike+1","floor":18},{"not_picked":["Pommel Strike+1","Body Slam"],"picked":"Heavy Blade","floor":21},{"not_picked":["Combust","Body Slam","Clothesline"],"picked":"SKIP","floor":24},{"not_picked":["Intimidate","True Grit"],"picked":"Warcry+1","floor":25},{"not_picked":["Cleave","Power Through+1"],"picked":"Inflame+1","floor":28},{"not_picked":["Carnage","Heavy Blade+1"],"picked":"Impervious","floor":31},{"not_picked":["Double Tap","Demon Form"],"picked":"Limit Break","floor":33},{"not_picked":["Dropkick","Armaments"],"picked":"Headbutt","floor":35},{"not_picked":["Blood for Blood","Sword Boomerang"],"picked":"Anger+1","floor":37},{"not_picked":["Twin Strike+1","Clash+1","Body Slam+1"],"picked":"SKIP","floor":39}],"player_experience":52162,"relics_obtained":[{"floor":3,"key":"Whetstone"},{"floor":5,"key":"Nunchaku"},{"floor":6,"key":"Oddly Smooth Stone"},{"floor":9,"key":"White Beast Statue"},{"floor":10,"key":"Potion Belt"},{"floor":24,"key":"Vajra"},{"floor":26,"key":"Matryoshka"}],"event_choices":[{"damage_healed":0,"gold_gain":0,"player_choice":"Entered Light","damage_taken":16,"max_hp_gain":0,"max_hp_loss":0,"event_name":"Shining Light","floor":2,"gold_loss":0,"cards_upgraded":["Defend_R","Strike_R"]},{"damage_healed":0,"gold_gain":75,"player_choice":"Touch","damage_taken":8,"max_hp_gain":0,"max_hp_loss":0,"event_name":"FaceTrader","floor":20,"gold_loss":0},{"damage_healed":0,"gold_gain":0,"player_choice":"Ignored","damage_taken":0,"max_hp_gain":0,"max_hp_loss":0,"event_name":"Vampires","floor":22,"gold_loss":0},{"damage_healed":0,"gold_gain":0,"player_choice":"Opened","damage_taken":0,"relics_obtained":["Omamori"],"max_hp_gain":0,"max_hp_loss":0,"event_name":"The Mausoleum","floor":27,"gold_loss":0,"cards_obtained":["Writhe"]},{"damage_healed":0,"gold_gain":0,"player_choice":"Paid","damage_taken":0,"relics_obtained":["Red Mask"],"max_hp_gain":0,"max_hp_loss":0,"event_name":"Tomb of Lord Red Mask","floor":36,"gold_loss":139},{"damage_healed":0,"gold_gain":0,"player_choice":"Ignored","damage_taken":0,"max_hp_gain":0,"max_hp_loss":0,"event_name":"NoteForYourself","floor":38,"gold_loss":0}],"is_beta":false,"boss_relics":[{"not_picked":["Snecko Eye","Tiny House"],"picked":"Velvet Choker"},{"not_picked":["Runic Cube","Coffee Dripper"],"picked":"Astrolabe"}],"items_purged_floors":[],"is_endless":false,"potions_floor_spawned":[1,4,8,10,11,12,16,18,21,24,25,28,31,33,35,37,39],"killed_by":"Reptomancer","ascension_level":0}}