{"host":"03a85bwj0a5skoit","time":1611659065,"event":{"mods":["BaseMod","Block Reminder","Minty Spire (QoL Compilation)","Relic Stats","StSLib"],"gold_per_floor":[115,115,131,48,123,123,157,177,202,202,222,246,276,276,276,350,350,365,377,396,412,49,49,49,60,60,88,13,42,42,69,69,145,145,157,157,8,0,18,18,43,43,43],"floor_reached":42,"language":"ENG","playtime":2019,"items_purged":[],"score":1034,"play_id":"1f5603d9-999e-464a-bf76-08750e6daf98","local_time":"20210126213425","is_ascension_mode":true,"campfire_choices":[{"data":"Rage","floor":6,"key":"SMITH"},{"data":"Immolate","floor":10,"key":"SMITH"},{"floor":15,"key":"REST"},{"floor":23,"key":"REST"},{"data":"1","floor":32,"key":"LIFT"},{"data":"Armaments","floor":40,"key":"SMITH"}],"circlet_count":0,"master_deck":["AscendersBane","Reckless Charge","Immolate+1","Feel No Pain","Corruption","Ghostly Armor","Seeing Red","Rage+1","Sever Soul","Impervious","Battle Trance","Rampage","Inflame","Power Through","Brutality","Armaments+1","Feed","Sentinel","Flame Barrier","Juggernaut","Fire Breathing","True Grit+1","Spot Weakness","True Grit","Armaments","Barricade","Rampage","Enlightenment","Jack Of All Trades","Secret Technique","Metallicize","Double Tap"],"relics":["Pandora\u0027s Box","Omamori","Ancient Tea Set","Odd Mushroom","Akabeko","Nunchaku","Runic Pyramid","Meat on the Bone","Girya","Bottled Lightning","Potion Belt","Pear","Velvet Choker","Red Mask","Juzu Bracelet"],"acts_visited":["Exordium","TheCity","TheBeyond"],"potions_floor_usage":[3,16,29,29,33,33,41,41],"damage_taken":[{"damage":6,"enemies":"Small Slimes","floor":1,"turns":5},{"damage":3,"enemies":"Cultist","floor":3,"turns":3},{"damage":16,"enemies":"3 Sentries","floor":7,"turns":4},{"damage":0,"enemies":"Jaw Worm","floor":8,"turns":2},{"damage":0,"enemies":"Looter","floor":11,"turns":3},{"damage":6,"enemies":"The Mushroom Lair","floor":12,"turns":2},{"damage":8,"enemies":"Lagavulin","floor":13,"turns":6},{"damage":29,"enemies":"The Guardian","floor":16,"turns":10},{"damage":4,"enemies":"Shell Parasite","floor":18,"turns":6},{"damage":0,"enemies":"3 Byrds","floor":19,"turns":5},{"damage":51,"enemies":"Snake Plant","floor":20,"turns":6},{"damage":10,"enemies":"Snecko","floor":21,"turns":7},{"damage":3,"enemies":"Cultist and Chosen","floor":25,"turns":4},{"damage":4,"enemies":"Gremlin Leader","floor":27,"turns":6},{"damage":16,"enemies":"Slavers","floor":29,"turns":5},{"damage":9,"enemies":"Gremlin Leader","floor":31,"turns":6},{"damage":49,"enemies":"Collector","floor":33,"turns":10},{"damage":26,"enemies":"3 Darklings","floor":35,"turns":6},{"damage":9,"enemies":"3 Shapes","floor":39,"turns":8},{"damage":47,"enemies":"Reptomancer","floor":41,"turns":6},{"damage":33,"enemies":"3 Darklings","floor":42,"turns":2}],"seed_played":"4736885588091586954","potions_obtained":[{"floor":2,"key":"Fruit Juice"},{"floor":2,"key":"Swift Potion"},{"floor":3,"key":"Weak Potion"},{"floor":16,"key":"Explosive Potion"},{"floor":18,"key":"DuplicationPotion"},{"floor":27,"key":"PowerPotion"},{"floor":29,"key":"BloodPotion"},{"floor":31,"key":"ColorlessPotion"},{"floor":35,"key":"SpeedPotion"},{"floor":39,"key":"DistilledChaos"}],"is_trial":false,"path_per_floor":["M","?","M","$","?","R","E","M","T","R","M","?","E","?","R","B",null,"M","M","M","M","$","R","?","M","T","E","?","E","$","E","R","B",null,"M","?","$","?","M","R","E","M"],"character_chosen":"IRONCLAD","items_purchased":["Inflame","Meat on the Bone","Fire Breathing","CultistPotion","Metallicize"],"campfire_rested":2,"item_purchase_floors":[4,22,22,37,37],"current_hp_per_floor":[62,62,64,64,53,53,37,37,37,37,37,31,23,18,42,13,63,62,65,17,10,10,37,37,49,49,61,61,60,60,64,64,53,102,80,70,70,70,64,64,32,0,0],"gold":43,"neow_bonus":"BOSS_RELIC","is_daily":false,"chose_seed":false,"campfire_upgraded":3,"win_rate":0.0,"timestamp":1611659065,"path_taken":["M","?","?","$","?","R","E","M","T","R","M","?","E","?","R","BOSS","M","M","M","M","$","R","?","M","T","E","?","E","?","E","R","BOSS","M","?","$","?","M","R","E","M"],"items_purchased_type":["Card","Relic","Card","Potion","Card"],"build_version":"2020-12-22","purchased_purges":0,"victory":false,"max_hp_per_floor":[75,75,80,80,80,80,80,80,80,80,80,80,80,80,80,80,80,83,86,89,92,92,92,92,95,95,99,99,102,102,115,115,118,118,122,122,122,122,125,125,128,128,128],"relic_stats":{"Nunchaku":[9],"counters":[21,112],"Pandora\u0027s Box":["Reckless Charge","Immolate","Feel No Pain","Corruption","Ghostly Armor","Seeing Red","Rage","Sever Soul","Impervious"],"Juzu Bracelet":0,"obtain_stats":[{"Potion Belt":29,"Girya":26,"Pear":31,"Velvet Choker":34,"Omamori":7,"Juzu Bracelet":41,"Odd Mushroom":12,"Ancient Tea Set":9,"Burning Blood":0,"Akabeko":13,"Nunchaku":14,"Pandora\u0027s Box":0,"Red Mask":38,"Bottled Lightning":27,"Runic Pyramid":17,"Meat on the Bone":22},{"Potion Belt":15,"Girya":13,"Pear":16,"Velvet Choker":17,"Omamori":3,"Juzu Bracelet":20,"Odd Mushroom":6,"Ancient Tea Set":4,"Burning Blood":0,"Akabeko":7,"Nunchaku":7,"Pandora\u0027s Box":0,"Red Mask":18,"Bottled Lightning":14,"Runic Pyramid":8,"Meat on the Bone":12},{"Potion Belt":74,"Girya":63,"Pear":80,"Velvet Choker":90,"Omamori":12,"Juzu Bracelet":110,"Odd Mushroom":19,"Ancient Tea Set":14,"Burning Blood":0,"Akabeko":25,"Nunchaku":25,"Pandora\u0027s Box":0,"Red Mask":96,"Bottled Lightning":69,"Runic Pyramid":35,"Meat on the Bone":59}],"Meat on the Bone":60},"card_choices":[{"not_picked":["Iron Wave","Anger"],"picked":"Battle Trance","floor":1},{"not_picked":["Dual Wield","Metallicize"],"picked":"Rampage","floor":3},{"not_picked":["Twin Strike","Cleave","Perfected Strike"],"picked":"SKIP","floor":7},{"not_picked":["Havoc","Clash"],"picked":"Power Through","floor":8},{"not_picked":["Headbutt","Pummel","Heavy Blade"],"picked":"SKIP","floor":11},{"not_picked":["Burning Pact","Searing Blow"],"picked":"Brutality","floor":12},{"not_picked":["Havoc","Power Through"],"picked":"Armaments","floor":13},{"not_picked":["Limit Break","Impervious"],"picked":"Feed","floor":16},{"not_picked":["Shockwave","Twin Strike+1"],"picked":"Sentinel","floor":18},{"not_picked":["Warcry","Twin Strike+1"],"picked":"Flame Barrier","floor":19},{"not_picked":["Cleave+1","Clash","Flex"],"picked":"SKIP","floor":20},{"not_picked":["Pommel Strike","Armaments"],"picked":"Juggernaut","floor":21},{"not_picked":["Combust","Perfected Strike"],"picked":"True Grit+1","floor":25},{"not_picked":["Uppercut","Clothesline"],"picked":"Spot Weakness","floor":27},{"not_picked":["Havoc","Cleave"],"picked":"True Grit","floor":29},{"not_picked":["Bludgeon","Headbutt+1"],"picked":"Armaments","floor":31},{"not_picked":["Impervious","Brutality"],"picked":"Barricade","floor":33},{"not_picked":["Blood for Blood","Body Slam"],"picked":"Rampage","floor":35},{"not_picked":["Secret Technique","Deep Breath"],"picked":"Enlightenment","floor":36},{"not_picked":["Dark Shackles","Flash of Steel"],"picked":"Jack Of All Trades","floor":36},{"not_picked":["PanicButton","Forethought"],"picked":"Secret Technique","floor":36},{"not_picked":["Wild Strike","Clothesline","Perfected Strike"],"picked":"SKIP","floor":39},{"not_picked":["Heavy Blade","Flex"],"picked":"Double Tap","floor":41}],"player_experience":2351397,"relics_obtained":[{"floor":7,"key":"Omamori"},{"floor":9,"key":"Ancient Tea Set"},{"floor":12,"key":"Odd Mushroom"},{"floor":13,"key":"Akabeko"},{"floor":26,"key":"Girya"},{"floor":27,"key":"Bottled Lightning"},{"floor":29,"key":"Potion Belt"},{"floor":31,"key":"Pear"},{"floor":41,"key":"Juzu Bracelet"}],"event_choices":[{"damage_healed":0,"gold_gain":0,"player_choice":"Got Potions","damage_taken":0,"max_hp_gain":0,"max_hp_loss":0,"event_name":"Lab","floor":2,"gold_loss":0},{"damage_healed":0,"gold_gain":75,"player_choice":"Gather Gold","damage_taken":11,"max_hp_gain":0,"max_hp_loss":0,"event_name":"World of Goop","floor":5,"gold_loss":0},{"damage_healed":0,"gold_gain":0,"player_choice":"Fought Mushrooms","damage_taken":0,"max_hp_gain":0,"max_hp_loss":0,"event_name":"Mushrooms","floor":12,"gold_loss":0},{"damage_healed":0,"gold_gain":0,"player_choice":"Success","damage_taken":5,"relics_obtained":["Nunchaku"],"max_hp_gain":0,"max_hp_loss":0,"event_name":"Scrap Ooze","floor":14,"gold_loss":0},{"damage_healed":0,"gold_gain":0,"player_choice":"Ignored","damage_taken":0,"max_hp_gain":0,"max_hp_loss":0,"event_name":"Vampires","floor":24,"gold_loss":0},{"cards_removed":["Bash"],"damage_healed":0,"gold_gain":0,"player_choice":"Gave Gold","damage_taken":0,"max_hp_gain":0,"max_hp_loss":0,"event_name":"Beggar","floor":28,"gold_loss":75},{"damage_healed":0,"gold_gain":0,"player_choice":"Memory 3","damage_taken":10,"max_hp_gain":0,"max_hp_loss":0,"event_name":"SensoryStone","floor":36,"gold_loss":0},{"damage_healed":0,"gold_gain":0,"player_choice":"Paid","damage_taken":0,"relics_obtained":["Red Mask"],"max_hp_gain":0,"max_hp_loss":0,"event_name":"Tomb of Lord Red Mask","floor":38,"gold_loss":8}],"is_beta":false,"boss_relics":[{"not_picked":["Runic Cube","SlaversCollar"],"picked":"Runic Pyramid"},{"not_picked":["SacredBark","Empty Cage"],"picked":"Velvet Choker"}],"items_purged_floors":[],"is_endless":false,"potions_floor_spawned":[3,11,16,18,27,29,31,35,39],"killed_by":"3 Darklings","ascension_level":20}}