{"host":"qbvxbacgnxuisbbe","time":1611680943,"event":{"mods":["Alarm Clock","BaseMod","Humility","Minty Spire (QoL Compilation)","StSLib"],"gold_per_floor":[99,99,99,99,99,99,99,39,39,39,39,39,39,39,39],"floor_reached":14,"language":"ENG","playtime":649,"items_purged":[],"score":258,"play_id":"5108cfd6-2c6e-4d3e-9d22-d4bb24bdc70b","local_time":"20210126170903","is_ascension_mode":true,"campfire_choices":[{"data":"SandsOfTime","floor":6,"key":"SMITH"},{"data":"Tantrum","floor":10,"key":"SMITH"}],"circlet_count":0,"master_deck":["AscendersBane","Strike_P","Strike_P","Strike_P","Strike_P","Defend_P","Defend_P","Defend_P","Defend_P","Eruption","Vigilance","SandsOfTime+1","Tantrum+1","WaveOfTheHand","Protect","Adaptation","Sanctity","WheelKick"],"relics":["Ectoplasm","Nunchaku","Eternal Feather","Prayer Wheel"],"acts_visited":["Exordium"],"potions_floor_usage":[7,13],"damage_taken":[{"damage":8,"enemies":"Small Slimes","floor":1,"turns":5},{"damage":19,"enemies":"Jaw Worm","floor":2,"turns":2},{"damage":0,"enemies":"Cultist","floor":3,"turns":3},{"damage":1,"enemies":"Large Slime","floor":5,"turns":5},{"damage":0,"enemies":"Gremlin Nob","floor":7,"turns":2},{"damage":5,"enemies":"Exordium Thugs","floor":8,"turns":5},{"damage":35,"enemies":"3 Sentries","floor":11,"turns":4},{"damage":5,"enemies":"Blue Slaver","floor":12,"turns":4},{"damage":0,"enemies":"Lots of Slimes","floor":13,"turns":3},{"damage":0,"enemies":"Gremlin Nob","floor":14,"turns":2}],"seed_played":"830194396920373493","potions_obtained":[{"floor":5,"key":"FearPotion"},{"floor":8,"key":"Ancient Potion"},{"floor":11,"key":"Fire Potion"}],"is_trial":false,"path_per_floor":["M","M","M","?","M","R","E","M","T","R","E","M","M","E"],"character_chosen":"WATCHER","items_purchased":[],"campfire_rested":0,"item_purchase_floors":[],"current_hp_per_floor":[53,34,34,39,38,38,38,33,33,42,7,2,2,2,2],"gold":39,"neow_bonus":"BOSS_RELIC","is_daily":false,"chose_seed":false,"campfire_upgraded":2,"win_rate":0.0,"timestamp":1611680943,"path_taken":["M","M","M","?","M","R","E","M","T","R","E","M","M","E"],"items_purchased_type":[],"build_version":"2020-12-22","purchased_purges":0,"victory":false,"max_hp_per_floor":[68,68,68,73,73,73,73,73,73,73,73,73,73,73,73],"card_choices":[{"not_picked":["Protect","CutThroughFate"],"picked":"SandsOfTime","floor":1},{"not_picked":["CrushJoints","Prostrate"],"picked":"Tantrum","floor":2},{"not_picked":["Perseverance","CarveReality"],"picked":"WaveOfTheHand","floor":3},{"not_picked":["Indignation","FlyingSleeves"],"picked":"Protect","floor":5},{"not_picked":["Swivel","BattleHymn","DeceiveReality"],"picked":"SKIP","floor":7},{"not_picked":["Wireheading","Pray","Meditate"],"picked":"SKIP","floor":8},{"not_picked":["Establishment","JustLucky"],"picked":"Adaptation","floor":11},{"not_picked":["ThirdEye","EmptyFist"],"picked":"Sanctity","floor":12},{"not_picked":["Evaluate","Indignation","Weave"],"picked":"SKIP","floor":12},{"not_picked":["PathToVictory","FollowUp"],"picked":"WheelKick","floor":13},{"not_picked":["Crescendo","Vengeance","Worship"],"picked":"SKIP","floor":13}],"player_experience":134907,"relics_obtained":[{"floor":7,"key":"Nunchaku"},{"floor":9,"key":"Eternal Feather"},{"floor":11,"key":"Prayer Wheel"}],"event_choices":[{"damage_healed":0,"gold_gain":0,"player_choice":"Donut","damage_taken":0,"max_hp_gain":5,"max_hp_loss":0,"event_name":"Big Fish","floor":4,"gold_loss":0}],"is_beta":false,"boss_relics":[],"items_purged_floors":[],"is_endless":false,"potions_floor_spawned":[5,8,11,12],"killed_by":"Gremlin Nob","ascension_level":20,"is_humility":true}}