{"host":"qdfumeom6htv8yxl","time":1611686286,"event":{"mods":["AchievementEnabler","BaseMod","Bestiary","Block Reminder","Minty Spire (QoL Compilation)","Quick Restart","Relic Stats"],"gold_per_floor":[118,37,50,50,50,50,90,90,113,143,192,192,222,251,251,355,355,388,388,388,408,57,57,101,101,128,169,179,179,279,313,313,401,401,411,423,423,442,42,42,71,114,114,114,114,142,142,160,160,160],"floor_reached":51,"language":"ENG","playtime":2710,"items_purged":["Injury"],"score":1537,"play_id":"2d7bbc50-75f4-4dbc-802a-3e1a2b83950a","local_time":"20210126123806","is_ascension_mode":true,"campfire_choices":[{"data":"Coolheaded","floor":6.0,"key":"SMITH"},{"data":"Reinforced Body","floor":8.0,"key":"SMITH"},{"data":"Reprogram","floor":15.0,"key":"SMITH"},{"data":"Streamline","floor":23.0,"key":"SMITH"},{"data":"Self Repair","floor":25.0,"key":"SMITH"},{"data":"Hyperbeam","floor":29.0,"key":"SMITH"},{"data":"Rip and Tear","floor":32.0,"key":"SMITH"},{"data":"Sunder","floor":40.0,"key":"SMITH"},{"data":"Buffer","floor":44.0,"key":"SMITH"},{"data":"Reinforced Body","floor":47,"key":"SMITH"},{"data":"Streamline","floor":49,"key":"SMITH"}],"circlet_count":0,"master_deck":["AscendersBane","Strike_B","Strike_B","Strike_B","Strike_B","Defend_B","Defend_B","Defend_B","Defend_B","Zap","Dualcast","Coolheaded+1","Self Repair+1","Gash","Reinforced Body+1","Streamline+1","Reprogram+1","Gash","Rip and Tear+1","Hyperbeam+1","BootSequence","Streamline+1","Sunder+1","Recycle","Echo Form","Fusion","Hyperbeam+1","Gash+1","All For One","Reinforced Body+1","Buffer+1"],"relics":["Cracked Core","NeowsBlessing","Bloody Idol","Mummified Hand","Happy Flower","CeramicFish","Art of War","Snecko Eye","White Beast Statue","Bronze Scales","Sling","Gremlin Horn","Ancient Tea Set","Centennial Puzzle","Emotion Chip","Pantograph","Toy Ornithopter","Nuclear Battery","ClockworkSouvenir","Lantern","Bird Faced Urn","PreservedInsect"],"acts_visited":["Exordium","TheCity","TheBeyond"],"potions_floor_usage":[46,46,50,50],"damage_taken":[{"damage":0.0,"enemies":"Cultist","floor":1.0,"turns":1.0},{"damage":0.0,"enemies":"2 Louse","floor":3.0,"turns":1.0},{"damage":0.0,"enemies":"Lagavulin","floor":7.0,"turns":1.0},{"damage":1.0,"enemies":"Jaw Worm","floor":10.0,"turns":4.0},{"damage":12.0,"enemies":"3 Sentries","floor":11.0,"turns":9.0},{"damage":19.0,"enemies":"Red Slaver","floor":13.0,"turns":4.0},{"damage":6.0,"enemies":"Blue Slaver","floor":14.0,"turns":4.0},{"damage":20.0,"enemies":"Hexaghost","floor":16.0,"turns":9.0},{"damage":22.0,"enemies":"Shell Parasite","floor":18.0,"turns":5.0},{"damage":18.0,"enemies":"Chosen","floor":21.0,"turns":4.0},{"damage":10.0,"enemies":"Gremlin Leader","floor":24.0,"turns":6.0},{"damage":9.0,"enemies":"Slavers","floor":27.0,"turns":3.0},{"damage":0.0,"enemies":"3 Cultists","floor":28.0,"turns":3.0},{"damage":17.0,"enemies":"Colosseum Slavers","floor":30.0,"turns":2.0},{"damage":22.0,"enemies":"Colosseum Nobs","floor":30.0,"turns":3.0},{"damage":10.0,"enemies":"Gremlin Leader","floor":31.0,"turns":4.0},{"damage":32.0,"enemies":"Collector","floor":33.0,"turns":7.0},{"damage":7.0,"enemies":"Orb Walker","floor":35.0,"turns":3.0},{"damage":13.0,"enemies":"3 Darklings","floor":36.0,"turns":2.0},{"damage":26.0,"enemies":"Maw","floor":38.0,"turns":7.0},{"damage":10.0,"enemies":"4 Shapes","floor":41.0,"turns":2.0},{"damage":0.0,"enemies":"Reptomancer","floor":42.0,"turns":1.0},{"damage":0,"enemies":"Giant Head","floor":46,"turns":8},{"damage":0,"enemies":"Spire Growth","floor":48,"turns":4},{"damage":63,"enemies":"Time Eater","floor":50,"turns":8}],"seed_played":"4482153641273730235","potions_obtained":[{"floor":3.0,"key":"Fire Potion"},{"floor":7.0,"key":"SkillPotion"},{"floor":11.0,"key":"Block Potion"},{"floor":13.0,"key":"AttackPotion"},{"floor":21.0,"key":"SmokeBomb"},{"floor":24.0,"key":"SpeedPotion"},{"floor":27.0,"key":"DuplicationPotion"},{"floor":28.0,"key":"Ancient Potion"},{"floor":30.0,"key":"FocusPotion"},{"floor":31.0,"key":"FearPotion"},{"floor":33.0,"key":"Energy Potion"},{"floor":35.0,"key":"EssenceOfSteel"},{"floor":36.0,"key":"FocusPotion"},{"floor":38.0,"key":"ColorlessPotion"},{"floor":41.0,"key":"EntropicBrew"},{"floor":42.0,"key":"SpeedPotion"},{"floor":48,"key":"ColorlessPotion"}],"is_trial":false,"path_per_floor":["M","$","M","?","T","R","E","R","T","M","E","?","M","M","R","B",null,"M","?","T","M","$","R","E","R","T","E","M","R","?","E","R","B",null,"M","M","?","M","$","R","M","E","T","R","?","E","R","M","R","B",null],"character_chosen":"DEFECT","items_purchased":["Self Repair","Sunder","Bronze Scales","Sling","ClockworkSouvenir","All For One"],"campfire_rested":0,"item_purchase_floors":[2,22,22,22,39,39],"current_hp_per_floor":[64,64,71,71,71,71,71,71,71,71,66,66,54,55,55,42,64,49,49,49,41,46,46,53,53,58,69,71,71,57,71,71,71,71,71,71,71,71,71,71,71,71,71,71,71,71,71,71,71,8],"gold":160,"neow_bonus":"THREE_ENEMY_KILL","is_daily":false,"chose_seed":false,"campfire_upgraded":11,"win_rate":0.0,"timestamp":1611686286,"path_taken":["M","$","?","?","?","R","E","R","T","?","E","?","M","M","R","BOSS","M","?","?","?","$","R","E","R","T","E","M","R","?","E","R","BOSS","M","M","?","?","$","R","M","E","T","R","?","E","R","M","R","BOSS"],"items_purchased_type":["Card","Card","Relic","Relic","Relic","Card"],"build_version":"2020-12-22","purchased_purges":1,"victory":true,"max_hp_per_floor":[71,71,71,71,71,71,71,71,71,71,71,71,71,71,71,71,71,71,71,71,71,71,71,71,71,71,71,71,71,71,71,71,71,71,71,71,71,71,71,71,71,71,71,71,71,71,71,71,71,71],"relic_stats":{"Happy Flower":[34],"Gremlin Horn":[14,15],"counters":[25,105],"CeramicFish":144,"PreservedInsect":0,"Centennial Puzzle":[27],"Emotion Chip":[23,11,2,0,10],"Mummified Hand":[64],"Bloody Idol":62,"Bronze Scales":[156],"Pantograph":0,"Bird Faced Urn":[0],"Snecko Eye":[131,123,111,133],"Art of War":[6],"obtain_stats":[{"Lantern":42,"NeowsBlessing":0,"Happy Flower":7,"Gremlin Horn":24,"Golden Idol":4,"CeramicFish":9,"PreservedInsect":46,"Sling":22,"Ancient Tea Set":26,"White Beast Statue":20,"Nuclear Battery":34,"ClockworkSouvenir":39,"Centennial Puzzle":27,"Emotion Chip":30,"Mummified Hand":5,"Bloody Idol":19,"Bronze Scales":22,"Pantograph":30,"Bird Faced Urn":43,"Snecko Eye":17,"Art of War":11,"Cracked Core":0,"Toy Ornithopter":31},{"Lantern":22,"NeowsBlessing":0,"Happy Flower":3,"Gremlin Horn":11,"Golden Idol":2,"CeramicFish":3,"PreservedInsect":23,"Sling":10,"Ancient Tea Set":11,"White Beast Statue":9,"Nuclear Battery":17,"ClockworkSouvenir":20,"Centennial Puzzle":12,"Emotion Chip":15,"Mummified Hand":2,"Bloody Idol":9,"Bronze Scales":10,"Pantograph":15,"Bird Faced Urn":22,"Snecko Eye":8,"Art of War":5,"Cracked Core":0,"Toy Ornithopter":16},{"Lantern":85,"NeowsBlessing":0,"Happy Flower":3,"Gremlin Horn":48,"Golden Idol":2,"CeramicFish":3,"PreservedInsect":93,"Sling":42,"Ancient Tea Set":48,"White Beast Statue":38,"Nuclear Battery":70,"ClockworkSouvenir":82,"Centennial Puzzle":51,"Emotion Chip":59,"Mummified Hand":2,"Bloody Idol":38,"Bronze Scales":42,"Pantograph":59,"Bird Faced Urn":85,"Snecko Eye":33,"Art of War":16,"Cracked Core":0,"Toy Ornithopter":63}],"Toy Ornithopter":10},"card_choices":[{"not_picked":["Streamline","Turbo"],"picked":"Coolheaded","floor":1.0},{"not_picked":["Cold Snap","Loop"],"picked":"Gash","floor":3.0},{"not_picked":["Fission","Recycle"],"picked":"Reinforced Body","floor":7.0},{"not_picked":["Steam","Cold Snap"],"picked":"Streamline","floor":10.0},{"not_picked":["Stack","Streamline"],"picked":"Reprogram","floor":11.0},{"not_picked":["Barrage","Turbo"],"picked":"Gash","floor":13.0},{"not_picked":["Barrage","Seek"],"picked":"Rip and Tear","floor":14.0},{"not_picked":["Echo Form","Core Surge"],"picked":"Hyperbeam","floor":16.0},{"not_picked":["Cold Snap+1","White Noise"],"picked":"BootSequence","floor":18.0},{"not_picked":["Reinforced Body","Turbo"],"picked":"Streamline","floor":21.0},{"not_picked":["Barrage","Creative AI"],"picked":"Recycle","floor":24.0},{"not_picked":["Hologram","Redo"],"picked":"Echo Form","floor":27.0},{"not_picked":["Aggregate","Cold Snap","Rebound"],"picked":"SKIP","floor":28.0},{"not_picked":["Stack","Beam Cell"],"picked":"Fusion","floor":31.0},{"not_picked":["Amplify","Rainbow"],"picked":"Hyperbeam","floor":33.0},{"not_picked":["Steam Power","Stack+1","Darkness"],"picked":"SKIP","floor":35.0},{"not_picked":["FTL","Sweeping Beam","Go for the Eyes"],"picked":"SKIP","floor":36.0},{"not_picked":["Doom and Gloom","Hologram+1"],"picked":"Gash+1","floor":38.0},{"not_picked":["Rebound","Beam Cell"],"picked":"Reinforced Body","floor":41.0},{"not_picked":["Hologram","Reinforced Body+1"],"picked":"Buffer","floor":42.0},{"not_picked":["Capacitor","Compile Driver","Self Repair+1"],"picked":"SKIP","floor":46},{"not_picked":["Rebound","Cold Snap","Ball Lightning+1"],"picked":"SKIP","floor":48}],"player_experience":1836954,"relics_obtained":[{"floor":5.0,"key":"Mummified Hand"},{"floor":7.0,"key":"Happy Flower"},{"floor":9.0,"key":"CeramicFish"},{"floor":11.0,"key":"Art of War"},{"floor":20.0,"key":"White Beast Statue"},{"floor":24.0,"key":"Gremlin Horn"},{"floor":26.0,"key":"Ancient Tea Set"},{"floor":27.0,"key":"Centennial Puzzle"},{"floor":30.0,"key":"Emotion Chip"},{"floor":30.0,"key":"Pantograph"},{"floor":31.0,"key":"Toy Ornithopter"},{"floor":42.0,"key":"Lantern"},{"floor":43.0,"key":"Bird Faced Urn"},{"floor":46,"key":"PreservedInsect"}],"event_choices":[{"damage_healed":0.0,"max_hp_gain":0.0,"max_hp_loss":0.0,"gold_gain":0.0,"event_name":"Golden Idol","player_choice":"Take Wound","floor":4.0,"gold_loss":0.0,"damage_taken":0.0,"relics_obtained":["Golden Idol"],"cards_obtained":["Injury"]},{"damage_healed":0.0,"max_hp_gain":0.0,"max_hp_loss":0.0,"gold_gain":0.0,"event_name":"Liars Game","player_choice":"Ignored","floor":12.0,"gold_loss":0.0,"damage_taken":0.0},{"damage_healed":0.0,"max_hp_gain":0.0,"max_hp_loss":0.0,"gold_gain":0.0,"event_name":"Forgotten Altar","player_choice":"Gave Idol","floor":19.0,"relics_lost":["Golden Idol"],"gold_loss":0.0,"damage_taken":0.0,"relics_obtained":["Bloody Idol"]},{"damage_healed":0.0,"max_hp_gain":0.0,"max_hp_loss":0.0,"gold_gain":0.0,"event_name":"Colosseum","player_choice":"Fight","floor":30.0,"gold_loss":0.0,"damage_taken":0.0},{"damage_healed":0.0,"max_hp_gain":0.0,"max_hp_loss":0.0,"gold_gain":0.0,"event_name":"Colosseum","player_choice":"Fought Nobs","floor":30.0,"gold_loss":0.0,"damage_taken":0.0},{"damage_healed":0.0,"max_hp_gain":0.0,"max_hp_loss":0.0,"gold_gain":0.0,"event_name":"Upgrade Shrine","player_choice":"Upgraded","floor":37.0,"gold_loss":0.0,"damage_taken":0.0,"cards_upgraded":["Hyperbeam"]},{"damage_healed":0,"gold_gain":0,"player_choice":"Memory 1","damage_taken":0,"max_hp_gain":0,"max_hp_loss":0,"event_name":"SensoryStone","floor":45,"gold_loss":0}],"is_beta":false,"boss_relics":[{"not_picked":["Velvet Choker","Calling Bell"],"picked":"Snecko Eye"},{"not_picked":["FrozenCore","Coffee Dripper"],"picked":"Nuclear Battery"}],"items_purged_floors":[39],"is_endless":false,"potions_floor_spawned":[3,7,11,13,21,24,27,28,30,30,31,33,35,36,38,41,42,46,48],"ascension_level":18}}