{"host":"o5lch9xvacbb0fa4","time":1611675034,"event":{"mods":["AchievementEnabler","Act Like it!","Aspiration","Bard","BaseMod","Better Altar","Better Match","Better Note","Better Sensory Stone","Better Skull","Better Third Choice","Better Vampires","BetterRewards","CCEM","Colored Map","Conspire","Downfall","GifTheSpireLib","Googly Eyes","GungeonMod","Halation","Hermit","Highlight Path","Hubris","Infinite Spire","Jedi Mod","Jorbs\u0027s Wanderer Trilogy","Marisa????????","Marked Mod","Mimic Mod","Minty Spire (QoL Compilation)","Permanent Neow","Relic Filter","Relic Sorter","Relic Stats","Replay The Spire","Shade Mod","Shop Mod","Small Relic Pack","StSLib","Stuff the Spire","The Administrix","The Blackbeard","The Runesmith","Unceasing Turn Reminder","everything is the same but u backflip on backflip","slay the spire mod where everything is the same but ironclad has a cowboy hat"],"gold_per_floor":[99,99,99,99,99,99,99,99,99,99,99,99,99,99,99,99,99,99,99,99,99,99,99,99,99,99,99,99,99,99,99,99,169,169,192,242,242,291,330,330,330,330],"floor_reached":41,"playtime":2331,"items_purged":["Pain"],"score":549,"play_id":"ca829adf-9bc5-46d9-a223-60a8c04e661d","local_time":"20210126233034","is_ascension_mode":false,"campfire_choices":[{"data":"LessonLearned","floor":7.0,"key":"SMITH"},{"data":"MarkedMod:SlowDance","floor":23.0,"key":"SMITH"},{"data":"PathToVictory","floor":27.0,"key":"SMITH"},{"data":"MarkedMod:OneThousandNeedles","floor":32.0,"key":"SMITH"},{"data":"Calculated Gamble","floor":40,"key":"SMITH"}],"circlet_count":0,"master_deck":["Strike_P+1","Strike_P+1","Strike_P+1","Defend_P+1","Defend_P+1","Defend_P","Defend_P","Eruption","Vigilance","SashWhip","MarkedMod:FirstStrike+1","PathToVictory+1","MarkedMod:GracefulMovements","ThirdEye","MarkedMod:GentlePulse","MarkedMod:GentlePulse","LessonLearned+1","MarkedMod:FirstStrike","MarkedMod:PinPointDefense+1","Weave+1","MarkedMod:SlowDance","Replay:Fractal Strike","MarkedMod:SlowDance+1","Wallop","Consecrate+1","LikeWater","TalkToTheHand","Consecrate","JustLucky","Worship+1","MarkedMod:OneThousandNeedles+1","MarkedMod:ChiBlock","CutThroughFate+1","Calculated Gamble+1"],"relics":["PureWater","relicPack:DarknessArmor","StuffTheSpire:HeavyRock","Incense Burner","aspiration:SilentSkillbook","CatCart","Boot","jedi:ominousloannote","jedi:crownofsimplicity","jedi:shrinkray","conspire:BottledYoYo","Damaru","Replay:Bronze Core","WarpedTongs","Durian","SacredBark","infinitespire:EvilPickle","StuffTheSpire:Expresso"],"acts_visited":["Exordium","TheCity","TheBeyond"],"potions_floor_usage":[35,35,36,38],"damage_taken":[{"damage":0.0,"enemies":"2 Louse","floor":1.0,"turns":3.0},{"damage":0.0,"enemies":"Cultist","floor":2.0,"turns":3.0},{"damage":0.0,"enemies":"Small Slimes","floor":4.0,"turns":1.0},{"damage":0.0,"enemies":"3 Louse","floor":5.0,"turns":3.0},{"damage":8.0,"enemies":"3 Sentries","floor":6.0,"turns":4.0},{"damage":8.0,"enemies":"2 Fungi Beasts","floor":8.0,"turns":3.0},{"damage":0.0,"enemies":"Exordium Thugs","floor":10.0,"turns":3.0},{"damage":0.0,"enemies":"3 Louse","floor":11.0,"turns":4.0},{"damage":0.0,"enemies":"2 Fungi Beasts","floor":12.0,"turns":3.0},{"damage":23.0,"enemies":"The Guardian","floor":16.0,"turns":6.0},{"damage":1.0,"enemies":"Shell Parasite","floor":18.0,"turns":2.0},{"damage":6.0,"enemies":"3 Byrds","floor":20.0,"turns":3.0},{"damage":19.0,"enemies":"Snake Plant","floor":21.0,"turns":4.0},{"damage":0.0,"enemies":"Centurion and Healer","floor":24.0,"turns":7.0},{"damage":8.0,"enemies":"Shelled Parasite and Fungi","floor":29.0,"turns":5.0},{"damage":5.0,"enemies":"3 Cultists","floor":30.0,"turns":4.0},{"damage":9.0,"enemies":"Sentry and Sphere","floor":31.0,"turns":4.0},{"damage":5.0,"enemies":"Pondfish","floor":33.0,"turns":5.0},{"damage":0,"enemies":"Orb Walker","floor":35,"turns":1},{"damage":8,"enemies":"Mind Bloom Boss Battle","floor":36,"turns":7},{"damage":1,"enemies":"Orin","floor":38,"turns":6},{"damage":27,"enemies":"3 Darklings","floor":39,"turns":4},{"damage":41,"enemies":"Reptomancer","floor":41,"turns":2}],"seed_played":"4190552402046665131","potions_obtained":[{"floor":2.0,"key":"DemoMod:LeadSkinPotion"},{"floor":6.0,"key":"BlessingOfTheForge"},{"floor":11.0,"key":"BlessingOfTheForge"},{"floor":12.0,"key":"jedi:hoardpotion"},{"floor":18.0,"key":"FearPotion"},{"floor":29.0,"key":"FearPotion"},{"floor":30.0,"key":"Swift Potion"},{"floor":31.0,"key":"jedi:StrikingPotion"},{"floor":35,"key":"ColorlessPotion"},{"floor":36,"key":"LiquidBronze"},{"floor":38,"key":"BottledMiracle"}],"is_trial":false,"path_per_floor":["M","M","?","M","M","E","R","M","T","M","M","M","?","?","R_BF","B",null,"M","?","M","M","AVR","R","M","?","T","R","?","M","M","M","R","B",null,"M","?","?","?","M","R","E"],"character_chosen":"WATCHER","items_purchased":["Boot","relicPack:DarknessArmor","jedi:ominousloannote","SashWhip","jedi:crownofsimplicity","PathToVictory","MarkedMod:GracefulMovements","jedi:shrinkray"],"campfire_rested":0,"item_purchase_floors":[0,0,0,0,0,0,0,0],"current_hp_per_floor":[40,40,72,72,72,64,64,56,56,56,56,56,38,38,59,36,72,71,71,65,46,51,51,51,51,51,51,51,43,38,29,29,24,58,58,50,50,49,22,22,0,0],"gold":330,"neow_bonus":"","is_daily":false,"chose_seed":false,"campfire_upgraded":5,"win_rate":0.0,"timestamp":1611675034,"path_taken":["M","M","?","M","?","E","R","?","T","M","M","M","?","?","R_BF","BOSS","M","?","M","M","AVR","R","?","?","T","R","?","?","M","M","R","BOSS","M","?","?","?","M","R","E"],"items_purchased_type":["Relic","Relic","Relic","Card","Relic","Card","Card","Relic"],"build_version":"2020-12-13","purchased_purges":1,"victory":false,"max_hp_per_floor":[72,72,72,72,72,72,72,72,72,72,72,72,72,72,72,72,72,72,72,72,72,77,77,77,58,58,58,58,58,58,58,58,58,58,58,58,58,58,58,58,58,58],"relic_stats":{"counters":[52,226],"Boot":[48],"obtain_stats":[{"Lantern":0,"SacredBark":25,"DemoMod:GlassGuonStoneRelic":1,"Bag of Preparation":8,"jedi:command_boss":25,"Incense Burner":26,"relicPack:DarknessArmor":0,"Replay:Mystery Machine":5,"PrismaticShard":24,"Ancient Tea Set":8,"Boot":0,"jedi:shrinkray":0,"relicPack:OneForAll":2,"Replay:Ringing Soul":26,"infinitespire:SolderingIron":0,"Chameleon Ring":9,"StuffTheSpire:HeavyRock":6,"Replay:Bronze Core":17,"Prayer Wheel":12,"halation:LettersToHer":0,"Cracked Core":7,"CCEMRelics:JestersCrown":6,"Ring of the Snake":0,"StuffTheSpire:TintedRock":11,"Damaru":14,"StuffTheSpire:Expresso":36,"jedi:crownofsimplicity":0,"CCEMRelics:SpiritsEdge":9,"WarpedTongs":19,"jedi:fakemustache":0,"infinitespire:EvilPickle":33,"conspire:GiftBox":4,"jedi:hotpepper":17,"jedi:ominousloannote":0,"halation:EternalFortune":3,"Molten Egg 2":7,"StuffTheSpire:DarkSteelAnvil":14,"aspiration:SilentSkillbook":34,"conspire:BottledYoYo":9,"Durian":22,"Grinning Jar":20,"PureWater":6,"CatCart":38,"jedi:arcanewood":12,"ReplayTheSpireMod:Lightbulb":9},{"Lantern":0,"SacredBark":43,"DemoMod:GlassGuonStoneRelic":1,"Bag of Preparation":26,"jedi:command_boss":43,"Incense Burner":43,"relicPack:DarknessArmor":29,"Replay:Mystery Machine":17,"PrismaticShard":10,"Ancient Tea Set":19,"Boot":29,"jedi:shrinkray":29,"relicPack:OneForAll":1,"Replay:Ringing Soul":11,"infinitespire:SolderingIron":14,"Chameleon Ring":26,"StuffTheSpire:HeavyRock":34,"Replay:Bronze Core":39,"Prayer Wheel":22,"halation:LettersToHer":14,"Cracked Core":18,"CCEMRelics:JestersCrown":17,"Ring of the Snake":0,"StuffTheSpire:TintedRock":21,"Damaru":38,"StuffTheSpire:Expresso":49,"jedi:crownofsimplicity":29,"CCEMRelics:SpiritsEdge":4,"WarpedTongs":40,"jedi:fakemustache":14,"infinitespire:EvilPickle":47,"conspire:GiftBox":25,"jedi:hotpepper":8,"jedi:ominousloannote":29,"halation:EternalFortune":16,"Molten Egg 2":3,"StuffTheSpire:DarkSteelAnvil":28,"aspiration:SilentSkillbook":47,"conspire:BottledYoYo":35,"Durian":42,"Grinning Jar":9,"PureWater":34,"CatCart":50,"jedi:arcanewood":6,"ReplayTheSpireMod:Lightbulb":19},{"Lantern":0,"SacredBark":188,"DemoMod:GlassGuonStoneRelic":2,"Bag of Preparation":117,"jedi:command_boss":188,"Incense Burner":188,"relicPack:DarknessArmor":139,"Replay:Mystery Machine":82,"PrismaticShard":46,"Ancient Tea Set":96,"Boot":139,"jedi:shrinkray":139,"relicPack:OneForAll":2,"Replay:Ringing Soul":52,"infinitespire:SolderingIron":65,"Chameleon Ring":117,"StuffTheSpire:HeavyRock":153,"Replay:Bronze Core":172,"Prayer Wheel":106,"halation:LettersToHer":65,"Cracked Core":83,"CCEMRelics:JestersCrown":82,"Ring of the Snake":0,"StuffTheSpire:TintedRock":105,"Damaru":166,"StuffTheSpire:Expresso":214,"jedi:crownofsimplicity":139,"CCEMRelics:SpiritsEdge":18,"WarpedTongs":174,"jedi:fakemustache":65,"infinitespire:EvilPickle":206,"conspire:GiftBox":114,"jedi:hotpepper":41,"jedi:ominousloannote":139,"halation:EternalFortune":75,"Molten Egg 2":10,"StuffTheSpire:DarkSteelAnvil":125,"aspiration:SilentSkillbook":206,"conspire:BottledYoYo":156,"Durian":181,"Grinning Jar":45,"PureWater":150,"CatCart":220,"jedi:arcanewood":24,"ReplayTheSpireMod:Lightbulb":96}],"WarpedTongs":[52]},"card_choices":[{"not_picked":["Replay:BluntJabs","Replay:ManipulateFuture"],"picked":"MarkedMod:GentlePulse","floor":1.0},{"not_picked":["JustLucky","CarveReality"],"picked":"ReachHeaven","floor":2.0},{"not_picked":["Evaluate","JustLucky"],"picked":"MarkedMod:GentlePulse","floor":4.0},{"not_picked":["SandsOfTime","Wallop","Replay:ManipulateFuture"],"picked":"SKIP","floor":5.0},{"not_picked":["Replay:AtTheReady","Worship"],"picked":"LessonLearned","floor":6.0},{"not_picked":["Worship","FollowUp"],"picked":"MarkedMod:FirstStrike","floor":8.0},{"not_picked":["SashWhip","WindmillStrike"],"picked":"MarkedMod:PinPointDefense","floor":10.0},{"not_picked":["FollowUp","ThirdEye"],"picked":"Weave","floor":11.0},{"not_picked":["DeceiveReality","Fasting2"],"picked":"MarkedMod:SlowDance","floor":12.0},{"not_picked":["infinitespire:DeathsTouch","infinitespire:UltimateForm"],"picked":"Replay:Fractal Strike","floor":13.0},{"not_picked":["Brilliance","DeusExMachina"],"picked":"MarkedMod:SlowDance","floor":16.0},{"not_picked":["Replay:Battleflow+1","WreathOfFlame"],"picked":"Wallop","floor":18.0},{"not_picked":["Replay:Battleflow","FlurryOfBlows","Crescendo"],"picked":"SKIP","floor":20.0},{"not_picked":["Nirvana","Replay:AtTheReady","Halt"],"picked":"SKIP","floor":21.0},{"not_picked":["MarkedMod:GentlePulse","CrushJoints"],"picked":"Consecrate+1","floor":24.0},{"not_picked":["Replay:AtTheReady","Tantrum"],"picked":"TalkToTheHand","floor":29.0},{"not_picked":["Study","Replay:ManipulateFuture"],"picked":"MarkedMod:OneThousandNeedles","floor":31.0},{"not_picked":["Judgement","LessonLearned"],"picked":"MarkedMod:ChiBlock","floor":33.0},{"not_picked":["StuffTheSpire:DoubleShiv","Hidden Blade","Deadly Poison","Tactician"],"picked":"SKIP","floor":35},{"not_picked":["MarkedMod:GentlePulse+1","FlyingSleeves+1","MarkedMod:FirstStrike+1"],"picked":"CutThroughFate+1","floor":36},{"not_picked":["Wraith Form v2","Dagger Spray+1","Bane+1"],"picked":"Calculated Gamble","floor":39}],"player_experience":9332,"relics_obtained":[{"floor":6.0,"key":"StuffTheSpire:HeavyRock"},{"floor":9.0,"key":"conspire:BottledYoYo"},{"floor":26.0,"key":"Incense Burner"},{"floor":36,"key":"StuffTheSpire:Expresso"},{"floor":38,"key":"CatCart"}],"event_choices":[{"cards_removed":["ReachHeaven"],"damage_healed":32.0,"max_hp_gain":0.0,"max_hp_loss":0.0,"gold_gain":0.0,"event_name":"Bonfire Elementals","player_choice":"Offered Uncommon","floor":3.0,"gold_loss":0.0,"damage_taken":0.0},{"damage_healed":0.0,"max_hp_gain":0.0,"max_hp_loss":0.0,"gold_gain":30.0,"event_name":"Dead Adventurer","player_choice":"Searched \u00272\u0027 times","floor":14.0,"gold_loss":0.0,"damage_taken":0.0,"relics_obtained":["Damaru"]},{"damage_healed":0.0,"max_hp_gain":0.0,"max_hp_loss":0.0,"gold_gain":0.0,"event_name":"Accursed Blacksmith","player_choice":"Rummage","floor":19.0,"gold_loss":0.0,"damage_taken":0.0,"relics_obtained":["WarpedTongs"],"cards_obtained":["Pain"]},{"damage_healed":0.0,"max_hp_gain":0.0,"max_hp_loss":0.0,"gold_gain":0.0,"cards_transformed":["Strike_P"],"event_name":"Transmorgrifier","player_choice":"Transformed","floor":28.0,"gold_loss":0.0,"damage_taken":0.0,"cards_obtained":["LikeWater"]},{"damage_healed":0,"gold_gain":0,"player_choice":"Fight","damage_taken":0,"max_hp_gain":0,"max_hp_loss":0,"event_name":"MindBloom","floor":36,"gold_loss":0},{"damage_healed":0,"gold_gain":0,"player_choice":"Ignored","damage_taken":0,"max_hp_gain":0,"max_hp_loss":0,"event_name":"Tomb of Lord Red Mask","floor":37,"gold_loss":0},{"damage_healed":0,"gold_gain":0,"player_choice":"Fight","damage_taken":0,"max_hp_gain":0,"max_hp_loss":0,"event_name":"OrinTheCat","floor":38,"gold_loss":0}],"is_beta":false,"boss_relics":[{"not_picked":["Painkiller Herb","halation:PlatinumPhoenix"],"picked":"Replay:Bronze Core"},{"not_picked":["CCEMRelics:TransientCore","hubris:HollowSoul"],"picked":"aspiration:SilentSkillbook"}],"items_purged_floors":[22],"is_endless":false,"potions_floor_spawned":[2,6,10,11,12,18,21,29,30,31,35,36,38],"killed_by":"Reptomancer","ascension_level":0}}