{"host":"kubkimaky0n54ws8","time":1611660564,"event":{"mods":["BaseMod","Marisa£®ÏF”Í°°ƒß¿Ì…≥£©","Minty Spire (QoL Compilation)","Quick Restart","Reimu£®≤©¿ˆ¡È√Œ£©","Remilia£®¿Ÿ√◊¿Ú—«£©","StSLib","The Cursed","The Senshi","The Servant 0.9.4"],"gold_per_floor":[359,434,447,361,375,404,415,445,472,472,647,664,614,614,614,737,737,750,750,775,775,791,831,831,410,410,423,423,441,138,188,188,307,307,346,455,455,788,406,406,474,519,519,519,548,0,0,126,126,230],"floor_reached":51,"language":"ZHS","playtime":5892,"items_purged":["Defend_MRS","Strike_MRS","Defend_MRS"],"score":837,"play_id":"5e547357-5d1a-4fa2-a32e-f1e41372c3c7","local_time":"20210126192924","is_ascension_mode":true,"campfire_choices":[{"data":"ManaRampage","floor":10.0,"key":"SMITH"},{"floor":15.0,"key":"REST"},{"floor":24.0,"key":"REST"},{"floor":28.0,"key":"REST"},{"floor":32.0,"key":"REST"},{"floor":40,"key":"REST"},{"floor":47,"key":"REST"},{"data":"MaximisePower","floor":49,"key":"SMITH"}],"circlet_count":0,"master_deck":["Strike_MRS","Strike_MRS+1","Defend_MRS+1","MasterSpark","UpSweep","MysteriousBeam","MilkyWay","DragonMeteor","GalacticHalo+1","MaximisePower+1","MysteriousBeam","NonDirectionalLaser","ManaRampage+1","AlicesGift","GrandCross","JA","FairyDestructionRay","LuminesStrike+1","IllusionStar","Robbery+1","Singularity","PulseMagic","DarkSpark","OortCloud","PowerUp","SporeBomb","SporeBomb+1","BlazingStar","WitchOfGreed","WitchOfGreed","EnergyRecoil","JA","CurseOfTheBell","GravityBeat+1","OpenUniverse+1","MagicChant+1","Madness+1","Madness+1","PulseMagic+1","The Bomb+1","GrandCross+1","ChargeUpSpray","EnergyFlow+1","NonDirectionalLaser+1","PowerUp+1","PulseMagic+1"],"relics":["MiniHakkero","Prayer Wheel","Orichalcum","Bronze Scales","Toy Ornithopter","RedLine:ReiMu","Gremlin Horn","Membership Card","Boot","Tea:ReiMu","Art of War","ClockworkSouvenir","War Paint","Vajra","Calling Bell","Oddly Smooth Stone","Toxic Egg 2","Girya","CatCart","Whetstone","TheAbacus","PureWhite:ReiMu","Blue Candle","Red Mask","RuthlessExorcism:ReiMu"],"acts_visited":["Exordium","TheCity","TheBeyond"],"potions_floor_usage":[36,36,41,45,48,48,50,50,50,50,50],"damage_taken":[{"damage":0.0,"enemies":"Cultist","floor":1.0,"turns":3.0},{"damage":6.0,"enemies":"Jaw Worm","floor":3.0,"turns":2.0},{"damage":0.0,"enemies":"2 Louse","floor":5.0,"turns":1.0},{"damage":14.0,"enemies":"Gremlin Nob","floor":6.0,"turns":3.0},{"damage":4.0,"enemies":"Blue Slaver","floor":7.0,"turns":3.0},{"damage":0.0,"enemies":"3 Sentries","floor":8.0,"turns":5.0},{"damage":1.0,"enemies":"Red Slaver","floor":12.0,"turns":2.0},{"damage":12.0,"enemies":"Hexaghost","floor":16.0,"turns":5.0},{"damage":0.0,"enemies":"3 Byrds","floor":18.0,"turns":3.0},{"damage":6.0,"enemies":"Chosen","floor":20.0,"turns":2.0},{"damage":10.0,"enemies":"Snake Plant","floor":22.0,"turns":2.0},{"damage":40.0,"enemies":"Slavers","floor":23.0,"turns":5.0},{"damage":0.0,"enemies":"Snecko","floor":27.0,"turns":2.0},{"damage":10.0,"enemies":"Centurion and Healer","floor":29.0,"turns":3.0},{"damage":0.0,"enemies":"3 Cultists","floor":31.0,"turns":2.0},{"damage":12.0,"enemies":"Champ","floor":33.0,"turns":3.0},{"damage":44.0,"enemies":"3 Shapes","floor":35.0,"turns":2.0},{"damage":5,"enemies":"Orin","floor":36,"turns":4},{"damage":9,"enemies":"3 Darklings","floor":41,"turns":3},{"damage":10,"enemies":"2 Orb Walkers","floor":42,"turns":2},{"damage":17,"enemies":"4 Shapes","floor":45,"turns":3},{"damage":12,"enemies":"Reptomancer","floor":48,"turns":5},{"damage":25,"enemies":"Donu and Deca","floor":50,"turns":4}],"seed_played":"3229057536671821355","potions_obtained":[{"floor":6.0,"key":"BottledSpark"},{"floor":7.0,"key":"SteroidPotion"},{"floor":8.0,"key":"Weak Potion"},{"floor":18.0,"key":"EntropicBrew"},{"floor":23.0,"key":"MagicPotion:ReiMu"},{"floor":35.0,"key":"Dexterity Potion"},{"floor":42,"key":"LiquidBronze"},{"floor":45,"key":"Block Potion"},{"floor":48,"key":"LiquidBronze"},{"floor":48,"key":"Ancient Potion"}],"is_trial":false,"path_per_floor":["M","?","M","?","M","E","M","E","T","R","?","M","?","?","R","B",null,"M","?","M","?","M","E","R","$","T","M","R","M","$","M","R","B",null,"M","?","?","?","$","R","M","?","T","?","M","?","R","E","R","B",null],"character_chosen":"MARISA","items_purchased":["Membership Card","Boot","Tea:ReiMu","OortCloud","ClockworkSouvenir","War Paint","Vajra","WitchOfGreed","Whetstone","TheAbacus","PulseMagic+1","Block Potion","Weak Potion","The Bomb+1"],"campfire_rested":6,"item_purchase_floors":[25,25,25,25,30,30,30,30,39,39,39,39,39,39],"current_hp_per_floor":[68,57,51,51,51,37,33,33,33,33,33,32,32,32,52,45,68,68,68,62,62,57,17,37,37,37,37,57,47,47,47,67,60,68,24,29,20,20,20,40,36,26,26,26,14,14,54,52,52,52],"gold":230,"neow_bonus":"TWO_FIFTY_GOLD","is_daily":false,"chose_seed":false,"campfire_upgraded":2,"win_rate":0.0,"timestamp":1611660564,"path_taken":["M","?","M","?","?","E","M","E","T","R","?","M","?","?","R","BOSS","M","?","?","?","?","E","R","?","T","M","R","M","$","M","R","BOSS","M","?","?","?","$","R","M","?","T","?","?","?","R","E","R","BOSS"],"items_purchased_type":["Relic","Relic","Relic","Card","Relic","Relic","Relic","Card","Relic","Relic","Card","Potion","Potion","Card"],"build_version":"2020-12-22","purchased_purges":3,"victory":true,"max_hp_per_floor":[68,68,68,68,68,68,68,68,68,68,68,68,68,68,68,68,68,68,68,68,68,68,68,68,68,68,68,68,68,68,68,68,68,68,68,68,68,68,68,68,68,68,68,68,68,68,68,68,68,68],"card_choices":[{"not_picked":["Acceleration","ShootTheMoon"],"picked":"MysteriousBeam","floor":1.0},{"not_picked":["LuminesStrike","DoubleSpark"],"picked":"MilkyWay","floor":3.0},{"not_picked":["AsteroidBelt","6A"],"picked":"DragonMeteor","floor":5.0},{"not_picked":["SporeBomb","AsteroidBelt"],"picked":"GalacticHalo","floor":5.0},{"not_picked":["DoubleSpark","AbsoluteMagnitude"],"picked":"MaximisePower","floor":6.0},{"not_picked":["ShootingEcho","GalacticHalo"],"picked":"MysteriousBeam","floor":7.0},{"not_picked":["Acceleration","AsteroidBelt"],"picked":"NonDirectionalLaser","floor":7.0},{"not_picked":["WitchLeyline","AbsoluteMagnitude"],"picked":"ManaRampage","floor":8.0},{"not_picked":["PowerUp","WitchLeyline"],"picked":"AlicesGift","floor":12.0},{"not_picked":["WitchLeyline","DoubleSpark"],"picked":"GrandCross","floor":12.0},{"not_picked":["UltimateShortwave","BlazingStar"],"picked":"JA","floor":16.0},{"not_picked":["ShootingEcho","Acceleration"],"picked":"FairyDestructionRay","floor":18.0},{"not_picked":["UnstableBomb","GalacticHalo"],"picked":"LuminesStrike+1","floor":18.0},{"not_picked":["WitchLeyline","GalacticHalo"],"picked":"IllusionStar","floor":20.0},{"not_picked":["MagicChant","GravityBeat"],"picked":"Robbery","floor":20.0},{"not_picked":["EarthLightRay","6A"],"picked":"Singularity","floor":22.0},{"not_picked":["DragonMeteor","GalacticHalo"],"picked":"PulseMagic","floor":22.0},{"not_picked":["DC","EarthLightRay"],"picked":"DarkSpark","floor":23.0},{"not_picked":["ShootingEcho","GalacticHalo"],"picked":"PowerUp","floor":27.0},{"not_picked":["PowerUp","AsteroidBelt"],"picked":"SporeBomb","floor":27.0},{"not_picked":["MysteriousBeam","GalacticHalo"],"picked":"SporeBomb+1","floor":29.0},{"not_picked":["GasGiant+1","MagicChant+1"],"picked":"BlazingStar","floor":29.0},{"not_picked":["LuminesStrike","UnstableBomb"],"picked":"WitchOfGreed","floor":31.0},{"not_picked":["GrandCross","WitchOfGreed"],"picked":"EnergyRecoil","floor":31.0},{"not_picked":["FinalSpark","SatelliteIllusion"],"picked":"JA","floor":33.0},{"not_picked":["GrandCross","Acceleration+1"],"picked":"GravityBeat+1","floor":35.0},{"not_picked":["SporeBomb+1","GrandCross"],"picked":"OpenUniverse+1","floor":35.0},{"not_picked":["MilkyWay+1","EnergyFlow"],"picked":"MagicChant+1","floor":36},{"not_picked":["AsteroidBelt+1","LuminesStrike+1"],"picked":"GrandCross+1","floor":41},{"not_picked":["MachineGunSpark","EventHorizon"],"picked":"ChargeUpSpray","floor":41},{"not_picked":["WitchLeyline+1","Singularity+1"],"picked":"EnergyFlow+1","floor":42},{"not_picked":["MysteriousBeam","MachineGunSpark"],"picked":"NonDirectionalLaser+1","floor":45},{"not_picked":["6A+1","UnstableBomb"],"picked":"PowerUp+1","floor":45},{"not_picked":["WitchOfGreed","OortCloud"],"picked":"PulseMagic+1","floor":48}],"player_experience":509278,"relics_obtained":[{"floor":6.0,"key":"Orichalcum"},{"floor":8.0,"key":"Bronze Scales"},{"floor":9.0,"key":"Toy Ornithopter"},{"floor":23.0,"key":"Gremlin Horn"},{"floor":26.0,"key":"Art of War"},{"floor":34.0,"key":"Oddly Smooth Stone"},{"floor":34.0,"key":"Toxic Egg 2"},{"floor":34.0,"key":"Girya"},{"floor":36,"key":"CatCart"},{"floor":42,"key":"PureWhite:ReiMu"},{"floor":43,"key":"Blue Candle"},{"floor":48,"key":"RuthlessExorcism:ReiMu"}],"event_choices":[{"damage_healed":0.0,"max_hp_gain":0.0,"max_hp_loss":0.0,"gold_gain":75.0,"event_name":"World of Goop","player_choice":"Gather Gold","floor":2.0,"gold_loss":0.0,"damage_taken":11.0},{"damage_healed":0.0,"max_hp_gain":0.0,"max_hp_loss":0.0,"gold_gain":0.0,"event_name":"WeMeetAgain","player_choice":"Paid Gold","floor":4.0,"gold_loss":86.0,"damage_taken":0.0,"relics_obtained":["Prayer Wheel"]},{"damage_healed":0.0,"max_hp_gain":0.0,"max_hp_loss":0.0,"gold_gain":175.0,"event_name":"Liars Game","player_choice":"AGREE","floor":11.0,"gold_loss":0.0,"damage_taken":0.0,"cards_obtained":["Doubt"]},{"cards_removed":["Doubt"],"damage_healed":0.0,"max_hp_gain":0.0,"max_hp_loss":0.0,"gold_gain":0.0,"event_name":"The Cleric","player_choice":"Card Removal","floor":13.0,"gold_loss":50.0,"damage_taken":0.0},{"damage_healed":0.0,"max_hp_gain":0.0,"max_hp_loss":0.0,"gold_gain":0.0,"event_name":"Golden Idol","player_choice":"Take Wound","floor":14.0,"gold_loss":0.0,"damage_taken":0.0,"relics_obtained":["Golden Idol"],"cards_obtained":["Injury"]},{"cards_removed":["Injury"],"damage_healed":0.0,"max_hp_gain":0.0,"max_hp_loss":0.0,"gold_gain":0.0,"event_name":"Fountain of Cleansing","player_choice":"Removed Curses","floor":19.0,"gold_loss":0.0,"damage_taken":0.0},{"cards_removed":["Defend_MRS"],"damage_healed":0.0,"max_hp_gain":0.0,"max_hp_loss":0.0,"gold_gain":0.0,"event_name":"Bonfire Elementals","player_choice":"Offered Basic","floor":21.0,"gold_loss":0.0,"damage_taken":0.0},{"damage_healed":0,"gold_gain":0,"player_choice":"Fight","damage_taken":0,"max_hp_gain":0,"max_hp_loss":0,"event_name":"OrinTheCat","floor":36,"gold_loss":0},{"damage_healed":0,"gold_gain":0,"player_choice":"Embrace Madness","damage_taken":9,"max_hp_gain":0,"max_hp_loss":0,"event_name":"Winding Halls","floor":37,"gold_loss":0,"cards_obtained":["Madness","Madness"]},{"damage_healed":0,"gold_gain":333,"player_choice":"Gave Idol","damage_taken":0,"max_hp_gain":0,"max_hp_loss":0,"event_name":"The Moai Head","floor":38,"relics_lost":["Golden Idol"],"gold_loss":0},{"damage_healed":0,"gold_gain":0,"player_choice":"Fight","damage_taken":0,"max_hp_gain":0,"max_hp_loss":0,"event_name":"Mysterious Sphere","floor":42,"gold_loss":0},{"cards_removed":["Strike_MRS"],"damage_healed":0,"gold_gain":0,"player_choice":"Card Removal","damage_taken":0,"max_hp_gain":0,"max_hp_loss":0,"event_name":"Wheel of Change","floor":44,"gold_loss":0},{"damage_healed":0,"gold_gain":0,"player_choice":"Paid","damage_taken":0,"relics_obtained":["Red Mask"],"max_hp_gain":0,"max_hp_loss":0,"event_name":"Tomb of Lord Red Mask","floor":46,"gold_loss":548}],"is_beta":false,"boss_relics":[{"not_picked":["Ectoplasm","Runic Dome"],"picked":"RedLine:ReiMu"},{"not_picked":["Snecko Eye","Velvet Choker"],"picked":"Calling Bell"}],"items_purged_floors":[25,30,39],"is_endless":false,"potions_floor_spawned":[6,7,8,12,18,23,42,45,48],"ascension_level":1}}