{"host":"2fgwwnzqc97k7iys","time":1611622738,"event":{"mods":["BaseMod","Colored Map","Minty Spire (QoL Compilation)","Quick Restart","Relic Stats"],"gold_per_floor":[111,111,111,122,142,142,172,172,198,212,232,232,307,320,320,320,320],"floor_reached":16,"language":"ENG","playtime":657,"items_purged":[],"score":148,"play_id":"7094ac50-e5e8-41a8-9cd2-1c9b01df440b","local_time":"20210125185858","is_ascension_mode":true,"campfire_choices":[{"data":"Iron Wave","floor":6,"key":"SMITH"},{"data":"Defend_R","floor":8,"key":"SMITH"},{"data":"True Grit","floor":12,"key":"SMITH"},{"data":"Shrug It Off","floor":15,"key":"SMITH"}],"circlet_count":0,"master_deck":["Strike_R","Strike_R","Strike_R","Strike_R","Defend_R+1","Defend_R+1","Bash","Body Slam+1","Iron Wave+1","Intimidate","True Grit+1","Shrug It Off+1","Battle Trance"],"relics":["Burning Blood","Smiling Mask","PreservedInsect"],"acts_visited":[],"potions_floor_usage":[7,16,16],"damage_taken":[{"damage":0,"enemies":"Small Slimes","floor":1,"turns":3},{"damage":1,"enemies":"Cultist","floor":4,"turns":3},{"damage":8,"enemies":"Jaw Worm","floor":5,"turns":4},{"damage":32,"enemies":"3 Sentries","floor":7,"turns":10},{"damage":4,"enemies":"2 Fungi Beasts","floor":10,"turns":4},{"damage":6,"enemies":"Exordium Wildlife","floor":11,"turns":5},{"damage":2,"enemies":"3 Louse","floor":14,"turns":4},{"damage":47,"enemies":"Slime Boss","floor":16,"turns":11}],"seed_played":"3477944829881866621","potions_obtained":[{"floor":1,"key":"SteroidPotion"},{"floor":7,"key":"Block Potion"},{"floor":14,"key":"Regen Potion"}],"is_trial":false,"path_per_floor":["M","?","?","M","M","R","E","R","T","M","M","R","?","M","R","B"],"character_chosen":"IRONCLAD","items_purchased":[],"campfire_rested":0,"item_purchase_floors":[],"current_hp_per_floor":[72,58,58,63,61,61,35,35,35,37,37,37,26,30,30,0,0],"gold":320,"neow_bonus":"REMOVE_TWO","is_daily":false,"chose_seed":false,"campfire_upgraded":4,"win_rate":0.0,"timestamp":1611622738,"path_taken":["M","?","?","?","M","R","E","R","T","M","M","R","?","M","R","BOSS"],"items_purchased_type":[],"build_version":"2020-12-22","purchased_purges":0,"victory":false,"max_hp_per_floor":[72,72,72,72,72,72,72,72,72,72,72,72,72,72,72,72,72],"relic_stats":{"counters":[8,44],"PreservedInsect":0,"Smiling Mask":0,"obtain_stats":[{"PreservedInsect":9,"Smiling Mask":7,"Burning Blood":0},{"PreservedInsect":4,"Smiling Mask":4,"Burning Blood":0},{"PreservedInsect":20,"Smiling Mask":20,"Burning Blood":0}],"Burning Blood":36},"card_choices":[{"not_picked":["Battle Trance","Intimidate"],"picked":"Body Slam","floor":1},{"not_picked":["Rupture","Wild Strike","Havoc"],"picked":"SKIP","floor":4},{"not_picked":["Reckless Charge","Wild Strike"],"picked":"Iron Wave","floor":5},{"not_picked":["Sever Soul","Dual Wield"],"picked":"Intimidate","floor":7},{"not_picked":["Intimidate","Reckless Charge"],"picked":"True Grit","floor":10},{"not_picked":["Evolve","Disarm"],"picked":"Shrug It Off","floor":11},{"not_picked":["Armaments","Twin Strike"],"picked":"Battle Trance","floor":14}],"player_experience":501876,"relics_obtained":[{"floor":7,"key":"Smiling Mask"},{"floor":9,"key":"PreservedInsect"}],"event_choices":[{"damage_healed":0,"gold_gain":0,"player_choice":"Entered Light","damage_taken":14,"max_hp_gain":0,"max_hp_loss":0,"event_name":"Shining Light","floor":2,"gold_loss":0,"cards_upgraded":["Body Slam","Defend_R"]},{"cards_removed":["Strike_R"],"damage_healed":0,"gold_gain":0,"player_choice":"Offered Basic","damage_taken":0,"max_hp_gain":0,"max_hp_loss":0,"event_name":"Bonfire Elementals","floor":3,"gold_loss":0},{"damage_healed":0,"gold_gain":75,"player_choice":"Gather Gold","damage_taken":11,"max_hp_gain":0,"max_hp_loss":0,"event_name":"World of Goop","floor":13,"gold_loss":0}],"is_beta":false,"boss_relics":[],"items_purged_floors":[],"is_endless":false,"potions_floor_spawned":[1,7,14],"killed_by":"Slime Boss","ascension_level":9}}