{"host":"e3e44o7b7hlfocim","time":1611667683,"event":{"mods":["2.2 Compatiblity","Act Like it!","BaseMod","Conspire","Elementarium","GifTheSpireLib","Hubris","Infinite Spire","Lobotomy","LobotomyExtend","Minty Spire (QoL Compilation)","Reliquary","Remilia??????","Replay The Spire","StSLib","The Animator","The Death Knight","The Servant 0.9.4"],"gold_per_floor":[116,116,126,51,62,62,62,62,62,62,87,87,56,81,81,81,81,182,182,201,201,201,211,211,244,263,263,289,46,66,66,104,124,124,124,124],"floor_reached":35,"language":"ENG","playtime":4038,"items_purged":["Bash"],"score":298,"play_id":"04a9e75e-8653-4d49-b9de-3670ca49e372","local_time":"20210126082803","is_ascension_mode":false,"campfire_choices":[{"data":"animator:Defend_FullmetalAlchemist","floor":8,"key":"SMITH"},{"data":"Corpse Explosion","floor":10,"key":"SMITH"},{"data":"Deadly Poison","floor":12,"key":"SMITH"},{"data":"Bouncing Flask","floor":15,"key":"SMITH"},{"data":"Crippling Poison","floor":17,"key":"SMITH"},{"data":"Elementarium:FireblessedBlade","floor":27,"key":"SMITH"},{"floor":31,"key":"REST"},{"data":"Neutralize","floor":34,"key":"SMITH"}],"circlet_count":0,"master_deck":["Strike_G","Strike_G","Strike_G","Strike_G","Strike_G","Defend_G","Defend_G","Defend_G","Defend_G","Defend_G","Survivor","Neutralize+1","animator:Defend_FullmetalAlchemist+1","Corpse Explosion+1","Deadly Poison+1","Bouncing Flask+1","Crippling Poison+1","After Image","Elementarium:FireblessedBlade+1","Elementarium:WindblessedBlade","Elementarium:EarthblessedBlade","Elementarium:IceblessedBlade","Elementarium:VoidblessedBlade","PiercingWail"],"relics":["Ring of the Snake","conspire:GiftBox","LetterFromLob","hubris:Icosahedron","reliquary:RoseTintedGlasses","ReplayFunnel","SacredBark","InkBottle","reliquary:PartyBalloon","hubris:AncientText","conspire:BottledYoYo","Bottled Flame"],"acts_visited":["Exordium","Exordium"],"potions_floor_usage":[18,18,35,35],"damage_taken":[{"damage":0,"enemies":"conspire:RoseBush","floor":1,"turns":4},{"damage":0,"enemies":"Small Slimes","floor":3,"turns":3},{"damage":10,"enemies":"Jaw Worm","floor":5,"turns":6},{"damage":7,"enemies":"Blue Slaver","floor":13,"turns":4},{"damage":3,"enemies":"Replay:BlueRogue","floor":14,"turns":5},{"damage":13,"enemies":"Fading Forest","floor":18,"turns":11},{"damage":9,"enemies":"Elementarium:2_ELEMENTALS","floor":20,"turns":4},{"damage":0,"enemies":"Elementarium:Cyclone","floor":23,"turns":3},{"damage":0,"enemies":"Elementarium:WarGolem","floor":25,"turns":4},{"damage":19,"enemies":"Elementarium:STONE_GOLEMS","floor":26,"turns":3},{"damage":11,"enemies":"Elementarium:VoidBeast","floor":30,"turns":4},{"damage":4,"enemies":"conspire:MimicChest","floor":32,"turns":6},{"damage":0,"enemies":"Elementarium:RubyGolem","floor":33,"turns":3},{"damage":54,"enemies":"Elementarium:PHOENIXES","floor":35,"turns":7}],"seed_played":"-8530766482879273683","potions_obtained":[{"floor":1,"key":"SteroidPotion"},{"floor":5,"key":"Explosive Potion"},{"floor":14,"key":"AttackPotion"},{"floor":24,"key":"SmokeBomb"},{"floor":24,"key":"LiquidMemories"},{"floor":26,"key":"Toxic Potion"}],"is_trial":false,"path_per_floor":["M","?","M","$","M","PTL","PTL","R","?","R","T","R","M","E","R","$","R","B",null,"M","?","T","M","?","E","M","R","T","$","M","R","?","M","R","B"],"character_chosen":"THE_SILENT","items_purchased":["conspire:BottledYoYo"],"campfire_rested":1,"item_purchase_floors":[29],"current_hp_per_floor":[70,70,70,70,60,60,60,60,60,60,60,60,53,50,50,50,50,47,70,61,42,42,42,42,42,23,23,23,23,12,24,20,20,20,0,0],"gold":124,"neow_bonus":"ONE_RARE_RELIC","is_daily":false,"chose_seed":false,"campfire_upgraded":7,"win_rate":0.0,"timestamp":1611667683,"path_taken":["M","?","M","$","M","PTL","PTL","R","?","R","T","R","M","E","R","$","R","BOSS","M","?","?","M","?","E","M","R","T","?","M","R","?","M","R","BOSS"],"items_purchased_type":["Relic"],"build_version":"2020-12-22","purchased_purges":1,"victory":false,"max_hp_per_floor":[70,70,70,70,70,70,70,70,70,70,70,70,70,70,70,70,70,70,70,70,42,42,42,42,42,42,42,42,42,42,42,42,42,42,42,42],"card_choices":[{"not_picked":["After Image","Venomology"],"picked":"Corpse Explosion","floor":0},{"not_picked":["Backstab","PiercingWail"],"picked":"Deadly Poison","floor":1},{"not_picked":["Slice","Acrobatics","Dagger Spray"],"picked":"SKIP","floor":3},{"not_picked":["ReplayTheSpireMod:The Works","Dagger Throw","Riddle With Holes"],"picked":"SKIP","floor":5},{"not_picked":["Outmaneuver","Underhanded Strike"],"picked":"Bouncing Flask","floor":13},{"not_picked":["Grand Finale","Acrobatics"],"picked":"Crippling Poison","floor":14},{"not_picked":["Tools of the Trade","Malaise"],"picked":"After Image","floor":18},{"not_picked":["Acrobatics","Deflect","Prepared"],"picked":"SKIP","floor":20},{"not_picked":["Flechettes+1","Backstab+1","Dagger Spray"],"picked":"SKIP","floor":23},{"not_picked":["conspire:PoisonWeapons","Backflip","Hidden Blade"],"picked":"SKIP","floor":25},{"not_picked":["Hidden Blade","Heel Hook","Blade Dance+1"],"picked":"SKIP","floor":26},{"not_picked":["Underhanded Strike","Blur"],"picked":"PiercingWail","floor":30},{"not_picked":["Blade Dance+1","Backflip","Tactician"],"picked":"SKIP","floor":33}],"player_experience":474839,"relics_obtained":[{"floor":1,"key":"LetterFromLob"},{"floor":11,"key":"reliquary:RoseTintedGlasses"},{"floor":14,"key":"ReplayFunnel"},{"floor":22,"key":"InkBottle"},{"floor":25,"key":"reliquary:PartyBalloon"},{"floor":28,"key":"hubris:AncientText"},{"floor":32,"key":"Bottled Flame"}],"event_choices":[{"damage_healed":0,"gold_gain":0,"player_choice":"Disagree","damage_taken":0,"max_hp_gain":0,"max_hp_loss":0,"event_name":"conspire:LoneGhost","floor":2,"gold_loss":0},{"damage_healed":0,"gold_gain":0,"player_choice":"Touch","damage_taken":0,"max_hp_gain":0,"max_hp_loss":28,"event_name":"Elementarium:ElementalBlades","floor":21,"gold_loss":0,"cards_obtained":["Elementarium:FireblessedBlade","Elementarium:WindblessedBlade","Elementarium:EarthblessedBlade","Elementarium:IceblessedBlade","Elementarium:VoidblessedBlade"]},{"damage_healed":0,"gold_gain":0,"player_choice":"Tanks","damage_taken":0,"max_hp_gain":0,"max_hp_loss":0,"event_name":"Elementarium:IncubationChamber","floor":24,"gold_loss":0}],"is_beta":false,"boss_relics":[{"not_picked":["Kintsugi","HoveringKite"],"picked":"SacredBark"}],"items_purged_floors":[4],"is_endless":false,"potions_floor_spawned":[1,5,14,26,30],"killed_by":"Elementarium:PHOENIXES","ascension_level":0}}