{"host":"qhn6g0owdgjb77rz","time":1611665995,"event":{"mods":["BaseMod","BetterRewards","Colored Map","Downfall","Minty Spire (QoL Compilation)","Relic Sorter","StSLib"],"gold_per_floor":[99,117,117,117,49,49,94,4,17,28,28,42,56,87,106,203,203,3,3,20,20,38,52,52,79,79,99,199,84,84,109,120,221,221,121,133,153,200,194,205,205,205,238,388,398,409,21,32,45,45,45,71,19,19,19,19],"floor_reached":57,"language":"ENG","playtime":3215,"items_purged":["downfall:Malfunctioning","bronze:Replicate+1","bronze:Strike","bronze:Strike"],"score":1426,"play_id":"0d1705b7-db2f-4ea1-8278-04f6b103cfac","local_time":"20210126215955","is_ascension_mode":false,"campfire_choices":[{"floor":1.0,"key":"RECALL"},{"data":"bronze:DarkDash","floor":6.0,"key":"SMITH"},{"data":"bronze:SpaghettiCode","floor":11.0,"key":"SMITH"},{"data":"bronze:HardenedForm","floor":18.0,"key":"SMITH"},{"data":"bronze:DonuBeam","floor":30.0,"key":"SMITH"},{"data":"bronze:DigitalCarnage","floor":35.0,"key":"SMITH"},{"data":"bronze:DecaBeam","floor":42,"key":"SMITH"},{"data":"expansioncontent:DashGenerateEvil","floor":54,"key":"SMITH"}],"circlet_count":0,"master_deck":["bronze:Strike+1","bronze:Defend","bronze:Defend","bronze:Defend","bronze:Defend","bronze:Goto+1","bronze:Flail+1","bronze:DarkDash+1","bronze:Overheat","bronze:SpaghettiCode+1","bronze:DigitalCarnage+1","bronze:FollowUp","bronze:Return","bronze:Flail","bronze:HardenedForm+1","Necronomicurse","downfall:Bewildered","bronze:DonuBeam+1","bronze:DecaBeam+1","bronze:CloningBeam","bronze:Flail","bronze:Fortify","bronze:SpaghettiCode","bronze:Frontload+1","bronze:Flail+1","expansioncontent:DashGenerateEvil+1","bronze:HardenedForm"],"relics":["bronze:BronzeCore","PreservedInsect","Snecko Eye","downfall:HeartBlessingRed","downfall:HeartBlessingBlue","downfall:ExtraCursedKey","Necronomicon","bronze:SilverBullet","sneckomod:BabySnecko","Calipers","Black Star","downfall:HeartBlessingGreen","hexamod:Sixitude","Membership Card","CaptainsWheel","Letter Opener","Potion Belt","Pear","Pocketwatch","Incense Burner"],"acts_visited":["Exordium","TheCity","TheBeyond","TheEnding"],"potions_floor_usage":[50,55,56,56,56,56,56,56,56,56,56,56,56,56],"damage_taken":[{"damage":5.0,"enemies":"Jaw Worm","floor":2.0,"turns":4.0},{"damage":5.0,"enemies":"downfall:FleeingMerchant","floor":5.0,"turns":4.0},{"damage":5.0,"enemies":"downfall:FleeingMerchant","floor":8.0,"turns":4.0},{"damage":0.0,"enemies":"Small Slimes","floor":9.0,"turns":2.0},{"damage":1.0,"enemies":"Cultist","floor":10.0,"turns":3.0},{"damage":0.0,"enemies":"Exordium Wildlife","floor":12.0,"turns":1.0},{"damage":0.0,"enemies":"3 Louse","floor":13.0,"turns":1.0},{"damage":8.0,"enemies":"3 Sentries","floor":14.0,"turns":5.0},{"damage":0.0,"enemies":"Large Slime","floor":15.0,"turns":3.0},{"damage":4.0,"enemies":"SI_SHIV_ARCHETYPE","floor":16.0,"turns":10.0},{"damage":2.0,"enemies":"Shell Parasite","floor":20.0,"turns":2.0},{"damage":0.0,"enemies":"3 Byrds","floor":22.0,"turns":1.0},{"damage":0.0,"enemies":"3 Cultists","floor":23.0,"turns":2.0},{"damage":0.0,"enemies":"Gremlin Leader","floor":25.0,"turns":2.0},{"damage":0.0,"enemies":"Sentry and Sphere","floor":27.0,"turns":2.0},{"damage":7.0,"enemies":"Sentry and Sphere","floor":28.0,"turns":2.0},{"damage":0.0,"enemies":"downfall:FleeingMerchant","floor":29.0,"turns":4.0},{"damage":0.0,"enemies":"Book of Stabbing","floor":31.0,"turns":2.0},{"damage":0.0,"enemies":"Snecko","floor":32.0,"turns":2.0},{"damage":0.0,"enemies":"IC_MUSHROOM_ARCHETYPE","floor":33.0,"turns":3.0},{"damage":0.0,"enemies":"Orb Walker","floor":36.0,"turns":1.0},{"damage":0.0,"enemies":"3 Darklings","floor":37.0,"turns":1.0},{"damage":0.0,"enemies":"2 Orb Walkers","floor":38.0,"turns":1.0},{"damage":0,"enemies":"downfall:FleeingMerchant","floor":39,"turns":1},{"damage":0,"enemies":"Maw","floor":40,"turns":3},{"damage":19,"enemies":"Nemesis","floor":43,"turns":3},{"damage":0,"enemies":"Sphere and 2 Shapes","floor":45,"turns":2},{"damage":0,"enemies":"Writhing Mass","floor":46,"turns":2},{"damage":0,"enemies":"Spire Growth","floor":48,"turns":1},{"damage":0,"enemies":"Jaw Worm Horde","floor":49,"turns":2},{"damage":0,"enemies":"WA_ARCHETYPE_DIVINITY","floor":50,"turns":4},{"damage":0,"enemies":"downfall:CharBossMerchant","floor":52,"turns":4},{"damage":0,"enemies":"downfall:NeowBoss","floor":55,"turns":9},{"damage":20,"enemies":"downfall:NeowBossFinal","floor":56,"turns":5}],"seed_played":"-6526088682113654963","potions_obtained":[{"floor":10.0,"key":"SpeedPotion"},{"floor":13.0,"key":"SkillPotion"},{"floor":15.0,"key":"BlessingOfTheForge"},{"floor":20.0,"key":"EntropicBrew"},{"floor":22.0,"key":"Strength Potion"},{"floor":25.0,"key":"bronze:FreeFunctionsPotion"},{"floor":27.0,"key":"LiquidMemories"},{"floor":38.0,"key":"Weak Potion"},{"floor":40,"key":"FearPotion"},{"floor":43,"key":"SpeedPotion"},{"floor":48,"key":"bronze:BurnAndBuffPotion"}],"is_trial":false,"path_per_floor":["R","M","?","?","$","R","T","$","M","M","R","M","M","E","M","B",null,"R","?","M","?","M","M","T","E","?","M","?","$","R","E","M","B",null,"R","M","M","?","$","M","T","R","E","?","M","M","$","M","M","B",null,"E","$","R","B","B",null],"character_chosen":"THE_AUTOMATON","items_purchased":["bronze:Overheat","Membership Card","CaptainsWheel","Potion Belt","Pear","expansioncontent:DashGenerateEvil","SteroidPotion","EntropicBrew"],"campfire_rested":0,"item_purchase_floors":[5,39,39,47,47,47,47,53],"current_hp_per_floor":[70,65,65,65,60,60,60,55,55,54,54,54,54,46,46,42,70,80,80,78,62,62,62,62,62,62,62,55,55,55,55,55,55,80,80,80,80,80,80,80,80,80,61,61,61,61,71,71,71,71,90,90,90,90,90,70],"gold":19,"neow_bonus":"UPGRADE_CARD","is_daily":false,"chose_seed":false,"campfire_upgraded":7,"win_rate":0.0,"timestamp":1611665995,"path_taken":["R","M","?","?","?","R","T","$","?","M","R","M","M","E","M","BOSS","R","?","M","?","M","M","T","E","?","?","?","?","R","E","M","BOSS","R","M","M","?","$","M","T","R","E","?","M","?","$","M","M","BOSS","E","$","R","BOSS","BOSS"],"items_purchased_type":["Card","Relic","Relic","Relic","Relic","Card","Potion","Potion"],"build_version":"2020-12-22","purchased_purges":4,"victory":true,"max_hp_per_floor":[70,70,70,70,70,70,70,70,70,70,70,70,70,70,70,70,70,80,80,80,80,80,80,80,80,80,80,80,80,80,80,80,80,80,80,80,80,80,80,80,80,80,80,80,80,80,90,90,90,90,90,90,90,90,90,90],"card_choices":[{"not_picked":["bronze:Branch","bronze:DelayedSlice"],"picked":"bronze:Flail","floor":2.0},{"not_picked":["bronze:Backtrace","bronze:WildBeam"],"picked":"bronze:DarkDash","floor":5.0},{"not_picked":["bronze:Overheat","bronze:MaxOutput"],"picked":"bronze:SpaghettiCode","floor":8.0},{"not_picked":["bronze:ChosenStrike","bronze:ItsAFeature"],"picked":"bronze:DigitalCarnage","floor":9.0},{"not_picked":["bronze:BitShift","bronze:Constructor"],"picked":"bronze:FollowUp","floor":10.0},{"not_picked":["bronze:GetLatest","bronze:Repair"],"picked":"bronze:Return","floor":12.0},{"not_picked":["bronze:BugBarrage","bronze:Optimize","bronze:WildBeam"],"picked":"SKIP","floor":13.0},{"not_picked":["bronze:Overheat","bronze:ItsAFeature"],"picked":"bronze:Flail","floor":14.0},{"not_picked":["bronze:Backtrace","bronze:BuggyMess","bronze:WildBeam"],"picked":"SKIP","floor":15.0},{"not_picked":["bronze:Format","bronze:Break"],"picked":"bronze:HardenedForm","floor":16.0},{"not_picked":["bronze:Repair+1","bronze:WhirlingStrike","bronze:BugBarrage"],"picked":"SKIP","floor":20.0},{"not_picked":["bronze:MaxOutput","bronze:Allocate","bronze:Turbo+1"],"picked":"SKIP","floor":22.0},{"not_picked":["bronze:BuggyMess","bronze:Separator+1","bronze:OilSpill"],"picked":"SKIP","floor":23.0},{"not_picked":["bronze:WhirlingStrike","bronze:Turbo","bronze:GetLatest"],"picked":"SKIP","floor":25.0},{"not_picked":["bronze:Optimize","bronze:Turbo","bronze:WildBeam+1"],"picked":"SKIP","floor":27.0},{"not_picked":[],"picked":"bronze:DonuBeam","floor":28.0},{"not_picked":[],"picked":"bronze:DecaBeam","floor":28.0},{"not_picked":["bronze:Format","bronze:Invalidate"],"picked":"bronze:CloningBeam","floor":28.0},{"not_picked":["bronze:Deprecate","bronze:Terminator"],"picked":"bronze:Flail","floor":29.0},{"not_picked":["bronze:Shield","bronze:Iterate","bronze:NullPointer"],"picked":"SKIP","floor":31.0},{"not_picked":["bronze:ForceShield+1","bronze:BuggyMess+1"],"picked":"bronze:Fortify","floor":32.0},{"not_picked":["bronze:FindAndReplace","bronze:ThunderWave"],"picked":"bronze:SpaghettiCode","floor":33.0},{"not_picked":["bronze:Safeguard+1","bronze:CloningBeam+1","bronze:FineTuning"],"picked":"SKIP","floor":36.0},{"not_picked":["bronze:Return","bronze:CutThrough+1","bronze:Backtrace"],"picked":"SKIP","floor":37.0},{"not_picked":["bronze:FineTuning+1","bronze:Deprecate"],"picked":"bronze:Frontload+1","floor":38.0},{"not_picked":["bronze:BronzeOrb+1","bronze:Shell+1"],"picked":"bronze:Flail+1","floor":39},{"not_picked":["bronze:Shield+1","bronze:Philosophize","bronze:Constructor"],"picked":"SKIP","floor":40},{"not_picked":["bronze:Optimize+1","bronze:WildBeam","bronze:OilSpill"],"picked":"SKIP","floor":43},{"not_picked":["bronze:DelayedSlice","bronze:Invalidate+1","bronze:OilSpill+1"],"picked":"SKIP","floor":45},{"not_picked":["bronze:ChildClass","bronze:Optimize","bronze:Allocate+1"],"picked":"SKIP","floor":46},{"not_picked":["bronze:ChildClass","bronze:ChosenStrike+1","bronze:BitShift+1"],"picked":"SKIP","floor":48},{"not_picked":["bronze:FineTuning","bronze:Optimize","bronze:BugBarrage+1"],"picked":"SKIP","floor":49},{"not_picked":["bronze:Format","bronze:Repair+1"],"picked":"bronze:HardenedForm","floor":52}],"player_experience":638057,"relics_obtained":[{"floor":14.0,"key":"PreservedInsect"},{"floor":21.0,"key":"Necronomicon"},{"floor":25.0,"key":"bronze:SilverBullet"},{"floor":31.0,"key":"Calipers"},{"floor":38.0,"key":"hexamod:Sixitude"},{"floor":43,"key":"Oddly Smooth Stone"},{"floor":43,"key":"Letter Opener"},{"floor":52,"key":"Pocketwatch"},{"floor":52,"key":"Incense Burner"}],"event_choices":[{"cards_removed":["bronze:Strike"],"damage_healed":0.0,"max_hp_gain":0.0,"max_hp_loss":0.0,"gold_gain":0.0,"event_name":"The Cleric","player_choice":"Card Removal","floor":3.0,"gold_loss":0.0,"damage_taken":0.0},{"damage_healed":0.0,"max_hp_gain":0.0,"max_hp_loss":0.0,"gold_gain":0.0,"event_name":"Mysterious Sphere","player_choice":"Fight","floor":38.0,"gold_loss":0.0,"damage_taken":0.0}],"is_beta":false,"boss_relics":[{"not_picked":["Astrolabe","Tiny House"],"picked":"Snecko Eye"},{"not_picked":["Coffee Dripper","Fusion Hammer"],"picked":"Black Star"}],"items_purged_floors":[8,29,39,47],"is_endless":false,"potions_floor_spawned":[10,13,15,20,22,25,27,28,38,40,43,45,48],"ascension_level":0}}