{"host":"70zhvo5nwrhp1mbg","time":1611628465,"event":{"mods":["BaseMod","Colored Map","Colored Powertips","Filter the Spire","Highlight Path","Minty Spire (QoL Compilation)","Rare Cards Sparkle","StSLib"],"gold_per_floor":[109,109,122,136,90,90,90,121,121,186,186,204,204,238,250,393,405,432,457,469,469],"floor_reached":20,"language":"ENG","playtime":1089,"items_purged":[],"score":255,"play_id":"b8445437-114a-4b50-b526-24e24834e043","local_time":"20210125213425","is_ascension_mode":true,"campfire_choices":[{"data":"Clothesline","floor":6,"key":"SMITH"},{"data":"Armaments","floor":11,"key":"SMITH"},{"floor":13,"key":"REST"},{"floor":15,"key":"REST"}],"circlet_count":0,"master_deck":["Strike_R","Strike_R","Strike_R","Strike_R","Strike_R","Defend_R","Defend_R","Defend_R","Defend_R","Bash","Dual Wield","Anger","Armaments+1","Clothesline+1","Injury","Spot Weakness","Shrug It Off","Whirlwind","Reaper","Twin Strike+1","Headbutt+1"],"relics":["Burning Blood","NeowsBlessing","InkBottle","Golden Idol","Ornamental Fan","Kunai","MawBank","Black Star"],"acts_visited":["Exordium","TheCity"],"potions_floor_usage":[8,8,19],"damage_taken":[{"damage":0,"enemies":"Cultist","floor":1,"turns":1},{"damage":0,"enemies":"2 Louse","floor":3,"turns":1},{"damage":0,"enemies":"Small Slimes","floor":4,"turns":1},{"damage":29,"enemies":"Lagavulin","floor":8,"turns":7},{"damage":13,"enemies":"Exordium Thugs","floor":12,"turns":4},{"damage":30,"enemies":"Gremlin Nob","floor":14,"turns":5},{"damage":23,"enemies":"The Guardian","floor":16,"turns":13},{"damage":41,"enemies":"Shell Parasite","floor":18,"turns":7},{"damage":41,"enemies":"3 Byrds","floor":19,"turns":6},{"damage":1,"enemies":"Centurion and Healer","floor":20,"turns":2}],"seed_played":"133894009086232375","potions_obtained":[{"floor":1,"key":"EssenceOfSteel"},{"floor":4,"key":"FearPotion"},{"floor":14,"key":"FairyPotion"},{"floor":18,"key":"AttackPotion"}],"is_trial":false,"path_per_floor":["M","T","M","M","$","R","?","E","T","?","R","M","R","E","R","B",null,"M","M","M"],"character_chosen":"IRONCLAD","items_purchased":["Clothesline"],"campfire_rested":2,"item_purchase_floors":[5],"current_hp_per_floor":[78,78,80,80,80,80,80,57,57,57,57,50,74,50,74,57,74,39,13,12,12],"gold":469,"neow_bonus":"THREE_ENEMY_KILL","is_daily":false,"chose_seed":false,"campfire_upgraded":2,"win_rate":0.0,"timestamp":1611628465,"path_taken":["M","?","M","M","$","R","?","E","T","?","R","?","R","E","R","BOSS","M","M","M"],"items_purchased_type":["Card"],"build_version":"2020-12-22","purchased_purges":0,"victory":false,"max_hp_per_floor":[80,80,80,80,80,80,80,80,80,80,80,80,80,80,80,80,80,80,80,80,80],"card_choices":[{"not_picked":["Body Slam","Havoc"],"picked":"Dual Wield","floor":1},{"not_picked":["Whirlwind","Disarm"],"picked":"Anger","floor":3},{"not_picked":["Evolve","Sword Boomerang"],"picked":"Armaments","floor":4},{"not_picked":["Corruption","Dark Embrace"],"picked":"Spot Weakness","floor":8},{"not_picked":["Inflame","Body Slam"],"picked":"Shrug It Off","floor":12},{"not_picked":["Evolve","Thunderclap"],"picked":"Whirlwind","floor":14},{"not_picked":["Immolate","Impervious"],"picked":"Reaper","floor":16},{"not_picked":["Intimidate","Pummel"],"picked":"Twin Strike+1","floor":18},{"not_picked":["Perfected Strike","Warcry+1"],"picked":"Headbutt+1","floor":19}],"player_experience":498530,"relics_obtained":[{"floor":2,"key":"InkBottle"},{"floor":8,"key":"Ornamental Fan"},{"floor":9,"key":"Kunai"},{"floor":14,"key":"MawBank"}],"event_choices":[{"damage_healed":0,"gold_gain":0,"player_choice":"Take Wound","damage_taken":0,"relics_obtained":["Golden Idol"],"max_hp_gain":0,"max_hp_loss":0,"event_name":"Golden Idol","floor":7,"gold_loss":0,"cards_obtained":["Injury"]},{"damage_healed":0,"gold_gain":65,"player_choice":"Gained Gold","damage_taken":0,"max_hp_gain":0,"max_hp_loss":0,"event_name":"Golden Wing","floor":10,"gold_loss":0}],"is_beta":false,"boss_relics":[{"not_picked":["Empty Cage","Busted Crown"],"picked":"Black Star"}],"items_purged_floors":[],"is_endless":false,"potions_floor_spawned":[1,4,14,18],"killed_by":"Centurion and Healer","ascension_level":8}}