{"host":"mi0eibewekhugwl1","time":1611675276,"event":{"mods":["AchievementEnabler","BaseMod","Colored Map","Colored Powertips","DeckTracker","Keyboard Shortcuts","Minty Spire (QoL Compilation)","Quick Restart","Rare Cards Sparkle","Relic Stats","StSLib","SuperFastMode","everything is the same but u backflip on backflip"],"gold_per_floor":[116,116,136,116,131,131,148,148,198,217,217,228,244,254,254,328,328,343,111,111,111,111,111,130,149,149,23,40,40,70,70,70],"floor_reached":31,"language":"KOR","playtime":606,"items_purged":["Strike_G"],"score":498,"play_id":"26ce322a-4b8a-4bca-9afa-7c4d10711011","local_time":"20210127003436","is_ascension_mode":true,"campfire_choices":[{"data":"Bouncing Flask","floor":6.0,"key":"SMITH"},{"data":"Deadly Poison","floor":11,"key":"SMITH"},{"data":"Catalyst","floor":15,"key":"SMITH"},{"data":"Crippling Poison","floor":23,"key":"SMITH"},{"floor":29,"key":"REST"}],"circlet_count":0,"master_deck":["AscendersBane","Strike_G","Strike_G","Strike_G","Defend_G","Defend_G","Defend_G","Defend_G","Defend_G","Survivor","Neutralize+1","Backflip","Cloak And Dagger","Bouncing Flask+1","Acrobatics","Deadly Poison+1","PiercingWail","Crippling Poison+1","Catalyst+1","Burst"],"relics":["Ring of the Snake","Bronze Scales","HoveringKite","Art of War","Nilry\u0027s Codex","The Courier","Membership Card","Orichalcum"],"acts_visited":["Exordium","TheCity"],"potions_floor_usage":[16,24,28,30,31],"damage_taken":[{"damage":1.0,"enemies":"Small Slimes","floor":1.0,"turns":3.0},{"damage":0.0,"enemies":"Jaw Worm","floor":3.0,"turns":5.0},{"damage":0.0,"enemies":"Cultist","floor":5.0,"turns":4.0},{"damage":3.0,"enemies":"2 Fungi Beasts","floor":7.0,"turns":3.0},{"damage":0.0,"enemies":"Exordium Wildlife","floor":10.0,"turns":2.0},{"damage":1,"enemies":"3 Louse","floor":12,"turns":4},{"damage":3,"enemies":"Looter","floor":13,"turns":3},{"damage":1,"enemies":"Blue Slaver","floor":14,"turns":3},{"damage":4,"enemies":"The Guardian","floor":16,"turns":7},{"damage":5,"enemies":"3 Byrds","floor":18,"turns":4},{"damage":7,"enemies":"Shell Parasite","floor":24,"turns":4},{"damage":16,"enemies":"Snake Plant","floor":25,"turns":5},{"damage":12,"enemies":"Cultist and Chosen","floor":28,"turns":7},{"damage":19,"enemies":"Book of Stabbing","floor":30,"turns":5},{"damage":7,"enemies":"Chosen and Byrds","floor":31,"turns":3}],"seed_played":"2218617616992086033","potions_obtained":[{"floor":1.0,"key":"Poison Potion"},{"floor":3.0,"key":"AttackPotion"},{"floor":13,"key":"Block Potion"},{"floor":16,"key":"EssenceOfSteel"},{"floor":25,"key":"AttackPotion"},{"floor":28,"key":"Weak Potion"}],"is_trial":false,"path_per_floor":["M","?","M","?","M","R","M","?","T","M","R","M","M","M","R","B",null,"M","$","?","?","?","R","M","M","T","$","M","R","E","M"],"character_chosen":"THE_SILENT","items_purchased":["Art of War","Membership Card"],"campfire_rested":1,"item_purchase_floors":[19,27],"current_hp_per_floor":[58,63,63,63,63,63,60,60,60,60,60,59,56,55,55,51,66,61,61,61,61,40,40,33,17,17,17,5,26,7,0,0],"gold":70,"neow_bonus":"UPGRADE_CARD","is_daily":false,"chose_seed":false,"campfire_upgraded":4,"win_rate":0.0,"timestamp":1611675276,"path_taken":["M","?","M","?","M","R","?","?","T","M","R","M","M","M","R","BOSS","M","$","?","?","?","R","M","M","T","?","M","R","E","M"],"items_purchased_type":["Relic","Relic"],"build_version":"2020-12-22","purchased_purges":1,"victory":false,"max_hp_per_floor":[66,71,71,71,71,71,71,71,71,71,71,71,71,71,71,71,71,71,71,71,71,71,71,71,71,71,71,71,71,71,71,71],"relic_stats":{"counters":[15,62],"Bronze Scales":[190],"HoveringKite":[3],"Art of War":[8],"Orichalcum":[6],"obtain_stats":[{"Nilry\u0027s Codex":22,"Bronze Scales":9,"HoveringKite":17,"The Courier":26,"Art of War":19,"Membership Card":27,"Orichalcum":30,"Ring of the Snake":0},{"Nilry\u0027s Codex":10,"Bronze Scales":4,"HoveringKite":9,"The Courier":12,"Art of War":10,"Membership Card":12,"Orichalcum":14,"Ring of the Snake":0},{"Nilry\u0027s Codex":38,"Bronze Scales":15,"HoveringKite":34,"The Courier":47,"Art of War":38,"Membership Card":47,"Orichalcum":59,"Ring of the Snake":0}],"Ring of the Snake":[30]},"card_choices":[{"not_picked":["Predator","Quick Slash"],"picked":"Backflip","floor":1.0},{"not_picked":["Quick Slash","Bane"],"picked":"Cloak And Dagger","floor":3.0},{"not_picked":["Escape Plan","Acrobatics"],"picked":"Bouncing Flask","floor":5.0},{"not_picked":["Acrobatics","Infinite Blades","Outmaneuver"],"picked":"SKIP","floor":7.0},{"not_picked":["Bane","Deflect"],"picked":"Deadly Poison","floor":10},{"not_picked":["Deadly Poison","Dagger Throw"],"picked":"PiercingWail","floor":12},{"not_picked":["Bane","Caltrops"],"picked":"Crippling Poison","floor":13},{"not_picked":["Bane","Blur"],"picked":"Catalyst","floor":14},{"not_picked":["Grand Finale","Doppelganger"],"picked":"Burst","floor":16},{"not_picked":["Poisoned Stab","Prepared","Flying Knee"],"picked":"SKIP","floor":18},{"not_picked":["Accuracy","Dodge and Roll","Sucker Punch"],"picked":"SKIP","floor":24},{"not_picked":["Finisher","Deadly Poison","Dodge and Roll"],"picked":"SKIP","floor":25},{"not_picked":["Dagger Throw","Escape Plan","Skewer"],"picked":"SKIP","floor":28},{"not_picked":["Underhanded Strike","Flying Knee","Deadly Poison"],"picked":"SKIP","floor":30}],"player_experience":1762970,"relics_obtained":[{"floor":9.0,"key":"Bronze Scales"},{"floor":22,"key":"Nilry\u0027s Codex"},{"floor":26,"key":"The Courier"},{"floor":30,"key":"Orichalcum"}],"event_choices":[{"damage_healed":0.0,"max_hp_gain":5.0,"max_hp_loss":0.0,"gold_gain":0.0,"event_name":"Big Fish","player_choice":"Donut","floor":2.0,"gold_loss":0.0,"damage_taken":0.0},{"damage_healed":0.0,"max_hp_gain":0.0,"max_hp_loss":0.0,"gold_gain":0.0,"event_name":"The Woman in Blue","player_choice":"Bought 1 Potion","floor":4.0,"gold_loss":0.0,"damage_taken":0.0},{"damage_healed":0.0,"max_hp_gain":0.0,"max_hp_loss":0.0,"gold_gain":0.0,"cards_transformed":["Strike_G"],"event_name":"Living Wall","player_choice":"Change","floor":8.0,"gold_loss":0.0,"damage_taken":0.0,"cards_obtained":["Acrobatics"]},{"damage_healed":0,"gold_gain":0,"player_choice":"Ignored","damage_taken":0,"max_hp_gain":0,"max_hp_loss":0,"event_name":"Ghosts","floor":20,"gold_loss":0},{"damage_healed":0,"gold_gain":0,"player_choice":"Ignored","damage_taken":0,"max_hp_gain":0,"max_hp_loss":0,"event_name":"The Mausoleum","floor":21,"gold_loss":0},{"damage_healed":0,"gold_gain":0,"player_choice":"Obtained Book","damage_taken":21,"max_hp_gain":0,"max_hp_loss":0,"event_name":"Cursed Tome","floor":22,"gold_loss":0}],"is_beta":false,"boss_relics":[{"not_picked":["Astrolabe","SacredBark"],"picked":"HoveringKite"}],"items_purged_floors":[19],"is_endless":false,"potions_floor_spawned":[1,3,5,13,16,25,28],"killed_by":"Chosen and Byrds","ascension_level":20}}