{"host":"56d873i5r3uhle0q","time":1611695250,"event":{"mods":["100% Spire Juice","Act Like it!","Aspiration","BaseMod","Block Reminder","Conspire","Dota2Spire","Downfall","Gensokyo","Hermit","Hubris","Infinite Spire","Jedi Mod","Lobotomy","LobotomyExtend","Marisa????????","Marked Mod","Minty Spire (QoL Compilation)","Reliquary","Replay The Spire","StSLib","The Animator","The Bug Knight","The Cursed","The Marked","The Servant 0.9.4","everything is the same but u backflip on backflip","??????REMEMod"],"gold_per_floor":[99,113,133,133,145,96,120,131,131,151,163,163,1,17,28,131,131,131,141,51,69,83,83,83,83,99,133,143,163,197,209,209,209,209],"floor_reached":32,"language":"ENG","playtime":2111,"items_purged":["champ:BerserkersShout"],"score":260,"play_id":"c08aa02f-7702-4cfe-8996-b6c9cd1d0154","local_time":"20210126140730","is_ascension_mode":false,"campfire_choices":[{"floor":12.0,"key":"REST"},{"data":"champ:HoldFirm","floor":18,"key":"SMITH"},{"floor":23,"key":"REST"},{"data":"champ:ShieldWall","floor":25,"key":"SMITH"}],"circlet_count":0,"master_deck":["champ:Strike","champ:Strike","champ:Strike","champ:Strike","champ:Defend","champ:Defend","champ:Defend+1","champ:Defend","champ:Execute","champ:Taunt","Sabotage","champ:VampiricStrike","champ:ShieldWall+1","champ:HoldFirm+1","champ:ArenaPreparation+1","champ:Improvising","champ:FaceSlap","champ:HoldFirm","champ:FalseCounter+1"],"relics":["champ:ChampionCrown","REME_ComplimentaryCards","reliquary:SilkGlove","SlaversCollar","Bag of Preparation","Toxic Egg 2","LetterFromLob","War Paint"],"acts_visited":["Gensokyo:Gensokyo","Gensokyo:Gensokyoer"],"potions_floor_usage":[16],"damage_taken":[{"damage":0.0,"enemies":"Gensokyo:2_Kodama","floor":2.0,"turns":3.0},{"damage":10.0,"enemies":"Gensokyo:Gryphon","floor":3.0,"turns":3.0},{"damage":14.0,"enemies":"Gensokyo:Python","floor":5.0,"turns":3.0},{"damage":10.0,"enemies":"downfall:FleeingMerchant","floor":6.0,"turns":4.0},{"damage":22.0,"enemies":"Gensokyo:Gryphon_and_Rabbit","floor":8.0,"turns":5.0},{"damage":59.0,"enemies":"Gensokyo:3_Kodama","floor":10.0,"turns":4.0},{"damage":20.0,"enemies":"Gensokyo:LivingMonolith","floor":11.0,"turns":3.0},{"damage":15.0,"enemies":"downfall:FleeingMerchant","floor":13.0,"turns":4.0},{"damage":22,"enemies":"Gensokyo:Kitsune","floor":14,"turns":4},{"damage":37,"enemies":"Gensokyo:3_Kodama","floor":15,"turns":5},{"damage":20,"enemies":"IC_STATUS_ARCHETYPE","floor":16,"turns":8},{"damage":39,"enemies":"Gensokyo:AngelMirror","floor":19,"turns":6},{"damage":15,"enemies":"downfall:FleeingMerchant","floor":20,"turns":4},{"damage":18,"enemies":"Gensokyo:2_Gloops","floor":21,"turns":7},{"damage":18,"enemies":"Gensokyo:Slime_Group","floor":22,"turns":7},{"damage":20,"enemies":"Gensokyo:Swordslinger","floor":26,"turns":6},{"damage":20,"enemies":"Gensokyo:Koishi","floor":27,"turns":6},{"damage":28,"enemies":"Gensokyo:Wraith","floor":28,"turns":7},{"damage":26,"enemies":"Gensokyo:Slime_Group","floor":29,"turns":7},{"damage":42,"enemies":"conspire:MimicChest","floor":30,"turns":8},{"damage":20,"enemies":"Gensokyo:Swordslinger","floor":31,"turns":5},{"damage":14,"enemies":"Gensokyo:Chomper_and_Gloop","floor":32,"turns":3}],"seed_played":"-1869775322859316781","potions_obtained":[{"floor":2.0,"key":"jedi:tentaclejuice"},{"floor":3.0,"key":"AttackPotion"},{"floor":8.0,"key":"champ:TechniquePotion"},{"floor":16,"key":"REME_GoldPotion"},{"floor":22,"key":"SkillPotion"}],"is_trial":false,"path_per_floor":["R","M","M","COS","M","$","T","M","?","M","M","R","$","M","M","B",null,"R","M","$","M","M","R","T","R","M","E","M","M","?","M","M"],"character_chosen":"THE_CHAMP","items_purchased":["champ:ArenaPreparation","champ:Improvising"],"campfire_rested":2,"item_purchase_floors":[6,13],"current_hp_per_floor":[90,90,90,90,86,86,86,79,74,55,55,82,82,75,63,48,90,90,76,76,63,45,72,72,72,72,62,49,43,28,13,0,0,0],"gold":209,"neow_bonus":"ONE_RANDOM_RARE_CARD","is_daily":false,"chose_seed":false,"campfire_upgraded":2,"win_rate":0.0,"timestamp":1611695250,"path_taken":["R","M","M","COS","M","$","T","M","?","M","?","R","?","M","M","BOSS","R","M","$","M","M","R","T","R","M","E","M","M","?","?","M"],"items_purchased_type":["Card","Card"],"build_version":"2020-12-22","purchased_purges":1,"victory":false,"max_hp_per_floor":[90,90,90,90,90,90,90,90,90,90,90,90,90,90,90,90,90,90,90,90,90,90,90,90,90,90,90,90,90,90,90,90,90,90],"card_choices":[{"not_picked":["champ:TornadoPunch","champ:ArenaPreparation"],"picked":"champ:ShieldWall","floor":2.0},{"not_picked":["champ:PreemptiveStrike","champ:GutPunch","champ:PerfectedStrike"],"picked":"SKIP","floor":3.0},{"not_picked":["champ:Backstep","champ:PerfectedStrike"],"picked":"champ:HoldFirm","floor":5.0},{"not_picked":["champ:DefensiveShout","champ:Backstep"],"picked":"champ:BerserkersShout","floor":6.0},{"not_picked":["champ:BladeFlurry","champ:AdrenalArmor","champ:HeartStrike"],"picked":"SKIP","floor":8.0},{"not_picked":["champ:DeathBlow","champ:PreciseThrust","champ:DefensiveShout"],"picked":"SKIP","floor":10.0},{"not_picked":["champ:EndlessRage","champ:FalseCounter","champ:Haymaker"],"picked":"SKIP","floor":11.0},{"not_picked":["champ:BringItOn","champ:CrownThrow","champ:GutPunch"],"picked":"SKIP","floor":13.0},{"not_picked":["champ:PerfectedStrike","champ:GutPunch","champ:CheapShot"],"picked":"SKIP","floor":14},{"not_picked":["champ:Shatter","champ:FocusedDefense"],"picked":"champ:FaceSlap","floor":15},{"not_picked":["champ:StrikeOfGenius","champ:TripleStrike"],"picked":"champ:HoldFirm","floor":16},{"not_picked":["champ:FaceSlap+1","champ:EnragedBash+1","champ:Circumvent"],"picked":"SKIP","floor":19},{"not_picked":["champ:StanceDance","champ:PerfectedStrike+1","champ:BringItOn"],"picked":"SKIP","floor":20},{"not_picked":["champ:BringItOn","champ:FlashCut","champ:RapidStrikes"],"picked":"SKIP","floor":21},{"not_picked":["champ:Parry","champ:SwordThrow","champ:Lariat"],"picked":"SKIP","floor":22},{"not_picked":["champ:ArenaPreparation","champ:AdrenalArmor","champ:PerfectedStrike+1"],"picked":"SKIP","floor":26},{"not_picked":["champ:AdrenalArmor+1","champ:EnragedBash","champ:GutPunch"],"picked":"SKIP","floor":27},{"not_picked":["champ:Lariat+1","champ:DeathBlow"],"picked":"champ:FalseCounter+1","floor":28},{"not_picked":["champ:Haymaker","champ:PerfectedStrike","champ:GladiatorStyle"],"picked":"SKIP","floor":29},{"not_picked":["champ:PreciseThrust","champ:GutPunch","champ:CalledShot+1"],"picked":"SKIP","floor":31}],"player_experience":659728,"relics_obtained":[{"floor":7.0,"key":"reliquary:SilkGlove"},{"floor":24,"key":"Bag of Preparation"},{"floor":27,"key":"Toxic Egg 2"},{"floor":28,"key":"LetterFromLob"},{"floor":30,"key":"War Paint"}],"event_choices":[],"is_beta":false,"boss_relics":[{"not_picked":["Philosopher\u0027s Stone","ChewingGum"],"picked":"SlaversCollar"}],"items_purged_floors":[20],"is_endless":false,"potions_floor_spawned":[2,3,8,10,15,16,21,22,26,27,29],"killed_by":"Gensokyo:Chomper_and_Gloop","ascension_level":0}}