{"host":"nnt34ungdh9fkcmy","time":1611688897,"event":{"mods":["BaseMod","Downfall","Minty Spire (QoL Compilation)","StSLib","SuperFastMode"],"gold_per_floor":[99,117,127,127,139,139,208,219,253,253,268,105,132,37,50,155,155,155,166,166,176,208,208,235,250,50,76,86,86,97,127,138,241,241,141,156,10,30,30,45,45,63,92,109,120,149,149,149,163,163,163,190,61,61,61,61],"floor_reached":57,"language":"ENG","playtime":3206,"items_purged":["Slimebound:Strike_Slimebound","Slimebound:Strike_Slimebound","Pain"],"score":1470,"play_id":"46d3c191-24d1-4c04-9be7-fd40199fbbf0","local_time":"20210126122137","is_ascension_mode":true,"campfire_choices":[{"data":"Slimebound:Split","floor":1,"key":"SMITH"},{"data":"Slimebound:LeadByExample","floor":6,"key":"SMITH"},{"data":"Slimebound:GoopSpray","floor":10,"key":"SMITH"},{"data":"Slimebound:Overexert","floor":18,"key":"SMITH"},{"floor":23,"key":"RECALL"},{"data":"Slimebound:Recollect","floor":26,"key":"SMITH"},{"floor":29,"key":"REST"},{"data":"Slimebound:Overexert","floor":35,"key":"SMITH"},{"data":"Slimebound:Schlurp","floor":47,"key":"SMITH"},{"data":"Slimebound:OozeBath","floor":54,"key":"SMITH"}],"circlet_count":0,"master_deck":["Slimebound:Tackle","Slimebound:Defend_Slimebound","Slimebound:Defend_Slimebound","Slimebound:Defend_Slimebound","Slimebound:Defend_Slimebound","Slimebound:Split+1","Slimebound:CorrosiveSpit","Dark Shackles","Slimebound:ItLooksTasty","Slimebound:GoopSpray+1","Slimebound:Split+1","Slimebound:LeadByExample+1","Slimebound:OozeBath+1","Slimebound:Schlurp+1","Slimebound:Gluttony","Slimebound:Recollect+1","Slimebound:MassFeed","Slimebound:Overexert+1","Slimebound:SplitLeeching","Slimebound:Recollect+1","Slimebound:LeechingTouch+1","Slimebound:GrowthPunch+1","Slimebound:Equalize","Slimebound:Overexert+1","Slimebound:SplitMire","Slimebound:Replication+1","Slimebound:Overexert+1","Slimebound:Schlurp+1","Slimebound:LeadByExample+1","Slimebound:LevelUp+1","Slimebound:TagTeam+1"],"relics":["Slimebound:AbsorbEndCombat","The Courier","Bronze Scales","Art of War","Cursed Key","Red Mask","downfall:HeartBlessingRed","downfall:HeartBlessingBlue","Meat on the Bone","PreservedInsect","expansioncontent:StudyCardRelic","downfall:HeartBlessingGreen","Dead Branch","DollysMirror","Molten Egg 2","Bag of Preparation","StrikeDummy"],"acts_visited":["Exordium","TheCity","TheBeyond","TheEnding"],"potions_floor_usage":[33,50,56,56,56],"damage_taken":[{"damage":5,"enemies":"2 Louse","floor":2,"turns":3},{"damage":5,"enemies":"Cultist","floor":3,"turns":4},{"damage":0,"enemies":"Jaw Worm","floor":5,"turns":3},{"damage":17,"enemies":"Lots of Slimes","floor":8,"turns":3},{"damage":13,"enemies":"Gremlin Nob","floor":9,"turns":4},{"damage":12,"enemies":"Gremlin Gang","floor":11,"turns":4},{"damage":0,"enemies":"downfall:FleeingMerchant","floor":12,"turns":4},{"damage":0,"enemies":"Lagavulin","floor":13,"turns":5},{"damage":0,"enemies":"downfall:FleeingMerchant","floor":14,"turns":4},{"damage":11,"enemies":"Exordium Thugs","floor":15,"turns":3},{"damage":7,"enemies":"WA_ARCHETYPE_RETAIN","floor":16,"turns":6},{"damage":6,"enemies":"Spheric Guardian","floor":19,"turns":3},{"damage":21,"enemies":"Cultist and Chosen","floor":21,"turns":6},{"damage":14,"enemies":"Masked Bandits","floor":22,"turns":4},{"damage":8,"enemies":"Shelled Parasite and Fungi","floor":25,"turns":5},{"damage":41,"enemies":"Slavers","floor":27,"turns":4},{"damage":7,"enemies":"Chosen and Byrds","floor":28,"turns":5},{"damage":15,"enemies":"Snake Plant","floor":30,"turns":3},{"damage":5,"enemies":"Book of Stabbing","floor":31,"turns":6},{"damage":18,"enemies":"3 Cultists","floor":32,"turns":5},{"damage":44,"enemies":"SI_MIRROR_ARCHETYPE","floor":33,"turns":11},{"damage":4,"enemies":"Orb Walker","floor":36,"turns":3},{"damage":7,"enemies":"downfall:FleeingMerchant","floor":37,"turns":4},{"damage":3,"enemies":"3 Shapes","floor":38,"turns":4},{"damage":10,"enemies":"Transient","floor":40,"turns":5},{"damage":0,"enemies":"Jaw Worm Horde","floor":42,"turns":4},{"damage":14,"enemies":"Nemesis","floor":43,"turns":5},{"damage":11,"enemies":"Spire Growth","floor":44,"turns":3},{"damage":0,"enemies":"Writhing Mass","floor":45,"turns":3},{"damage":0,"enemies":"Giant Head","floor":46,"turns":5},{"damage":0,"enemies":"Jaw Worm Horde","floor":49,"turns":2},{"damage":92,"enemies":"DF_ARCHETYPE_ORBS","floor":50,"turns":9},{"damage":3,"enemies":"downfall:CharBossMerchant","floor":52,"turns":5},{"damage":38,"enemies":"downfall:NeowBoss","floor":55,"turns":10},{"damage":41,"enemies":"downfall:NeowBossFinal","floor":56,"turns":5}],"seed_played":"-5940806370089362127","potions_obtained":[{"floor":2,"key":"Slimebound:SlimyTonguePotion"},{"floor":5,"key":"Slimebound:SlimyTonguePotion"},{"floor":11,"key":"sneckomod:MuddlingPotion"},{"floor":21,"key":"Slimebound:SlimedPotion"},{"floor":27,"key":"LiquidBronze"},{"floor":30,"key":"SkillPotion"},{"floor":38,"key":"sneckomod:MuddlingPotion"},{"floor":42,"key":"LiquidMemories"},{"floor":44,"key":"CultistPotion"},{"floor":52,"key":"EssenceOfSteel"}],"is_trial":false,"path_per_floor":["R","M","M","?","M","R","T","M","E","R","M","$","E","$","M","B",null,"R","M","?","M","?","R","T","M","R","E","M","R","M","E","M","B",null,"R","M","$","M","?","M","T","M","E","M","M","E","R","?","M","B",null,"E","$","R","B","B",null],"character_chosen":"SLIMEBOUND","items_purchased":["Slimebound:Gluttony","Slimebound:Recollect","Dead Branch","DollysMirror","Slimebound:TagTeam+1"],"campfire_rested":1,"item_purchase_floors":[12,12,37,37,53],"current_hp_per_floor":[65,64,62,62,65,65,65,52,45,45,39,45,53,59,55,56,68,68,64,64,49,44,44,44,47,57,31,40,67,52,55,55,39,93,93,93,90,90,90,93,93,93,88,85,91,96,96,96,96,20,96,96,96,96,58,37],"gold":61,"neow_bonus":"RANDOM_COLORLESS","is_daily":false,"chose_seed":false,"campfire_upgraded":8,"win_rate":0.0,"timestamp":1611688897,"path_taken":["R","M","M","?","M","R","T","M","E","R","M","$","E","$","M","BOSS","R","M","?","?","?","R","T","M","R","E","M","R","M","E","M","BOSS","R","M","$","M","?","M","T","M","E","?","M","E","R","?","M","BOSS","E","$","R","BOSS","BOSS"],"items_purchased_type":["Card","Card","Relic","Relic","Card"],"build_version":"2020-12-22","purchased_purges":3,"victory":true,"max_hp_per_floor":[65,65,65,65,65,65,65,65,65,65,65,65,65,65,68,68,68,68,68,68,68,71,71,71,74,84,93,93,93,93,93,93,93,93,93,93,93,93,93,93,93,93,96,96,96,96,96,96,96,96,96,96,96,96,96,96],"card_choices":[{"not_picked":["Deep Breath","Forethought"],"picked":"Dark Shackles","floor":0},{"not_picked":["Slimebound:ComboTackle","Slimebound:HauntingLick"],"picked":"Slimebound:ItLooksTasty","floor":2},{"not_picked":["Slimebound:LeechEnergy","Slimebound:GoopTackle"],"picked":"Slimebound:GoopSpray","floor":3},{"not_picked":["Slimebound:FinishingTackle","Slimebound:ComboTackle"],"picked":"Slimebound:LeadByExample","floor":5},{"not_picked":["Slimebound:SpikyOuterGoop","Slimebound:ItLooksTasty"],"picked":"Slimebound:OozeBath","floor":8},{"not_picked":["Slimebound:Prepare","Slimebound:ComboTackle","Slimebound:FormOfPuddle"],"picked":"SKIP","floor":9},{"not_picked":["Slimebound:Nibble","Slimebound:GoopSpray","Slimebound:FinishingTackle"],"picked":"SKIP","floor":11},{"not_picked":["Slimebound:ItLooksTasty","Slimebound:Grow"],"picked":"Slimebound:Schlurp","floor":12},{"not_picked":["Slimebound:SplitAcid","Slimebound:GoopTackle","Slimebound:PressTheAttack"],"picked":"SKIP","floor":13},{"not_picked":["Slimebound:ItLooksTasty","Slimebound:ComboTackle"],"picked":"Slimebound:MassFeed","floor":14},{"not_picked":["Slimebound:ItLooksTasty","Slimebound:SplitLeeching","Slimebound:SplitBruiser"],"picked":"SKIP","floor":15},{"not_picked":["Slimebound:CheckThePlaybook","Slimebound:DouseInSlime"],"picked":"Slimebound:Overexert","floor":16},{"not_picked":["Slimebound:SplitLeeching","Slimebound:ItLooksTasty","Slimebound:Prepare"],"picked":"SKIP","floor":19},{"not_picked":["Slimebound:ServeAndProtect","Slimebound:Schlurp"],"picked":"Slimebound:SplitLeeching","floor":21},{"not_picked":["Slimebound:SplitLeeching","Slimebound:Schlurp"],"picked":"Slimebound:Recollect+1","floor":22},{"not_picked":["Slimebound:HauntingLick","Slimebound:SplitLeeching","Slimebound:SplitBruiser"],"picked":"SKIP","floor":25},{"not_picked":["Slimebound:SlimeBrawl","Slimebound:Grow"],"picked":"Slimebound:LeechingTouch+1","floor":27},{"not_picked":["Slimebound:LeechingTouch","Slimebound:RollThrough","Slimebound:ComboTackle"],"picked":"SKIP","floor":28},{"not_picked":["Slimebound:SlimeBrawl","Slimebound:ItLooksTasty","Slimebound:RollThrough"],"picked":"SKIP","floor":30},{"not_picked":["Slimebound:Gluttony","Slimebound:OneTwoCombo"],"picked":"Slimebound:GrowthPunch+1","floor":31},{"not_picked":["Slimebound:RejuvenatingLick","Slimebound:GoopTackle"],"picked":"Slimebound:Equalize","floor":32},{"not_picked":["Slimebound:DuplicatedForm","Slimebound:SelfFormingGoo"],"picked":"Slimebound:Overexert","floor":33},{"not_picked":["Slimebound:HungryTackle+1","Slimebound:ComboTackle+1"],"picked":"Slimebound:SplitMire","floor":36},{"not_picked":["Slimebound:Prepare","Slimebound:PressTheAttack"],"picked":"Slimebound:Replication","floor":37},{"not_picked":["Slimebound:ItLooksTasty+1","Slimebound:HauntingLick","Slimebound:PressTheAttack"],"picked":"SKIP","floor":38},{"not_picked":["Slimebound:SplitBruiser+1","Slimebound:GoopSpray+1","Slimebound:Gluttony"],"picked":"SKIP","floor":40},{"not_picked":["Slimebound:TongueLash","Slimebound:SlimeSpikes+1","Slimebound:LivingWall+1"],"picked":"SKIP","floor":42},{"not_picked":["Slimebound:Gluttony","Slimebound:TongueLash+1","Slimebound:SplitBruiser+1"],"picked":"SKIP","floor":43},{"not_picked":["Slimebound:PressTheAttack+1","Slimebound:GoopTackle+1"],"picked":"Slimebound:Schlurp+1","floor":44},{"not_picked":["Slimebound:OneTwoCombo+1","Slimebound:Schlurp"],"picked":"Slimebound:LeadByExample+1","floor":45},{"not_picked":["Slimebound:LivingWall+1","Slimebound:Prepare"],"picked":"Slimebound:LevelUp+1","floor":46},{"not_picked":["Slimebound:PressTheAttack+1","Slimebound:LeechingTouch+1","Slimebound:SplitLeeching"],"picked":"SKIP","floor":49},{"not_picked":["Slimebound:DisruptingSlam+1","Slimebound:SplitLeeching","Slimebound:SplitAcid"],"picked":"SKIP","floor":52}],"player_experience":268490,"relics_obtained":[{"floor":7,"key":"The Courier"},{"floor":9,"key":"Bronze Scales"},{"floor":13,"key":"Art of War"},{"floor":22,"key":"Red Mask"},{"floor":27,"key":"Meat on the Bone"},{"floor":31,"key":"PreservedInsect"},{"floor":43,"key":"Molten Egg 2"},{"floor":46,"key":"Bag of Preparation"},{"floor":52,"key":"StrikeDummy"}],"event_choices":[{"damage_healed":0,"gold_gain":0,"player_choice":"Fought Bandits","damage_taken":0,"max_hp_gain":0,"max_hp_loss":0,"event_name":"Masked Bandits","floor":22,"gold_loss":0}],"is_beta":false,"boss_relics":[{"not_picked":["Tiny House","Runic Dome"],"picked":"Cursed Key"},{"not_picked":["Fusion Hammer","Coffee Dripper"],"picked":"expansioncontent:StudyCardRelic"}],"items_purged_floors":[12,14,37],"is_endless":false,"potions_floor_spawned":[2,5,11,15,21,27,30,32,38,42,43,44,49,52],"ascension_level":2}}