{"host":"2ccem01eblg14btk","time":1611655953,"event":{"mods":["BaseMod","Colored Map","Minty Spire (QoL Compilation)","Quick Restart","Replay The Spire","StSLib"],"gold_per_floor":[113,130,130,143,318,346,346,357,380,10,10,10,69,99,99,107,107],"floor_reached":16,"language":"ENG","playtime":328,"items_purged":["Doubt"],"score":187,"play_id":"9a0d7735-90bb-473e-8eaa-2dc9a6046abc","local_time":"20210126111233","is_ascension_mode":true,"campfire_choices":[{"floor":12.0,"key":"REST"},{"data":"Seeing Red","floor":15.0,"key":"SMITH"}],"circlet_count":0,"master_deck":["AscendersBane","Strike_R","Strike_R+1","Strike_R","Strike_R","Strike_R","Defend_R","Defend_R","Defend_R","Defend_R","Bash","Reaper","Shrug It Off","Clash","Fiend Fire+1","Injury","Seeing Red+1"],"relics":["Burning Blood","Bronze Scales","Strawberry","Brimstone","Replay:Bandana","Golden Idol","Whetstone"],"acts_visited":["Exordium"],"potions_floor_usage":[],"damage_taken":[{"damage":11.0,"enemies":"Jaw Worm","floor":1.0,"turns":5.0},{"damage":11.0,"enemies":"Cultist","floor":2.0,"turns":4.0},{"damage":0.0,"enemies":"2 Louse","floor":4.0,"turns":2.0},{"damage":50.0,"enemies":"Gremlin Nob","floor":6.0,"turns":5.0},{"damage":0.0,"enemies":"Lots of Slimes","floor":8.0,"turns":2.0},{"damage":45.0,"enemies":"Lagavulin","floor":13.0,"turns":3.0},{"damage":0.0,"enemies":"Large Slime","floor":14.0,"turns":4.0},{"damage":61,"enemies":"Hexaghost","floor":16,"turns":5}],"seed_played":"608132933275731844","potions_obtained":[{"floor":4.0,"key":"SteroidPotion"},{"floor":6.0,"key":"Explosive Potion"},{"floor":7.0,"key":"Fruit Juice"},{"floor":7.0,"key":"Block Potion"}],"is_trial":false,"path_per_floor":["M","M","?","M","?","E","?","M","T","$","?","R","E","M","R","B"],"character_chosen":"IRONCLAD","items_purchased":["Brimstone","Replay:Bandana"],"campfire_rested":1,"item_purchase_floors":[10,10],"current_hp_per_floor":[45,46,46,52,52,8,13,34,41,41,41,67,34,52,52,0,0],"gold":107,"neow_bonus":"THREE_RARE_CARDS","is_daily":false,"chose_seed":false,"campfire_upgraded":1,"win_rate":0.0,"timestamp":1611655953,"path_taken":["M","M","?","?","?","E","?","?","T","$","?","R","E","M","R","BOSS"],"items_purchased_type":["Relic","Relic"],"build_version":"2020-12-22","purchased_purges":1,"victory":false,"max_hp_per_floor":[75,75,75,75,75,75,80,80,87,87,87,87,87,87,87,87,87],"card_choices":[{"not_picked":["Immolate","Double Tap"],"picked":"Reaper","floor":0.0},{"not_picked":["Perfected Strike","Warcry"],"picked":"Shrug It Off","floor":1.0},{"not_picked":["ReplayTheSpireMod:Corrosion Curse","Anger"],"picked":"Clash","floor":2.0},{"not_picked":["Blood for Blood","Headbutt","Run Through"],"picked":"SKIP","floor":4.0},{"not_picked":["Heavy Blade","Abandon"],"picked":"Fiend Fire","floor":6.0},{"not_picked":["Body Slam","ReplayTheSpireMod:Corrosion Curse","Pommel Strike"],"picked":"SKIP","floor":8.0},{"not_picked":["Twin Strike","True Grit"],"picked":"Seeing Red","floor":13.0},{"not_picked":["Havoc","Clothesline","ReplayTheSpireMod:LeadingStrike"],"picked":"SKIP","floor":14.0}],"player_experience":130702,"relics_obtained":[{"floor":6.0,"key":"Bronze Scales"},{"floor":9.0,"key":"Strawberry"},{"floor":13.0,"key":"Whetstone"}],"event_choices":[{"damage_healed":0.0,"max_hp_gain":0.0,"max_hp_loss":0.0,"gold_gain":0.0,"event_name":"The Woman in Blue","player_choice":"Bought 0 Potions","floor":3.0,"gold_loss":0.0,"damage_taken":0.0},{"damage_healed":0.0,"max_hp_gain":0.0,"max_hp_loss":0.0,"gold_gain":175.0,"event_name":"Liars Game","player_choice":"AGREE","floor":5.0,"gold_loss":0.0,"damage_taken":0.0,"cards_obtained":["Doubt"]},{"damage_healed":0.0,"max_hp_gain":0.0,"max_hp_loss":0.0,"gold_gain":0.0,"event_name":"Lab","player_choice":"Got Potions","floor":7.0,"gold_loss":0.0,"damage_taken":0.0},{"damage_healed":0.0,"max_hp_gain":0.0,"max_hp_loss":0.0,"gold_gain":0.0,"event_name":"Golden Idol","player_choice":"Take Wound","floor":11.0,"gold_loss":0.0,"damage_taken":0.0,"relics_obtained":["Golden Idol"],"cards_obtained":["Injury"]}],"is_beta":false,"boss_relics":[],"items_purged_floors":[10],"is_endless":false,"potions_floor_spawned":[4,6],"killed_by":"Hexaghost","ascension_level":14}}