{"host":"Lars","time":1611703411,"event":{"mods":["AchievementEnabler","BaseMod","Colored Map","Colored Powertips","Minty Spire (QoL Compilation)","egg","everything is the same but u backflip on backflip"],"gold_per_floor":[109,109,109,124,124,158,158,6,29,29,53,95,95,107,107,221,221,236,258,8,8,18,45,45,60,60,77,119,119,147,147,147,259,309,328,350,350,350],"floor_reached":37,"language":"ENG","playtime":1940,"items_purged":[],"score":419,"play_id":"324633a6-6b31-40af-b92f-f126a1f7a911","local_time":"20210127002331","is_ascension_mode":false,"campfire_choices":[{"data":"Doom and Gloom","floor":7,"key":"SMITH"},{"data":"Streamline","floor":13,"key":"SMITH"},{"data":"Fusion","floor":15,"key":"SMITH"},{"data":"Storm","floor":24,"key":"SMITH"},{"floor":29,"key":"REST"},{"floor":32,"key":"REST"}],"circlet_count":0,"master_deck":["Dualcast","Cold Snap+1","Hologram+1","Storm+1","Stack","Self Repair","Stack","Skim+1","Streamline+1","Doom and Gloom+1","Leap+1","Regret","Conserve Battery+1","Coolheaded","Fusion+1","Electrodynamics","Sweeping Beam+1","Sunder+1","Hologram+1","Echo Form","Coolheaded+1"],"relics":["Pandora\u0027s Box","Prayer Wheel","Omamori","War Paint","CeramicFish","TungstenRod","Busted Crown","Bottled Tornado","Nilry\u0027s Codex","Whetstone","Peace Pipe","Shuriken","Blue Candle","Tiny House"],"acts_visited":["Exordium","TheCity","TheBeyond"],"potions_floor_usage":[22,23,28,28,33,37,37],"damage_taken":[{"damage":9,"enemies":"Jaw Worm","floor":1,"turns":3},{"damage":11,"enemies":"Small Slimes","floor":4,"turns":3},{"damage":23,"enemies":"3 Sentries","floor":6,"turns":7},{"damage":3,"enemies":"Cultist","floor":11,"turns":4},{"damage":17,"enemies":"Lagavulin","floor":12,"turns":6},{"damage":2,"enemies":"Large Slime","floor":14,"turns":4},{"damage":32,"enemies":"The Guardian","floor":16,"turns":11},{"damage":0,"enemies":"3 Byrds","floor":18,"turns":3},{"damage":7,"enemies":"Spheric Guardian","floor":19,"turns":4},{"damage":15,"enemies":"Centurion and Healer","floor":22,"turns":4},{"damage":47,"enemies":"Slavers","floor":23,"turns":3},{"damage":16,"enemies":"Chosen and Byrds","floor":25,"turns":5},{"damage":1,"enemies":"Snecko","floor":27,"turns":3},{"damage":15,"enemies":"Book of Stabbing","floor":28,"turns":7},{"damage":18,"enemies":"Snake Plant","floor":30,"turns":5},{"damage":33,"enemies":"Automaton","floor":33,"turns":10},{"damage":12,"enemies":"Orb Walker","floor":35,"turns":3},{"damage":15,"enemies":"3 Darklings","floor":36,"turns":4},{"damage":78,"enemies":"2 Orb Walkers","floor":37,"turns":4}],"seed_played":"-4036475329434224602","potions_obtained":[{"floor":1,"key":"Swift Potion"},{"floor":6,"key":"Regen Potion"},{"floor":11,"key":"BlessingOfTheForge"},{"floor":12,"key":"Dexterity Potion"},{"floor":19,"key":"Energy Potion"},{"floor":23,"key":"SteroidPotion"},{"floor":25,"key":"PotionOfCapacity"},{"floor":30,"key":"BlessingOfTheForge"},{"floor":34,"key":"GamblersBrew"},{"floor":35,"key":"LiquidBronze"}],"is_trial":false,"path_per_floor":["M","?","?","M","?","E","R","$","T","$","M","E","R","M","R","B",null,"M","M","$","?","M","E","R","M","T","M","E","R","M","T","R","B",null,"M","M","?"],"character_chosen":"DEFECT","items_purchased":["War Paint","Bottled Tornado"],"campfire_rested":2,"item_purchase_floors":[8,20],"current_hp_per_floor":[73,66,66,62,62,46,46,46,46,46,50,40,40,45,45,20,75,75,75,75,63,55,20,20,11,11,17,9,31,20,20,42,16,80,68,60,0,0],"gold":350,"neow_bonus":"BOSS_RELIC","is_daily":false,"chose_seed":false,"campfire_upgraded":4,"win_rate":0.0,"timestamp":1611703411,"path_taken":["M","?","?","?","?","E","R","$","T","?","M","E","R","?","R","BOSS","M","M","$","?","M","E","R","M","T","M","E","R","M","?","R","BOSS","M","M","?"],"items_purchased_type":["Relic","Relic"],"build_version":"2020-12-18","purchased_purges":0,"victory":false,"max_hp_per_floor":[75,75,75,75,75,75,75,75,75,75,75,75,75,75,75,75,75,75,75,75,75,75,75,75,75,75,75,75,75,75,75,75,75,80,80,80,80,80],"card_choices":[{"not_picked":["Chaos","Glacier"],"picked":"Doom and Gloom","floor":1},{"not_picked":["Streamline","Doom and Gloom"],"picked":"Leap","floor":4},{"not_picked":["Compile Driver","Darkness"],"picked":"Conserve Battery","floor":6},{"not_picked":["Stack","Steam"],"picked":"Coolheaded","floor":11},{"not_picked":["Scrape","Conserve Battery","Storm"],"picked":"SKIP","floor":11},{"not_picked":["Rebound","Lockon"],"picked":"Fusion","floor":12},{"not_picked":["Conserve Battery","Barrage","Coolheaded"],"picked":"SKIP","floor":14},{"not_picked":["Steam Power","Blizzard","Gash"],"picked":"SKIP","floor":14},{"not_picked":["Buffer","Seek"],"picked":"Electrodynamics","floor":16},{"not_picked":["Glacier"],"picked":"SKIP","floor":18},{"not_picked":["Force Field"],"picked":"SKIP","floor":18},{"not_picked":[],"picked":"Sweeping Beam+1","floor":19},{"not_picked":["Genetic Algorithm"],"picked":"SKIP","floor":19},{"not_picked":["Cold Snap"],"picked":"SKIP","floor":22},{"not_picked":["Stack"],"picked":"SKIP","floor":22},{"not_picked":["Reprogram+1"],"picked":"SKIP","floor":23},{"not_picked":["Turbo"],"picked":"SKIP","floor":25},{"not_picked":["Sweeping Beam"],"picked":"SKIP","floor":25},{"not_picked":["Leap"],"picked":"SKIP","floor":27},{"not_picked":["Compile Driver"],"picked":"SKIP","floor":27},{"not_picked":[],"picked":"Sunder+1","floor":28},{"not_picked":[],"picked":"Hologram+1","floor":30},{"not_picked":["Redo"],"picked":"SKIP","floor":30},{"not_picked":[],"picked":"Echo Form","floor":33},{"not_picked":["Barrage"],"picked":"SKIP","floor":35},{"not_picked":["Chaos"],"picked":"SKIP","floor":35},{"not_picked":[],"picked":"Coolheaded+1","floor":36},{"not_picked":["Conserve Battery+1"],"picked":"SKIP","floor":36}],"player_experience":738195,"relics_obtained":[{"floor":6,"key":"Omamori"},{"floor":9,"key":"CeramicFish"},{"floor":12,"key":"TungstenRod"},{"floor":21,"key":"Nilry\u0027s Codex"},{"floor":23,"key":"Whetstone"},{"floor":26,"key":"Peace Pipe"},{"floor":28,"key":"Shuriken"},{"floor":31,"key":"Blue Candle"}],"event_choices":[{"cards_removed":["Zap"],"damage_healed":0,"gold_gain":0,"player_choice":"Card Removal","damage_taken":7,"max_hp_gain":0,"max_hp_loss":0,"event_name":"Golden Wing","floor":2,"gold_loss":0},{"damage_healed":0,"gold_gain":0,"player_choice":"Grow","damage_taken":0,"max_hp_gain":0,"max_hp_loss":0,"event_name":"Living Wall","floor":3,"gold_loss":0,"cards_upgraded":["Hologram"]},{"damage_healed":0,"gold_gain":0,"player_choice":"Box","damage_taken":0,"relics_obtained":["Prayer Wheel"],"max_hp_gain":0,"max_hp_loss":0,"event_name":"Big Fish","floor":5,"gold_loss":0,"cards_obtained":["Regret"]},{"damage_healed":0,"gold_gain":0,"player_choice":"Obtained Book","damage_taken":16,"max_hp_gain":0,"max_hp_loss":0,"event_name":"Cursed Tome","floor":21,"gold_loss":0},{"damage_healed":0,"gold_gain":0,"player_choice":"Fight","damage_taken":0,"max_hp_gain":0,"max_hp_loss":0,"event_name":"Mysterious Sphere","floor":37,"gold_loss":0}],"is_beta":true,"boss_relics":[{"not_picked":["Fusion Hammer","SlaversCollar"],"picked":"Busted Crown"},{"not_picked":["Runic Dome","Runic Pyramid"],"picked":"Tiny House"}],"items_purged_floors":[],"is_endless":false,"potions_floor_spawned":[1,6,11,12,19,23,25,30,35,36],"killed_by":"2 Orb Walkers","ascension_level":0}}