{"host":"9slw7l0ws16384qq","time":1611692940,"event":{"mods":["A Penny For Your Troubles","BaseMod","Clockwork Mod","Colored Map","Evolution","Hermit","Hubris","Minty Spire (QoL Compilation)","Railgun Mod","Replay The Spire","Shedinja","StS++","StSLib","The Dragon Tamer","The Marked"],"gold_per_floor":[117,133,133,153,10,25,25,25,25,25,25,37,53,64,64,167,167,181,181,181,195,95,95,105,105,105,122,139,150,162,181,181,282,282,297,347,347,363,383,383,409,409,409,409,409,101,101,115,115,116],"floor_reached":51,"language":"FRA","playtime":2829,"items_purged":["hermit:Defend_Hermit","hermit:Defend_Hermit","hermit:TrackingShot","hermit:TrackingShot","hermit:TrackingShot","hermit:Covet"],"score":648,"play_id":"7a44b636-8914-4e55-8c05-0917d965475c","local_time":"20210126212900","is_ascension_mode":false,"campfire_choices":[{"data":"hermit:Roughhouse","floor":8.0,"key":"SMITH"},{"data":"hermit:TakeAim","floor":11.0,"key":"SMITH"},{"data":"hermit:TrackingShot","floor":15.0,"key":"PURGE"},{"data":"hermit:Feint","floor":23.0,"key":"SMITH"},{"floor":25.0,"key":"REST"},{"floor":32.0,"key":"DIG"},{"data":"hermit:Adapt","floor":40.0,"key":"SMITH"},{"floor":42.0,"key":"REST"},{"data":"hermit:Coalescence","floor":47.0,"key":"SMITH"},{"floor":49.0,"key":"REST"}],"circlet_count":0,"master_deck":["hermit:Feint+1","hermit:Feint","hermit:Snapshot+1","hermit:Roughhouse+1","hermit:TakeAim+1","hermit:GoldenBullet+1","hermit:Adapt+1","Shedinja:SafetyGoggles","hermit:Coalescence+1","Master of Strategy"],"relics":["hermit:Momento","EVO:Axolotl","Chemical X","Shuriken","ReplayTheSpireMod:Lightbulb","StSpp:Magatama","Iron Hammer","hubris:Backtick","hubris:DisguiseKit","Replay:Kaleidoscope","StSpp:PetrifiedCaterpillar","Pocketwatch","Pear"],"acts_visited":["Exordium","TheCity","TheBeyond"],"potions_floor_usage":[50,50,50],"damage_taken":[{"damage":0.0,"enemies":"Cultist","floor":1.0,"turns":3.0},{"damage":0.0,"enemies":"Jaw Worm","floor":2.0,"turns":3.0},{"damage":5.0,"enemies":"2 Louse","floor":4.0,"turns":3.0},{"damage":3.0,"enemies":"Exordium Thugs","floor":6.0,"turns":5.0},{"damage":5.0,"enemies":"2 Fungi Beasts","floor":12.0,"turns":2.0},{"damage":5.0,"enemies":"Blue Slaver","floor":13.0,"turns":3.0},{"damage":0.0,"enemies":"3 Louse","floor":14.0,"turns":3.0},{"damage":2.0,"enemies":"The Guardian","floor":16.0,"turns":7.0},{"damage":8.0,"enemies":"3 Byrds","floor":18.0,"turns":6.0},{"damage":13.0,"enemies":"2 Thieves","floor":21.0,"turns":4.0},{"damage":5.0,"enemies":"Centurion and Healer","floor":24.0,"turns":6.0},{"damage":4.0,"enemies":"Snake Plant","floor":27.0,"turns":4.0},{"damage":3.0,"enemies":"Cultist and Chosen","floor":28.0,"turns":6.0},{"damage":8.0,"enemies":"Sentry and Sphere","floor":29.0,"turns":7.0},{"damage":8.0,"enemies":"Chosen and Byrds","floor":30.0,"turns":6.0},{"damage":0.0,"enemies":"Centurion and Healer","floor":31.0,"turns":5.0},{"damage":31.0,"enemies":"Collector","floor":33.0,"turns":11.0},{"damage":1.0,"enemies":"3 Darklings","floor":35.0,"turns":7.0},{"damage":0.0,"enemies":"Mind Bloom Boss Battle","floor":36.0,"turns":7.0},{"damage":13.0,"enemies":"Orb Walker","floor":38.0,"turns":4.0},{"damage":29.0,"enemies":"Jaw Worm Horde","floor":39.0,"turns":6.0},{"damage":3.0,"enemies":"R_Hoarder","floor":41.0,"turns":8.0},{"damage":29.0,"enemies":"Transient","floor":48.0,"turns":5.0},{"damage":38,"enemies":"hubris:GrandSnecko","floor":50,"turns":17}],"seed_played":"1096074664757682545","potions_obtained":[{"floor":2.0,"key":"Fire Potion"},{"floor":6.0,"key":"Ancient Potion"},{"floor":12.0,"key":"StSpp:ScatteredWeakPotion"},{"floor":14.0,"key":"SteroidPotion"},{"floor":36.0,"key":"Dexterity Potion"}],"is_trial":false,"path_per_floor":["M","M","$","M","$","M","$","R","T","?","R","M","M","M","R_BF","B",null,"M","?","?","M","$","R","M","R","T","M","M","M","M","M","R_BF","B",null,"M","?","$","M","M","R","E","R","T","T","?","$","R","M","R","B",null],"character_chosen":"HERMIT","items_purchased":["Chemical X","hermit:TakeAim","Master of Strategy"],"campfire_rested":3,"item_purchase_floors":[3,5,46],"current_hp_per_floor":[68,68,37,32,32,29,29,29,29,29,29,24,19,19,19,17,68,60,60,60,47,47,47,42,62,62,58,55,47,39,39,39,8,68,67,67,67,54,25,25,22,42,42,52,52,52,52,23,46,8],"gold":116,"neow_bonus":"THREE_RARE_CARDS","is_daily":false,"chose_seed":false,"campfire_upgraded":5,"win_rate":0.0,"timestamp":1611692940,"path_taken":["M","M","?","?","?","?","$","R","T","?","R","M","M","M","R_BF","BOSS","M","?","?","M","$","R","M","R","T","M","M","M","M","M","R_BF","BOSS","M","?","$","M","M","R","E","R","T","?","?","?","R","M","R","BOSS"],"items_purchased_type":["Relic","Card","Card"],"build_version":"2020-12-22","purchased_purges":6,"victory":true,"max_hp_per_floor":[68,68,68,68,68,68,68,68,68,68,68,68,68,68,68,68,68,68,68,68,68,68,68,68,68,68,68,68,68,68,68,68,68,68,68,68,68,68,68,68,68,68,68,78,78,78,78,78,78,78],"card_choices":[{"not_picked":["hermit:OverwhelmingPower","hermit:HeroicBravado"],"picked":"hermit:Roughhouse","floor":0.0},{"not_picked":["hermit:TrackingShot","hermit:LoneWolf","hermit:Showdown"],"picked":"SKIP","floor":1.0},{"not_picked":["hermit:TrackingShot","hermit:LoneWolf","hermit:Showdown"],"picked":"SKIP","floor":1.0},{"not_picked":["hermit:Virtue","hermit:ItchyTrigger","hermit:Dive"],"picked":"SKIP","floor":2.0},{"not_picked":["hermit:Malice","hermit:LowProfile","hermit:Manifest"],"picked":"SKIP","floor":4.0},{"not_picked":["hermit:TakeCover","hermit:Coalescence","hermit:FlashPowder"],"picked":"SKIP","floor":6.0},{"not_picked":["hermit:Shortfuse","hermit:Coalescence","hermit:Vantage"],"picked":"SKIP","floor":12.0},{"not_picked":["hermit:Ricochet","hermit:EyeOfTheStorm","hermit:Reprieve"],"picked":"SKIP","floor":13.0},{"not_picked":["hermit:PistolWhip","hermit:ShadowCloak","hermit:Manifest"],"picked":"SKIP","floor":14.0},{"not_picked":["hermit:WideOpen","hermit:TrackingShot","hermit:LowProfile"],"picked":"SKIP","floor":18.0},{"not_picked":["hermit:SprayPray","hermit:TakeAim","hermit:CursedWeapon"],"picked":"SKIP","floor":21.0},{"not_picked":["hermit:Feint","hermit:WideOpen","hermit:Ricochet"],"picked":"SKIP","floor":24.0},{"not_picked":["hermit:Gestalt","hermit:EyeOfTheStorm"],"picked":"hermit:GoldenBullet+1","floor":27.0},{"not_picked":["hermit:Deadeye","hermit:Manifest+1","hermit:Horror"],"picked":"SKIP","floor":28.0},{"not_picked":["hermit:Shortfuse","hermit:HighCaliber","hermit:HoleUp"],"picked":"SKIP","floor":29.0},{"not_picked":["hermit:CalledShot","hermit:LowProfile","hermit:ItchyTrigger"],"picked":"SKIP","floor":30.0},{"not_picked":["hermit:TakeCover+1","hermit:BlackWind","hermit:CursedWeapon+1"],"picked":"SKIP","floor":31.0},{"not_picked":["hermit:FatalDesire","hermit:Dissolve"],"picked":"hermit:Adapt","floor":33.0},{"not_picked":["hermit:Misfire","hermit:FullyLoaded","hermit:Snipe+1","Shedinja:PowerBelt"],"picked":"SKIP","floor":35.0},{"not_picked":["hermit:Headshot+1","hermit:Malice","hermit:Coalescence"],"picked":"Shedinja:SafetyGoggles","floor":36.0},{"not_picked":["hermit:Roulette","hermit:Deadeye+1","hermit:LuckOfTheDraw+1","Shedinja:ShadowBall"],"picked":"SKIP","floor":38.0},{"not_picked":["hermit:Shortfuse+1","hermit:Roulette","Shedinja:FurySwipes"],"picked":"hermit:Coalescence","floor":39.0},{"not_picked":["hermit:FullyLoaded","hermit:Feint","hermit:Coalescence","Shedinja:StringShot"],"picked":"SKIP","floor":41.0},{"not_picked":["hermit:Quickdraw+1","hermit:Scavenge","hermit:DeadMansHand+1","Shedinja:Mimic"],"picked":"SKIP","floor":48.0}],"player_experience":1973006,"relics_obtained":[{"floor":9.0,"key":"Shuriken"},{"floor":32.0,"key":"Iron Hammer"},{"floor":36.0,"key":"Replay:Kaleidoscope"},{"floor":41.0,"key":"StSpp:PetrifiedCaterpillar"},{"floor":43.0,"key":"Pocketwatch"},{"floor":44.0,"key":"Pear"}],"event_choices":[{"damage_healed":0.0,"max_hp_gain":0.0,"max_hp_loss":0.0,"gold_gain":0.0,"event_name":"MindBloom","player_choice":"Fight","floor":36.0,"gold_loss":0.0,"damage_taken":0.0},{"damage_healed":0.0,"max_hp_gain":0.0,"max_hp_loss":0.0,"gold_gain":0.0,"event_name":"Mysterious Sphere","player_choice":"Ignored","floor":45.0,"gold_loss":0.0,"damage_taken":0.0}],"is_beta":false,"boss_relics":[{"not_picked":["Black Star","Runic Pyramid"],"picked":"StSpp:Magatama"},{"not_picked":["hubris:Stopwatch","SacredBark"],"picked":"hubris:Backtick"}],"items_purged_floors":[3,3,3,5,22,46],"is_endless":false,"potions_floor_spawned":[2,6,12,14,27,29,30,31,33,36,39,48],"ascension_level":0}}