{"host":"qekv59dthhdg54sz","time":1611661738,"event":{"mods":["AchievementEnabler","BaseMod","Colored Map","DeckTracker","KOR Keyword Fix","Minty Spire (QoL Compilation)","Rare Cards Sparkle","StSLib","SuperFastMode"],"gold_per_floor":[119,119,44,44,44,79,43,62,62,78,110,120,120,139,139,214,214,231,231,146,67,67,92,92,124,150,170,170,181,181,26,26,100,100,111,124,124,134,55,55,55],"floor_reached":40,"language":"KOR","playtime":948,"items_purged":["Strike_R"],"score":754,"play_id":"235c8c91-478d-4a83-9131-d9c5fc6aa541","local_time":"20210126204858","is_ascension_mode":true,"campfire_choices":[{"data":"Fire Breathing","floor":15.0,"key":"SMITH"},{"data":"Rampage","floor":24.0,"key":"SMITH"},{"data":"Evolve","floor":28.0,"key":"SMITH"},{"data":"Second Wind","floor":30.0,"key":"SMITH"},{"floor":32.0,"key":"REST"}],"circlet_count":0,"master_deck":["AscendersBane","Strike_R","Strike_R+1","Strike_R","Defend_R","Defend_R","Defend_R","Defend_R","Bash+1","Headbutt","Rampage+1","Fire Breathing+1","True Grit","Second Wind+1","Reckless Charge","Inflame","Evolve+1","Feel No Pain+1","Shrug It Off","Rampage+1","Power Through"],"relics":["Burning Blood","NeowsBlessing","Mercury Hourglass","HornCleat","Pocketwatch","Sozu","Singing Bowl","Bird Faced Urn","Frozen Egg 2","Orichalcum","TheAbacus","Black Star"],"acts_visited":["Exordium","TheCity","TheBeyond"],"potions_floor_usage":[],"damage_taken":[{"damage":0.0,"enemies":"Jaw Worm","floor":1.0,"turns":1.0},{"damage":0.0,"enemies":"3 Sentries","floor":6.0,"turns":1.0},{"damage":0.0,"enemies":"Small Slimes","floor":8.0,"turns":1.0},{"damage":0.0,"enemies":"2 Louse","floor":10.0,"turns":2.0},{"damage":24.0,"enemies":"Gremlin Nob","floor":11.0,"turns":4.0},{"damage":0.0,"enemies":"Exordium Wildlife","floor":12.0,"turns":3.0},{"damage":0.0,"enemies":"Large Slime","floor":14.0,"turns":3.0},{"damage":12.0,"enemies":"Slime Boss","floor":16.0,"turns":5.0},{"damage":0.0,"enemies":"Spheric Guardian","floor":18.0,"turns":3.0},{"damage":31.0,"enemies":"Book of Stabbing","floor":23.0,"turns":5.0},{"damage":51.0,"enemies":"Slavers","floor":25.0,"turns":4.0},{"damage":5.0,"enemies":"Chosen","floor":27.0,"turns":4.0},{"damage":18.0,"enemies":"Centurion and Healer","floor":29.0,"turns":5.0},{"damage":24.0,"enemies":"Champ","floor":33.0,"turns":8.0},{"damage":10.0,"enemies":"Orb Walker","floor":35.0,"turns":3.0},{"damage":11.0,"enemies":"3 Darklings","floor":36.0,"turns":5.0},{"damage":11.0,"enemies":"Maw","floor":38.0,"turns":7.0},{"damage":88,"enemies":"Giant Head","floor":40,"turns":8}],"seed_played":"1312913841655191447","potions_obtained":[{"floor":8.0,"key":"BloodPotion"},{"floor":10.0,"key":"Weak Potion"}],"is_trial":false,"path_per_floor":["M","?","$","?","$","E","$","M","T","M","E","M","?","M","R","B",null,"M","?","?","$","?","E","R","E","T","M","R","M","R","$","R","B",null,"M","M","?","M","$","E"],"character_chosen":"IRONCLAD","items_purchased":["Fire Breathing","Evolve","TheAbacus","Power Through"],"campfire_rested":1,"item_purchase_floors":[7,21,31,39],"current_hp_per_floor":[78,78,78,78,78,80,80,80,80,80,62,68,52,58,58,52,73,79,79,79,79,79,56,56,31,31,42,42,40,40,40,65,57,80,78,83,83,80,80,0,0],"gold":55,"neow_bonus":"THREE_ENEMY_KILL","is_daily":false,"chose_seed":false,"campfire_upgraded":4,"win_rate":0.0,"timestamp":1611661738,"path_taken":["M","?","?","?","$","E","$","M","T","M","E","M","?","M","R","BOSS","M","?","?","$","?","E","R","E","T","M","R","?","R","$","R","BOSS","M","M","?","M","$","E"],"items_purchased_type":["Card","Card","Relic","Card"],"build_version":"2020-12-22","purchased_purges":1,"victory":false,"max_hp_per_floor":[80,80,80,80,80,80,80,80,80,80,80,80,80,80,80,80,80,80,80,80,80,80,82,82,82,82,84,84,86,86,86,86,88,88,88,90,85,85,85,85,85],"card_choices":[{"not_picked":["Body Slam","Wild Strike"],"picked":"Headbutt","floor":1.0},{"not_picked":["True Grit","Clothesline"],"picked":"Rampage","floor":6.0},{"not_picked":["Rupture","Twin Strike"],"picked":"True Grit","floor":8.0},{"not_picked":["Clash","Wild Strike","Clothesline"],"picked":"SKIP","floor":10.0},{"not_picked":["Entrench","Juggernaut"],"picked":"Second Wind","floor":11.0},{"not_picked":["Sword Boomerang","True Grit"],"picked":"Reckless Charge","floor":12.0},{"not_picked":["Disarm","Entrench","Seeing Red"],"picked":"SKIP","floor":14.0},{"not_picked":["Battle Trance","Clash"],"picked":"Inflame","floor":18.0},{"not_picked":["Sentinel","Carnage","Burning Pact+1"],"picked":"Singing Bowl","floor":23.0},{"not_picked":["Thunderclap","Sever Soul"],"picked":"Feel No Pain+1","floor":25.0},{"not_picked":["Sword Boomerang","Iron Wave","Havoc+1"],"picked":"Singing Bowl","floor":27.0},{"not_picked":["Uppercut","Dark Embrace+1","Combust+1"],"picked":"Singing Bowl","floor":29.0},{"not_picked":["Fiend Fire","Corruption+1","Brutality+1"],"picked":"Singing Bowl","floor":33.0},{"not_picked":["Cleave+1","Blood for Blood"],"picked":"Shrug It Off","floor":35.0},{"not_picked":["Sentinel","Body Slam","Bloodletting"],"picked":"Singing Bowl","floor":36.0},{"not_picked":["Iron Wave","Flex"],"picked":"Rampage+1","floor":38.0}],"player_experience":851201,"relics_obtained":[{"floor":6.0,"key":"Mercury Hourglass"},{"floor":9.0,"key":"HornCleat"},{"floor":11.0,"key":"Pocketwatch"},{"floor":23.0,"key":"Bird Faced Urn"},{"floor":25.0,"key":"Frozen Egg 2"},{"floor":26.0,"key":"Orichalcum"}],"event_choices":[{"cards_removed":["Strike_R"],"damage_healed":0.0,"max_hp_gain":0.0,"max_hp_loss":0.0,"gold_gain":0.0,"event_name":"Living Wall","player_choice":"Forget","floor":2.0,"gold_loss":0.0,"damage_taken":0.0},{"damage_healed":0.0,"max_hp_gain":0.0,"max_hp_loss":0.0,"gold_gain":0.0,"event_name":"Liars Game","player_choice":"Ignored","floor":4.0,"gold_loss":0.0,"damage_taken":0.0},{"damage_healed":0.0,"max_hp_gain":0.0,"max_hp_loss":0.0,"gold_gain":0.0,"event_name":"Shining Light","player_choice":"Entered Light","floor":13.0,"gold_loss":0.0,"damage_taken":16.0,"cards_upgraded":["Strike_R","Bash"]},{"damage_healed":0.0,"max_hp_gain":0.0,"max_hp_loss":0.0,"gold_gain":0.0,"event_name":"Vampires","player_choice":"Ignored","floor":19.0,"gold_loss":0.0,"damage_taken":0.0},{"damage_healed":0.0,"max_hp_gain":0.0,"max_hp_loss":0.0,"gold_gain":0.0,"event_name":"Addict","player_choice":"Obtained Relic","floor":20.0,"gold_loss":85.0,"damage_taken":0.0,"relics_obtained":["Singing Bowl"]},{"damage_healed":0.0,"max_hp_gain":0.0,"max_hp_loss":0.0,"gold_gain":0.0,"event_name":"Lab","player_choice":"Got Potions","floor":22.0,"gold_loss":0.0,"damage_taken":0.0},{"damage_healed":0.0,"max_hp_gain":0.0,"max_hp_loss":5.0,"gold_gain":0.0,"event_name":"Winding Halls","player_choice":"Max HP","floor":37.0,"gold_loss":0.0,"damage_taken":0.0}],"is_beta":false,"boss_relics":[{"not_picked":["Snecko Eye","Runic Dome"],"picked":"Sozu"},{"not_picked":["Runic Pyramid","Pandora\u0027s Box"],"picked":"Black Star"}],"items_purged_floors":[3],"is_endless":false,"potions_floor_spawned":[8,10,11,18,23,25,35,38],"killed_by":"Giant Head","ascension_level":13}}