{"host":"i2s4iw62z1dejrqn","time":1611661056,"event":{"mods":["AchievementEnabler","BaseMod","Minty Spire (QoL Compilation)","Random Character Button","SuperFastMode"],"gold_per_floor":[115,65,75,129,129,129,172,185,185,360,403,403,22,22,22,142,142,158,2,2,202,217,256,256,60,113,133,172,192,207,246,246,366,366,379,379,254,254,34,70,70,89,89,129,0,66,85,418,418,418,418,418,90,123,123],"floor_reached":56,"language":"KOR","playtime":5535,"items_purged":["Strike_B","Strike_B","Defend_B","Conserve Battery","Heatsinks"],"score":1806,"play_id":"9543c2ab-c2d2-4922-bbcc-c7f0bdfd5640","local_time":"20210126203736","is_ascension_mode":true,"campfire_choices":[{"data":"Dualcast","floor":6.0,"key":"SMITH"},{"data":"Consume","floor":12.0,"key":"SMITH"},{"data":"Zap","floor":15.0,"key":"SMITH"},{"data":"Fission","floor":24.0,"key":"SMITH"},{"data":"Echo Form","floor":32.0,"key":"SMITH"},{"data":"Secret Technique","floor":41.0,"key":"SMITH"},{"floor":49.0,"key":"RECALL"},{"data":"Enlightenment","floor":52.0,"key":"SMITH"}],"circlet_count":0,"master_deck":["Zap+1","Dualcast+1","Lockon","Coolheaded","Glacier","Consume+1","Fission+1","Meteor Strike","Chaos+1","Enlightenment+1","Go for the Eyes+1","Self Repair+1","Echo Form+1","Recycle+1","Core Surge","Hologram+1","Secret Technique+1","Capacitor","Beam Cell+1","Rebound+1","All For One"],"relics":["Cracked Core","NeowsBlessing","Toy Ornithopter","Ice Cream","Gremlin Horn","Boot","TungstenRod","Spirit Poop","Runic Pyramid","Bag of Preparation","Dream Catcher","CaptainsWheel","Art of War","Empty Cage","Torii","Sundial","Toxic Egg 2","Red Mask","Bird Faced Urn","StoneCalendar"],"acts_visited":["Exordium","TheCity","TheBeyond","TheEnding"],"potions_floor_usage":[55,55],"damage_taken":[{"damage":0.0,"enemies":"Small Slimes","floor":1.0,"turns":1.0},{"damage":0.0,"enemies":"Jaw Worm","floor":3.0,"turns":1.0},{"damage":0.0,"enemies":"Gremlin Nob","floor":7.0,"turns":1.0},{"damage":0.0,"enemies":"2 Louse","floor":8.0,"turns":2.0},{"damage":13.0,"enemies":"3 Sentries","floor":11.0,"turns":9.0},{"damage":0.0,"enemies":"Slime Boss","floor":16.0,"turns":10.0},{"damage":10.0,"enemies":"2 Thieves","floor":18.0,"turns":4.0},{"damage":13.0,"enemies":"3 Byrds","floor":22.0,"turns":5.0},{"damage":17.0,"enemies":"Slavers","floor":23.0,"turns":4.0},{"damage":7.0,"enemies":"Snecko","floor":27.0,"turns":4.0},{"damage":0.0,"enemies":"Gremlin Leader","floor":28.0,"turns":6.0},{"damage":0.0,"enemies":"Centurion and Healer","floor":29.0,"turns":8.0},{"damage":0.0,"enemies":"3 Cultists","floor":30.0,"turns":5.0},{"damage":48.0,"enemies":"Slavers","floor":31.0,"turns":8.0},{"damage":5.0,"enemies":"Collector","floor":33.0,"turns":8.0},{"damage":9.0,"enemies":"3 Shapes","floor":35.0,"turns":4.0},{"damage":23.0,"enemies":"Reptomancer","floor":40.0,"turns":6.0},{"damage":5.0,"enemies":"Orb Walker","floor":42.0,"turns":4.0},{"damage":18.0,"enemies":"Nemesis","floor":44.0,"turns":7.0},{"damage":6.0,"enemies":"2 Orb Walkers","floor":46.0,"turns":5.0},{"damage":5.0,"enemies":"Sphere and 2 Shapes","floor":47.0,"turns":5.0},{"damage":11.0,"enemies":"Donu and Deca","floor":50.0,"turns":12.0},{"damage":5.0,"enemies":"Shield and Spear","floor":54.0,"turns":6.0},{"damage":43,"enemies":"The Heart","floor":55,"turns":11}],"seed_played":"8354690518299919088","potions_obtained":[{"floor":1.0,"key":"Ancient Potion"},{"floor":3.0,"key":"Fruit Juice"},{"floor":8.0,"key":"SpeedPotion"},{"floor":16.0,"key":"Energy Potion"},{"floor":22.0,"key":"AttackPotion"},{"floor":27.0,"key":"SkillPotion"},{"floor":28.0,"key":"ColorlessPotion"},{"floor":30.0,"key":"Strength Potion"},{"floor":42.0,"key":"SneckoOil"},{"floor":46.0,"key":"SkillPotion"}],"is_trial":false,"path_per_floor":["M","?","M","T","?","R","E","M","T","?","E","R","$","?","R","B",null,"M","$","?","?","M","E","R","$","T","M","E","M","M","E","R","B",null,"M","?","$","?","$","E","R","M","T","E","?","?","M","?","R","B",null,"R","$","E","B",null],"character_chosen":"DEFECT","items_purchased":["TungstenRod","Bag of Preparation","Enlightenment","Capacitor","FocusPotion","SneckoOil"],"campfire_rested":0,"item_purchase_floors":[13,19,25,39,53,53],"current_hp_per_floor":[68,68,73,73,53,53,53,53,53,53,40,40,40,40,40,45,71,66,66,66,66,53,46,46,46,46,39,44,54,64,41,41,56,74,80,76,76,76,76,73,73,76,76,76,76,76,76,76,76,76,76,76,76,76,45],"gold":123,"neow_bonus":"THREE_ENEMY_KILL","is_daily":false,"chose_seed":false,"campfire_upgraded":7,"win_rate":0.0,"timestamp":1611661056,"path_taken":["M","?","M","?","?","R","E","M","T","?","E","R","$","?","R","BOSS","M","?","?","?","M","E","R","$","T","M","E","?","M","E","R","BOSS","M","?","$","?","?","E","R","?","T","E","?","?","M","?","R","BOSS","R","$","E","BOSS"],"items_purchased_type":["Relic","Relic","Card","Card","Potion","Potion"],"build_version":"2020-12-22","purchased_purges":5,"victory":true,"max_hp_per_floor":[75,75,80,80,80,80,80,80,80,80,80,80,80,80,80,80,80,80,80,80,80,80,80,80,80,80,80,80,80,80,80,80,80,80,80,76,76,76,76,76,76,76,76,76,76,76,76,76,76,76,76,76,76,76,76],"card_choices":[{"not_picked":["Sweeping Beam","Loop"],"picked":"Lockon","floor":1.0},{"not_picked":["Recycle","Turbo","Cold Snap"],"picked":"SKIP","floor":3.0},{"not_picked":["Steam","Auto Shields"],"picked":"Coolheaded","floor":7.0},{"not_picked":["Darkness","Stack"],"picked":"Glacier","floor":8.0},{"not_picked":["Rainbow","Rebound"],"picked":"Consume","floor":11.0},{"not_picked":["Reboot","Biased Cognition"],"picked":"Fission","floor":16.0},{"not_picked":["Storm+1","BootSequence"],"picked":"Heatsinks","floor":18.0},{"not_picked":["Rip and Tear","Hello World+1","Leap"],"picked":"SKIP","floor":22.0},{"not_picked":["Rip and Tear","Hello World+1","Leap"],"picked":"SKIP","floor":22.0},{"not_picked":["Reinforced Body","Ball Lightning"],"picked":"Chaos+1","floor":23.0},{"not_picked":["Ball Lightning","Skim+1"],"picked":"Go for the Eyes+1","floor":27.0},{"not_picked":["Glacier","Conserve Battery"],"picked":"Self Repair+1","floor":28.0},{"not_picked":["Blizzard+1","White Noise"],"picked":"Echo Form","floor":29.0},{"not_picked":["Redo+1","Conserve Battery+1"],"picked":"Recycle+1","floor":30.0},{"not_picked":["Steam Power","Ball Lightning+1","Streamline"],"picked":"SKIP","floor":31.0},{"not_picked":["All For One","Hyperbeam"],"picked":"Core Surge","floor":33.0},{"not_picked":["Sweeping Beam+1","Auto Shields+1"],"picked":"Hologram+1","floor":35.0},{"not_picked":["Swift Strike","Transmutation"],"picked":"Secret Technique","floor":38.0},{"not_picked":["Turbo+1","Hologram+1","Stack"],"picked":"SKIP","floor":40.0},{"not_picked":["Sunder+1","Stack"],"picked":"Beam Cell+1","floor":42.0},{"not_picked":["Turbo+1","Chaos+1","Hologram+1"],"picked":"SKIP","floor":44.0},{"not_picked":["Conserve Battery+1","Hologram+1"],"picked":"Rebound+1","floor":46.0},{"not_picked":["Leap+1","Darkness+1"],"picked":"All For One","floor":47.0},{"not_picked":["Redo+1","Gash","Hyperbeam"],"picked":"SKIP","floor":54.0}],"player_experience":428834,"relics_obtained":[{"floor":4.0,"key":"Toy Ornithopter"},{"floor":7.0,"key":"Ice Cream"},{"floor":9.0,"key":"Gremlin Horn"},{"floor":11.0,"key":"Boot"},{"floor":23.0,"key":"Dream Catcher"},{"floor":28.0,"key":"CaptainsWheel"},{"floor":31.0,"key":"Art of War"},{"floor":40.0,"key":"Torii"},{"floor":43.0,"key":"Sundial"},{"floor":44.0,"key":"Toxic Egg 2"},{"floor":46.0,"key":"Bird Faced Urn"},{"floor":54.0,"key":"StoneCalendar"}],"event_choices":[{"cards_removed":["Defend_B"],"damage_healed":0.0,"max_hp_gain":0.0,"max_hp_loss":0.0,"gold_gain":0.0,"event_name":"The Cleric","player_choice":"Card Removal","floor":2.0,"gold_loss":50.0,"damage_taken":0.0},{"damage_healed":0.0,"max_hp_gain":0.0,"max_hp_loss":0.0,"gold_gain":0.0,"event_name":"Golden Idol","player_choice":"Take Damage","floor":5.0,"gold_loss":0.0,"damage_taken":20.0,"relics_obtained":["Golden Idol"]},{"damage_healed":0.0,"max_hp_gain":0.0,"max_hp_loss":0.0,"gold_gain":175.0,"event_name":"Liars Game","player_choice":"AGREE","floor":10.0,"gold_loss":0.0,"damage_taken":0.0,"cards_obtained":["Doubt"]},{"cards_removed":["Doubt"],"damage_healed":0.0,"max_hp_gain":0.0,"max_hp_loss":0.0,"gold_gain":0.0,"event_name":"Bonfire Elementals","player_choice":"Offered Curse","floor":14.0,"gold_loss":0.0,"damage_taken":0.0,"relics_obtained":["Spirit Poop"]},{"damage_healed":0.0,"max_hp_gain":0.0,"max_hp_loss":0.0,"gold_gain":0.0,"cards_transformed":["Strike_B","Defend_B"],"event_name":"Drug Dealer","player_choice":"Became Test Subject","floor":20.0,"gold_loss":0.0,"damage_taken":0.0,"cards_obtained":["Conserve Battery","Meteor Strike"]},{"damage_healed":0.0,"max_hp_gain":0.0,"max_hp_loss":0.0,"gold_gain":200.0,"event_name":"Wheel of Change","player_choice":"Gold","floor":21.0,"gold_loss":0.0,"damage_taken":0.0},{"damage_healed":0.0,"max_hp_gain":0.0,"max_hp_loss":4.0,"gold_gain":0.0,"event_name":"Winding Halls","player_choice":"Max HP","floor":36.0,"gold_loss":0.0,"damage_taken":0.0},{"damage_healed":0.0,"max_hp_gain":0.0,"max_hp_loss":0.0,"gold_gain":0.0,"event_name":"SensoryStone","player_choice":"Memory 1","floor":38.0,"gold_loss":0.0,"damage_taken":0.0},{"damage_healed":0.0,"max_hp_gain":0.0,"max_hp_loss":0.0,"gold_gain":0.0,"event_name":"Tomb of Lord Red Mask","player_choice":"Paid","floor":45.0,"gold_loss":129.0,"damage_taken":0.0,"relics_obtained":["Red Mask"]},{"damage_healed":0.0,"max_hp_gain":0.0,"max_hp_loss":0.0,"gold_gain":0.0,"event_name":"Mysterious Sphere","player_choice":"Fight","floor":46.0,"gold_loss":0.0,"damage_taken":0.0},{"damage_healed":0.0,"max_hp_gain":0.0,"max_hp_loss":0.0,"gold_gain":333.0,"event_name":"The Moai Head","player_choice":"Gave Idol","floor":48.0,"relics_lost":["Golden Idol"],"gold_loss":0.0,"damage_taken":0.0}],"is_beta":false,"boss_relics":[{"not_picked":["SacredBark","Coffee Dripper"],"picked":"Runic Pyramid"},{"not_picked":["Velvet Choker","Snecko Eye"],"picked":"Empty Cage"}],"items_purged_floors":[13,25,37,39,53],"is_endless":false,"potions_floor_spawned":[1,3,8,16,22,27,28,30,42,46],"ascension_level":7}}