{"host":"hjw1ay65n7jm40lc","time":1611633354,"event":{"mods":["AchievementEnabler","BaseMod","Block Reminder","Colored Map","Colored Powertips","Curses Come First","Downfall","Googly Eyes","Hermit","Highlight Path","Minty Spire (QoL Compilation)","Quick Restart","Relic Stats","StSLib"],"gold_per_floor":[99,113,143,44,63,63,63,82,107,107,133,148,175,187,197,197,197,197],"floor_reached":16,"language":"ENG","playtime":1848,"items_purged":[],"score":159,"play_id":"b6571f68-8ffa-473e-973b-6f8e6ebb95fc","local_time":"20210125225554","is_ascension_mode":true,"campfire_choices":[{"data":"bronze:Replicate","floor":1,"key":"SMITH"},{"data":"bronze:Branch","floor":6,"key":"SMITH"},{"floor":10,"key":"REST"}],"circlet_count":0,"master_deck":["bronze:Strike","bronze:Strike","bronze:Strike","bronze:Strike","bronze:Defend+1","bronze:Defend","bronze:Defend+1","bronze:Defend","bronze:Replicate+1","bronze:Goto","bronze:CleanCode","bronze:Branch+1","bronze:Overheat","bronze:ChosenStrike","bronze:HyperBeam","bronze:HardenedForm","bronze:OilSpill","bronze:Deprecate","bronze:Philosophize"],"relics":["bronze:BronzeCore","InkBottle","War Paint","Torii","Juzu Bracelet"],"acts_visited":["Exordium"],"potions_floor_usage":[9,13,14,16],"damage_taken":[{"damage":0,"enemies":"2 Louse","floor":2,"turns":3},{"damage":0,"enemies":"downfall:FleeingMerchant","floor":4,"turns":4},{"damage":12,"enemies":"Jaw Worm","floor":5,"turns":3},{"damage":0,"enemies":"Cultist","floor":8,"turns":3},{"damage":22,"enemies":"3 Sentries","floor":9,"turns":6},{"damage":10,"enemies":"Gremlin Nob","floor":11,"turns":4},{"damage":8,"enemies":"Large Slime","floor":12,"turns":5},{"damage":2,"enemies":"Lagavulin","floor":13,"turns":5},{"damage":1,"enemies":"Gremlin Gang","floor":14,"turns":2},{"damage":19,"enemies":"Exordium Thugs","floor":15,"turns":3},{"damage":10,"enemies":"SI_SHIV_ARCHETYPE","floor":16,"turns":9}],"seed_played":"-3707179539647136712","potions_obtained":[{"floor":5,"key":"Weak Potion"},{"floor":12,"key":"ColorlessPotion"},{"floor":13,"key":"Explosive Potion"}],"is_trial":false,"path_per_floor":["R","M","?","$","M","R","T","M","E","R","E","M","E","M","M","B"],"character_chosen":"THE_AUTOMATON","items_purchased":["bronze:ChosenStrike","BlessingOfTheForge"],"campfire_rested":1,"item_purchase_floors":[4,4],"current_hp_per_floor":[63,63,63,63,51,51,51,51,29,50,40,32,30,29,10,0,0,0],"gold":197,"neow_bonus":"ONE_RANDOM_RARE_CARD","is_daily":false,"chose_seed":false,"campfire_upgraded":2,"win_rate":0.0,"timestamp":1611633354,"path_taken":["R","M","?","$","M","R","T","M","E","R","E","M","E","M","M","BOSS"],"items_purchased_type":["Card","Potion"],"build_version":"2020-12-22","purchased_purges":0,"victory":false,"max_hp_per_floor":[70,70,70,70,70,70,70,70,70,70,70,70,70,70,70,70,70,70],"relic_stats":{"Torii":15,"counters":[11,47],"Juzu Bracelet":0,"War Paint":["bronze:Defend","bronze:Defend"],"obtain_stats":[{"bronze:BronzeCore":0,"Torii":11,"Juzu Bracelet":13,"War Paint":9,"InkBottle":7},{"bronze:BronzeCore":0,"Torii":6,"Juzu Bracelet":8,"War Paint":5,"InkBottle":3},{"bronze:BronzeCore":0,"Torii":23,"Juzu Bracelet":33,"War Paint":19,"InkBottle":10}],"InkBottle":[9]},"card_choices":[{"not_picked":["bronze:Separator","bronze:Frontload"],"picked":"bronze:Branch","floor":2},{"not_picked":["bronze:Invalidate","bronze:Verify"],"picked":"bronze:Overheat","floor":4},{"not_picked":["bronze:Branch","bronze:Overload","bronze:GetLatest"],"picked":"SKIP","floor":5},{"not_picked":["bronze:CutThrough","bronze:DelayedGuard","bronze:BuggyMess"],"picked":"SKIP","floor":8},{"not_picked":["bronze:Separator","bronze:BuggyMess"],"picked":"bronze:HyperBeam","floor":9},{"not_picked":["bronze:ClassDefault","bronze:Overload"],"picked":"bronze:HardenedForm","floor":11},{"not_picked":["bronze:WhirlingStrike","bronze:BuggyMess"],"picked":"bronze:OilSpill","floor":12},{"not_picked":["bronze:Overheat","bronze:BitShift","bronze:Separator"],"picked":"SKIP","floor":13},{"not_picked":["bronze:BugBarrage","bronze:MaxOutput"],"picked":"bronze:Deprecate","floor":14},{"not_picked":["bronze:Safeguard","bronze:Separator"],"picked":"bronze:Philosophize","floor":15}],"player_experience":963889,"relics_obtained":[{"floor":7,"key":"InkBottle"},{"floor":9,"key":"War Paint"},{"floor":11,"key":"Torii"},{"floor":13,"key":"Juzu Bracelet"}],"event_choices":[],"is_beta":false,"boss_relics":[],"items_purged_floors":[],"is_endless":false,"potions_floor_spawned":[5,12,13],"killed_by":"SI_SHIV_ARCHETYPE","ascension_level":6}}