{"host":"jumrmhf584hajrnz","time":1611673683,"event":{"mods":["BaseMod","Duelist Mod","GifTheSpireLib","Minty Spire (QoL Compilation)","Quick Restart","Replay The Spire","StSLib"],"gold_per_floor":[142,156,127,172,191,191,225,225,248,278,278,197,232,249,249,322,322,262,262,175,175,0,0,0,0,0,0,0,0],"floor_reached":28,"language":"ENG","playtime":1699,"items_purged":[],"score":569,"play_id":"d55ea57c-8566-4268-bc04-8e1afb997fb0","local_time":"20210126160803","is_ascension_mode":true,"campfire_choices":[{"floor":6,"key":"RECALL"},{"floor":15,"key":"REST"},{"floor":24,"key":"REST"},{"floor":27,"key":"REST"}],"circlet_count":0,"master_deck":["AscendersBane","theDuelist:BabyDragon","theDuelist:BloodSparks","theDuelist:CastleWalls","theDuelist:CastleWalls","theDuelist:CaveDragon","theDuelist:CaveDragon","theDuelist:LesserDragon","theDuelist:LesserDragon","theDuelist:Sparks","theDuelist:YamataDragon","theDuelist:LightningDarts","theDuelist:Raigeki","theDuelist:CurseDragon","theDuelist:VolcanicEruption","theDuelist:BSkullDragon","theDuelist:TrihornedDragon","theDuelist:LavaDragon","theDuelist:Nameless:Power:Beatraptor","theDuelist:CyberDragonCore","theDuelist:MirageDragon","theDuelist:RedRisingDragon","theDuelist:Hinotama","theDuelist:GaiaDragonChamp","theDuelist:Kabazauls","theDuelist:MoltenDestruction","theDuelist:MegafleetDragon","theDuelist:CyberTwinDragon","theDuelist:CyberTwinDragon","theDuelist:MirageDragon"],"relics":["theDuelist:MillenniumPuzzle","theDuelist:CardPoolRelic","theDuelist:CardPoolBasicRelic","theDuelist:BoosterPackPoolRelic","theDuelist:CardPoolAddRelic","theDuelist:CardPoolMinusRelic","theDuelist:CardPoolSaveRelic","theDuelist:CardPoolOptionsRelic","NeowsBlessing","theDuelist:DuelistUrn","Replay:Byrd Feeder","Champion Belt","Bag of Marbles","theDuelist:SummonAnchorRare","Matryoshka","Ectoplasm","theDuelist:DuelistUrn","Mango","Lantern","theDuelist:MetronomeRelicD","ReplayTheSpireMod:TigerMarble"],"acts_visited":["Exordium","TheCity"],"potions_floor_usage":[16,23,28,28],"damage_taken":[{"damage":0,"enemies":"Cultist","floor":1,"turns":1},{"damage":0,"enemies":"Small Slimes","floor":2,"turns":2},{"damage":0,"enemies":"Small Slimes","floor":4,"turns":1},{"damage":8,"enemies":"2 Louse","floor":5,"turns":3},{"damage":29,"enemies":"Lagavulin","floor":7,"turns":9},{"damage":13,"enemies":"3 Sentries","floor":10,"turns":4},{"damage":23,"enemies":"Gremlin Nob","floor":13,"turns":4},{"damage":0,"enemies":"Gremlin Gang","floor":14,"turns":3},{"damage":39,"enemies":"The Guardian","floor":16,"turns":10},{"damage":11,"enemies":"2 Thieves","floor":18,"turns":4},{"damage":14,"enemies":"Spheric Guardian","floor":21,"turns":4},{"damage":32,"enemies":"Book of Stabbing","floor":23,"turns":4},{"damage":43,"enemies":"Slavers","floor":25,"turns":4},{"damage":56,"enemies":"Gremlin Leader","floor":28,"turns":4}],"seed_played":"765897273604697049","potions_obtained":[{"floor":2,"key":"PowerPotion"},{"floor":4,"key":"SpeedPotion"},{"floor":13,"key":"theDuelist:LavaBottle"},{"floor":19,"key":"theDuelist:DragonfirePotion"},{"floor":25,"key":"theDuelist:OrbBottle"}],"is_trial":false,"path_per_floor":["M","M","$","?","M","R","E","?","T","E","?","$","E","M","R","B",null,"M","?","$","M","?","E","R","E","T","R","E"],"character_chosen":"THE_DUELIST","items_purchased":["theDuelist:CurseDragon","theDuelist:CyberDragonCore","theDuelist:MirageDragon","theDuelist:MoltenDestruction","theDuelist:MegafleetDragon"],"campfire_rested":3,"item_purchase_floors":[3,12,12,20,20],"current_hp_per_floor":[63,67,67,67,63,63,46,46,46,41,41,41,20,26,51,18,69,58,58,58,50,50,32,62,19,19,49,0,0],"gold":0,"neow_bonus":"THREE_ENEMY_KILL","is_daily":false,"chose_seed":false,"campfire_upgraded":0,"win_rate":0.0,"timestamp":1611673683,"path_taken":["M","?","$","?","?","R","E","?","T","E","?","$","E","M","R","BOSS","M","?","$","?","?","E","R","E","T","R","E"],"items_purchased_type":["Card","Card","Card","Card","Card"],"build_version":"2020-12-22","purchased_purges":0,"victory":false,"max_hp_per_floor":[70,74,74,74,78,78,78,78,78,82,82,82,82,86,86,86,86,86,86,86,86,86,100,100,100,100,100,100,100],"card_choices":[{"not_picked":["theDuelist:ScrapFactory","theDuelist:LabyrinthWall","theDuelist:HarpieFeather","theDuelist:BattleguardKing"],"picked":"theDuelist:LightningDarts","floor":1},{"not_picked":["theDuelist:BattleguardKing","theDuelist:BigFire","theDuelist:LightningDarts","theDuelist:RainbowOverdragon"],"picked":"theDuelist:Raigeki","floor":2},{"not_picked":["theDuelist:JurassicImpact","theDuelist:FireDarts","theDuelist:Berserking","theDuelist:BackupSoldier"],"picked":"theDuelist:VolcanicEruption","floor":4},{"not_picked":["theDuelist:TailSwipe","theDuelist:BerserkScales"],"picked":"theDuelist:BSkullDragon","floor":5},{"not_picked":["theDuelist:GiantRex","theDuelist:BlackTyranno","theDuelist:BlackStego","theDuelist:MadFlameKaiju"],"picked":"theDuelist:TrihornedDragon","floor":7},{"not_picked":["theDuelist:CyberValley","theDuelist:Freezadon","theDuelist:Hydrogeddon","theDuelist:Earthquake"],"picked":"theDuelist:LavaDragon","floor":10},{"not_picked":["theDuelist:YamataDragon","theDuelist:LavaDragon","theDuelist:LesserDragon","theDuelist:ExploderDragonwing"],"picked":"theDuelist:RedRisingDragon","floor":13},{"not_picked":["theDuelist:BigEye","theDuelist:LabyrinthWall","theDuelist:Mausoleum","theDuelist:GoldenApples"],"picked":"theDuelist:Hinotama","floor":14},{"not_picked":["theDuelist:OceanDragonLord","theDuelist:CyberDragonInfinity","theDuelist:BusterBladerDDS","theDuelist:ArmedProtectorDragon"],"picked":"theDuelist:GaiaDragonChamp","floor":16},{"not_picked":["theDuelist:TrihornedDragon","theDuelist:CyberTwinDragon","theDuelist:BlackPtera+1","theDuelist:BarrelDragon+1"],"picked":"theDuelist:Kabazauls","floor":18},{"not_picked":["theDuelist:TrihornedDragon","theDuelist:Kabazauls","theDuelist:BlackPtera","theDuelist:BlackBrachios"],"picked":"theDuelist:CyberTwinDragon","floor":21},{"not_picked":["theDuelist:SnowdustDragon","theDuelist:Duoterion","theDuelist:DragonShield","theDuelist:HorusServant"],"picked":"theDuelist:CyberTwinDragon","floor":23},{"not_picked":["theDuelist:BlackPtera","theDuelist:Sabersaurus","theDuelist:RedEyes","theDuelist:BlackBrachios+1"],"picked":"theDuelist:MirageDragon","floor":25}],"player_experience":1561568,"relics_obtained":[{"floor":4,"key":"theDuelist:DuelistUrn"},{"floor":4,"key":"Replay:Byrd Feeder"},{"floor":4,"key":"Champion Belt"},{"floor":7,"key":"Bag of Marbles"},{"floor":10,"key":"theDuelist:SummonAnchorRare"},{"floor":13,"key":"Matryoshka"},{"floor":23,"key":"Mango"},{"floor":25,"key":"Lantern"},{"floor":26,"key":"theDuelist:MetronomeRelicD"},{"floor":26,"key":"ReplayTheSpireMod:TigerMarble"}],"event_choices":[{"damage_healed":0,"gold_gain":0,"player_choice":"Fight","duelist":true,"damage_taken":0,"max_hp_gain":0,"max_hp_loss":0,"event_name":"Battle City","floor":4,"gold_loss":0},{"damage_healed":0,"gold_gain":0,"player_choice":"Leave","duelist":true,"damage_taken":0,"max_hp_gain":0,"max_hp_loss":0,"event_name":"Egyptian Village","floor":8,"gold_loss":0},{"power_reward":4,"total_magic_score":60,"gold_gain":0,"duelist":true,"damage_taken":0,"relics_obtained":[],"points":6,"max_hp_gain":0,"max_hp_loss":0,"spent_points":{"magic":0,"greed":0,"war":0,"power":4,"hunger":2},"event_name":"Nameless Tomb","floor":11,"gold_loss":0,"cards_obtained":["theDuelist:Nameless:Power:Beatraptor"]},{"damage_healed":0,"gold_gain":0,"player_choice":"Got Potions","damage_taken":0,"max_hp_gain":0,"max_hp_loss":0,"event_name":"Lab","floor":19,"gold_loss":0},{"damage_healed":0,"gold_gain":0,"player_choice":"Duplicated Relic - Magical Urn","duelist":true,"damage_taken":0,"max_hp_gain":0,"max_hp_loss":0,"event_name":"Relic Duplicator","floor":22,"gold_loss":0}],"is_beta":false,"boss_relics":[{"not_picked":["ReplayTheSpireMod:DimensionalGlitch","Runic Cube"],"picked":"Ectoplasm"}],"items_purged_floors":[],"is_endless":false,"potions_floor_spawned":[2,4,13,25],"killed_by":"Gremlin Leader","ascension_level":20}}