{"host":"srk2drlvga69hbot","time":1611683504,"event":{"mods":["AchievementEnabler","BaseMod","Best Route Mod","Bestiary","Block Reminder","Colored Map","Colored Powertips","Curses Come First","Dark Map","DeckTracker","Downfall","Highlight Path","Minty Spire (QoL Compilation)","Quick Restart","Rare Cards Sparkle","Relic Stats","Slay-I","StSLib","SuperFastMode","Unceasing Turn Reminder"],"gold_per_floor":[110,120,120,45,68,68,87,87,87,87,87,161,161,161],"floor_reached":13,"language":"ZHS","playtime":425,"items_purged":["Strike_R"],"score":124,"play_id":"7ff5987d-a31a-4c30-b331-fdd65d67d645","local_time":"20210127015144","is_ascension_mode":true,"campfire_choices":[{"data":"Armaments","floor":6,"key":"SMITH"},{"data":"Shrug It Off","floor":8,"key":"SMITH"}],"circlet_count":0,"master_deck":["AscendersBane","Strike_R","Strike_R","Strike_R","Strike_R","Defend_R","Defend_R","Defend_R","Bash","Secret Technique","Armaments+1","Shrug It Off+1"],"relics":["Burning Blood","Golden Idol","Kunai","Singing Bowl"],"acts_visited":["Exordium"],"potions_floor_usage":[],"damage_taken":[{"damage":3.0,"enemies":"Small Slimes","floor":1.0,"turns":4.0},{"damage":7.0,"enemies":"2 Louse","floor":2.0,"turns":3.0},{"damage":13,"enemies":"Jaw Worm","floor":5,"turns":4},{"damage":19,"enemies":"Exordium Wildlife","floor":7,"turns":5},{"damage":16,"enemies":"Gremlin Nob","floor":13,"turns":4}],"seed_played":"8158453022929590749","potions_obtained":[{"floor":7,"key":"DuplicationPotion"}],"is_trial":false,"path_per_floor":["M","M","?","$","M","R","M","R","T","$","?","T","E"],"character_chosen":"IRONCLAD","items_purchased":[],"campfire_rested":0,"item_purchase_floors":[],"current_hp_per_floor":[68,67,50,50,43,43,30,30,30,30,30,30,14,14],"gold":161,"neow_bonus":"RANDOM_COLORLESS_2","is_daily":false,"chose_seed":false,"campfire_upgraded":2,"win_rate":0.0,"timestamp":1611683504,"path_taken":["M","M","?","$","M","R","M","R","T","$","?","?","E"],"items_purchased_type":[],"build_version":"2020-12-22","purchased_purges":1,"victory":false,"max_hp_per_floor":[68,68,68,68,68,68,68,68,68,68,68,68,68,68],"relic_stats":{"Singing Bowl":0,"counters":[5,20],"Golden Idol":9,"Kunai":[0],"obtain_stats":[{"Singing Bowl":12,"Golden Idol":3,"Kunai":9,"Burning Blood":0},{"Singing Bowl":4,"Golden Idol":2,"Kunai":4,"Burning Blood":0},{"Singing Bowl":16,"Golden Idol":7,"Kunai":16,"Burning Blood":0}],"Burning Blood":21},"card_choices":[{"not_picked":["Transmutation","Sadistic Nature"],"picked":"Secret Technique","floor":0.0},{"not_picked":["True Grit","Havoc","Feel No Pain"],"picked":"SKIP","floor":1.0},{"not_picked":["Perfected Strike","Dark Embrace"],"picked":"Armaments","floor":2.0},{"not_picked":["Blood for Blood","Thunderclap","Armaments"],"picked":"SKIP","floor":5},{"not_picked":["True Grit","Armaments"],"picked":"Shrug It Off","floor":7}],"player_experience":297572,"relics_obtained":[{"floor":9,"key":"Kunai"},{"floor":12,"key":"Singing Bowl"}],"event_choices":[{"damage_healed":0.0,"max_hp_gain":0.0,"max_hp_loss":0.0,"gold_gain":0.0,"event_name":"Golden Idol","player_choice":"Take Damage","floor":3.0,"gold_loss":0.0,"damage_taken":17.0,"relics_obtained":["Golden Idol"]},{"cards_removed":["Defend_R"],"damage_healed":0,"gold_gain":0,"player_choice":"Forget","damage_taken":0,"max_hp_gain":0,"max_hp_loss":0,"event_name":"Living Wall","floor":11,"gold_loss":0}],"is_beta":false,"boss_relics":[],"items_purged_floors":[4],"is_endless":false,"potions_floor_spawned":[7],"killed_by":"Gremlin Nob","ascension_level":14}}