{"host":"lte3xujvwediduij","time":1611684443,"event":{"mods":["Aspiration","BaseMod","Better-Laid Plans","BetterRewards","Challenge The Spire","Colored Map","Colored Powertips","Energized Spire","Minty Spire (QoL Compilation)","Permanent Neow","Replay The Spire","Spicy Shops","StSLib","The Runesmith","¡¾ÒÅÎï¿¨ÅÆ¡¿REMEMod","óô»ðÖ¸ÄÏ"],"gold_per_floor":[109,109,202,202,217,330,405,405,432,448,18,30,41,73,154,254,254,254,254],"floor_reached":18,"language":"ZHS","playtime":1598,"items_purged":["Writhe","Runesmith:Strike_RS","Runesmith:CreatorForm","Doubt"],"score":172,"play_id":"1a4886f8-1f8a-4f7c-b18f-fe2f219e769f","local_time":"20210127020723","is_ascension_mode":false,"campfire_choices":[{"floor":8.0,"key":"RECALL"}],"circlet_count":0,"master_deck":["Runesmith:Strike_RS","Runesmith:Strike_RS","Runesmith:Strike_RS","Runesmith:Defend_RS","Runesmith:Defend_RS","Runesmith:Defend_RS","Runesmith:Defend_RS","Runesmith:CraftFirestone","Runesmith:Fortify","REME_WheelOfFate","Runesmith:UnstableHammer+1","Runesmith:PoweredAnvil","REME_EyeOfCthun","Runesmith:Firestorm","Runesmith:BackupBattery","Runesmith:Defend_RS","Runesmith:Attraction","Runesmith:PoweredAnvil+1","Runesmith:Grindstone","aspiration:UnbridledHammer","aspiration:UnbridledHammer","REME_BodyOfCthun"],"relics":["Runesmith:BrokenRuby","REME_ComplimentaryCards","Membership Card","PrismaticShard","Simple Rune","Anchor","ReplayTheSpireMod:CursedCoin","Chameleon Ring","Blue Doll","MealTicket","Counterbalance","Replay:Baseball","Chemical X","ReplayFunnel","Coffee Dripper"],"acts_visited":["Exordium","TheCity"],"potions_floor_usage":[14,16],"damage_taken":[{"damage":0.0,"enemies":"Cultist","floor":1.0,"turns":2.0},{"damage":1.0,"enemies":"Jaw Worm","floor":3.0,"turns":3.0},{"damage":0.0,"enemies":"Small Slimes","floor":5.0,"turns":3.0},{"damage":18.0,"enemies":"Lagavulin","floor":6.0,"turns":8.0},{"damage":1.0,"enemies":"3 Louse","floor":10.0,"turns":4.0},{"damage":0,"enemies":"Lots of Slimes","floor":12,"turns":2},{"damage":0,"enemies":"2 Fungi Beasts","floor":13,"turns":2},{"damage":19,"enemies":"3 Sentries","floor":14,"turns":5},{"damage":5,"enemies":"Hexaghost","floor":16,"turns":8},{"damage":140,"enemies":"Shell Parasite","floor":18,"turns":3}],"seed_played":"-1599747150449194139","potions_obtained":[{"floor":1.0,"key":"ColorlessPotion"},{"floor":5.0,"key":"BlessingOfTheForge"},{"floor":6.0,"key":"Flashbang"},{"floor":14,"key":"Elixir"}],"is_trial":false,"path_per_floor":["M","T","M","?","M","E","?","R","T","M","$","M","M","E","R_BF","B",null,"M"],"character_chosen":"RUNESMITH_CLASS","items_purchased":["Membership Card","PrismaticShard","REME_WheelOfFate","Runesmith:UnstableHammer+1","Simple Rune","Anchor","Runesmith:PoweredAnvil","ReplayTheSpireMod:CursedCoin","REME_EyeOfCthun","Runesmith:Firestorm","Runesmith:BackupBattery","Counterbalance","Runesmith:PoweredAnvil+1","Runesmith:Grindstone","Replay:Baseball","Chemical X","aspiration:UnbridledHammer"],"campfire_rested":0,"item_purchase_floors":[0,0,0,0,0,0,0,0,0,0,0,11,11,11,11,11,11],"current_hp_per_floor":[38,38,37,37,57,39,28,28,28,47,62,62,62,43,43,38,70,0,0],"gold":254,"neow_bonus":"","is_daily":false,"chose_seed":false,"campfire_upgraded":0,"win_rate":0.0,"timestamp":1611684443,"path_taken":["M","?","?","?","?","E","?","R","T","M","$","M","M","E","R_BF","BOSS","M"],"items_purchased_type":["Relic","Relic","Card","Card","Relic","Relic","Card","Relic","Card","Card","Card","Relic","Card","Card","Relic","Relic","Card"],"build_version":"2020-12-22","purchased_purges":4,"victory":false,"max_hp_per_floor":[70,70,70,70,70,70,70,70,70,70,70,70,70,70,70,70,70,70,70],"card_choices":[{"not_picked":["Sweeping Beam","Steam Power","ReplayTheSpireMod:Scrap Shanks"],"picked":"SKIP","floor":1.0},{"not_picked":["Cold Snap","Shrug It Off","Dagger Spray"],"picked":"SKIP","floor":3.0},{"not_picked":["Replay:BasicMightCard","Rebound","Halt"],"picked":"SKIP","floor":5.0},{"not_picked":["Runesmith:EnergizedChisel","Clothesline"],"picked":"Runesmith:Attraction","floor":6.0},{"not_picked":["Prostrate","EmptyFist","Sucker Punch"],"picked":"SKIP","floor":10.0},{"not_picked":["Life Link","Second Wind","Static Discharge"],"picked":"SKIP","floor":12},{"not_picked":["Escape Plan","Runesmith:BackupBattery","Impatience"],"picked":"SKIP","floor":13},{"not_picked":["Sweeping Beam","Run Through","Blade Dance"],"picked":"SKIP","floor":14},{"not_picked":["Unload","Magnetism"],"picked":"REME_BodyOfCthun","floor":16}],"player_experience":83222,"relics_obtained":[{"floor":2.0,"key":"Chameleon Ring"},{"floor":6.0,"key":"Blue Doll"},{"floor":9.0,"key":"MealTicket"},{"floor":14,"key":"ReplayFunnel"}],"event_choices":[{"damage_healed":0.0,"max_hp_gain":0.0,"max_hp_loss":0.0,"gold_gain":75.0,"event_name":"World of Goop","player_choice":"Gather Gold","floor":7.0,"gold_loss":0.0,"damage_taken":11.0}],"is_beta":false,"boss_relics":[{"not_picked":["energizedSpire:OgreHead","Runic Dome"],"picked":"Coffee Dripper"}],"items_purged_floors":[0,0,0,11],"is_endless":false,"potions_floor_spawned":[1,5,6,14],"killed_by":"Shell Parasite","ascension_level":0}}