{"host":"vumwfieg2b2mnrfl","time":1611637727,"event":{"mods":["AchievementEnabler","BaseMod","Minty Spire (QoL Compilation)","Rare Cards Sparkle","Relic Stats"],"gold_per_floor":[212,192,205,223,58,90,90,123,169,169,196,227,22,33,33,108,108,125,50,69,93,103,128,145,145,145,156,171,186,236,248,248,322,322,335,352,375,390,146,146,146],"floor_reached":40,"language":"ENG","playtime":1458,"items_purged":["Defend_R"],"score":817,"play_id":"401cc1ef-9c3f-4849-b403-0a65f11baae9","local_time":"20210125230847","is_ascension_mode":true,"campfire_choices":[{"data":"Flame Barrier","floor":7.0,"key":"SMITH"},{"floor":10.0,"key":"REST"},{"floor":15.0,"key":"REST"},{"floor":25,"key":"REST"},{"floor":32,"key":"REST"}],"circlet_count":0,"master_deck":["AscendersBane","Strike_R","Strike_R","Strike_R","Strike_R","Defend_R","Defend_R","Defend_R","Bash","Flame Barrier+1","Battle Trance","Battle Trance","CutThroughFate","Hologram","Cleave","Metamorphosis","Shrug It Off","Hyperbeam","Machine Learning","CutThroughFate","Consecrate+1","The Bomb","Predator"],"relics":["Burning Blood","PrismaticShard","Self Forming Clay","Potion Belt","Vajra","Odd Mushroom","Strawberry","Fusion Hammer","Tiny Chest","Turnip","Art of War","Sozu","Bag of Preparation","ClockworkSouvenir"],"acts_visited":["Exordium","TheCity","TheBeyond"],"potions_floor_usage":[27,33,33,33,40],"damage_taken":[{"damage":7.0,"enemies":"Small Slimes","floor":1.0,"turns":4.0},{"damage":6.0,"enemies":"Cultist","floor":3.0,"turns":3.0},{"damage":7.0,"enemies":"Jaw Worm","floor":4.0,"turns":6.0},{"damage":32.0,"enemies":"Gremlin Nob","floor":6.0,"turns":4.0},{"damage":7.0,"enemies":"3 Sentries","floor":8.0,"turns":15.0},{"damage":30.0,"enemies":"The Mushroom Lair","floor":11.0,"turns":5.0},{"damage":28.0,"enemies":"Gremlin Nob","floor":12.0,"turns":4.0},{"damage":6.0,"enemies":"Looter","floor":14.0,"turns":3.0},{"damage":20.0,"enemies":"Hexaghost","floor":16.0,"turns":8.0},{"damage":4.0,"enemies":"Spheric Guardian","floor":18.0,"turns":4.0},{"damage":2,"enemies":"Chosen","floor":20,"turns":3},{"damage":11,"enemies":"Centurion and Healer","floor":22,"turns":6},{"damage":14,"enemies":"Gremlin Leader","floor":23,"turns":5},{"damage":14,"enemies":"Snake Plant","floor":24,"turns":4},{"damage":0,"enemies":"Chosen and Byrds","floor":27,"turns":3},{"damage":15,"enemies":"Shelled Parasite and Fungi","floor":28,"turns":3},{"damage":12,"enemies":"Centurion and Healer","floor":29,"turns":4},{"damage":27,"enemies":"Snake Plant","floor":31,"turns":4},{"damage":77,"enemies":"Automaton","floor":33,"turns":11},{"damage":13,"enemies":"3 Darklings","floor":35,"turns":3},{"damage":10,"enemies":"3 Shapes","floor":36,"turns":3},{"damage":51,"enemies":"Spire Growth","floor":38,"turns":4},{"damage":33,"enemies":"Giant Head","floor":40,"turns":4}],"seed_played":"6182665908337720419","potions_obtained":[{"floor":2.0,"key":"PowerPotion"},{"floor":3.0,"key":"Strength Potion"},{"floor":12.0,"key":"Regen Potion"},{"floor":16.0,"key":"Dexterity Potion"},{"floor":18,"key":"Weak Potion"},{"floor":20,"key":"ElixirPotion"},{"floor":24,"key":"DistilledChaos"},{"floor":27,"key":"PowerPotion"},{"floor":28,"key":"BloodPotion"}],"is_trial":false,"path_per_floor":["M","?","M","M","$","E","R","E","T","R","?","E","$","M","R","B",null,"M","?","M","T","M","E","M","R","T","M","M","M","?","M","R","B",null,"M","M","T","M","$","E"],"character_chosen":"IRONCLAD","items_purchased":["PrismaticShard","Metamorphosis","ClockworkSouvenir"],"campfire_rested":4,"item_purchase_floors":[5,13,39],"current_hp_per_floor":[67,67,67,66,66,40,40,39,39,61,37,22,22,22,46,32,70,72,72,76,76,71,63,55,79,79,82,73,67,67,46,70,15,65,58,54,54,9,9,0,0],"gold":146,"neow_bonus":"HUNDRED_GOLD","is_daily":false,"chose_seed":false,"campfire_upgraded":1,"win_rate":0.0,"timestamp":1611637727,"path_taken":["M","?","?","M","$","E","R","E","T","R","?","E","$","M","R","BOSS","M","?","M","?","M","E","M","R","T","M","M","M","?","?","R","BOSS","M","?","?","M","$","E"],"items_purchased_type":["Relic","Card","Relic"],"build_version":"2020-12-22","purchased_purges":1,"victory":false,"max_hp_per_floor":[75,75,75,75,75,75,75,75,75,75,75,82,82,82,82,82,82,82,82,82,82,82,82,82,82,82,82,82,82,82,82,82,82,82,82,82,82,82,82,82,82],"relic_stats":{"Sozu":2,"counters":[23,113],"Self Forming Clay":[135],"Tiny Chest":1,"Turnip":[6],"Art of War":[3],"Bag of Preparation":[4],"obtain_stats":[{"Potion Belt":8,"Self Forming Clay":6,"Vajra":9,"Bag of Preparation":37,"Odd Mushroom":11,"PrismaticShard":5,"Burning Blood":0,"ClockworkSouvenir":39,"Sozu":34,"Strawberry":12,"Tiny Chest":21,"Fusion Hammer":17,"Turnip":23,"Art of War":26},{"Potion Belt":5,"Self Forming Clay":4,"Vajra":5,"Bag of Preparation":21,"Odd Mushroom":6,"PrismaticShard":3,"Burning Blood":0,"ClockworkSouvenir":22,"Sozu":19,"Strawberry":7,"Tiny Chest":11,"Fusion Hammer":9,"Turnip":13,"Art of War":14},{"Potion Belt":32,"Self Forming Clay":17,"Vajra":32,"Bag of Preparation":105,"Odd Mushroom":37,"PrismaticShard":13,"Burning Blood":0,"ClockworkSouvenir":109,"Sozu":99,"Strawberry":41,"Tiny Chest":59,"Fusion Hammer":52,"Turnip":70,"Art of War":74}],"Burning Blood":129},"card_choices":[{"not_picked":["Thunderclap","Havoc"],"picked":"Flame Barrier","floor":1.0},{"not_picked":["Headbutt","Cleave"],"picked":"Battle Trance","floor":3.0},{"not_picked":["Infernal Blade","Body Slam","Wild Strike"],"picked":"SKIP","floor":4.0},{"not_picked":["Bullet Time","Adaptation"],"picked":"Battle Trance","floor":6.0},{"not_picked":["Underhanded Strike","Madness"],"picked":"CutThroughFate","floor":8.0},{"not_picked":["Calculated Gamble","Double Energy"],"picked":"Hologram","floor":11.0},{"not_picked":["Wild Strike","Distraction"],"picked":"Cleave","floor":12.0},{"not_picked":["FlyingSleeves","Second Wind"],"picked":"Shrug It Off","floor":14.0},{"not_picked":["Vault","Devotion"],"picked":"Hyperbeam","floor":16.0},{"not_picked":["Dagger Spray","Lockon","Ball Lightning"],"picked":"SKIP","floor":18},{"not_picked":["Outmaneuver","Impatience"],"picked":"Machine Learning","floor":20},{"not_picked":["Dagger Throw","Warcry","Whirlwind"],"picked":"SKIP","floor":22},{"not_picked":["Pray","Choke"],"picked":"CutThroughFate","floor":23},{"not_picked":["Warcry","InnerPeace","Sucker Punch"],"picked":"SKIP","floor":24},{"not_picked":["Turbo","Setup+1"],"picked":"Consecrate+1","floor":27},{"not_picked":["Flying Knee","Endless Agony","Swift Strike"],"picked":"SKIP","floor":28},{"not_picked":["Genetic Algorithm","Iron Wave","Clash"],"picked":"SKIP","floor":29},{"not_picked":["BowlingBash","ThirdEye","Sword Boomerang"],"picked":"SKIP","floor":31},{"not_picked":["Metamorphosis","Thunder Strike"],"picked":"The Bomb","floor":33},{"not_picked":["Havoc","FlyingSleeves","Deflect"],"picked":"SKIP","floor":35},{"not_picked":["Calculated Gamble","Self Repair"],"picked":"Predator","floor":36},{"not_picked":["Body Slam","Go for the Eyes","Infinite Blades"],"picked":"SKIP","floor":38}],"player_experience":468354,"relics_obtained":[{"floor":6.0,"key":"Self Forming Clay"},{"floor":8.0,"key":"Potion Belt"},{"floor":9.0,"key":"Vajra"},{"floor":11.0,"key":"Odd Mushroom"},{"floor":12.0,"key":"Strawberry"},{"floor":21,"key":"Tiny Chest"},{"floor":23,"key":"Turnip"},{"floor":26,"key":"Art of War"},{"floor":37,"key":"Bag of Preparation"}],"event_choices":[{"damage_healed":0.0,"max_hp_gain":0.0,"max_hp_loss":0.0,"gold_gain":0.0,"event_name":"The Woman in Blue","player_choice":"Bought 1 Potion","floor":2.0,"gold_loss":0.0,"damage_taken":0.0},{"damage_healed":0.0,"max_hp_gain":0.0,"max_hp_loss":0.0,"gold_gain":0.0,"event_name":"Mushrooms","player_choice":"Fought Mushrooms","floor":11.0,"gold_loss":0.0,"damage_taken":0.0},{"cards_removed":["Strike_R"],"damage_healed":0,"gold_gain":0,"player_choice":"Gave Gold","damage_taken":0,"max_hp_gain":0,"max_hp_loss":0,"event_name":"Beggar","floor":19,"gold_loss":75},{"damage_healed":0,"gold_gain":50,"player_choice":"Stole From Cult","damage_taken":0,"max_hp_gain":0,"max_hp_loss":0,"event_name":"Nest","floor":30,"gold_loss":0}],"is_beta":false,"boss_relics":[{"not_picked":["Runic Pyramid","Runic Dome"],"picked":"Fusion Hammer"},{"not_picked":["Runic Cube","Velvet Choker"],"picked":"Sozu"}],"items_purged_floors":[39],"is_endless":false,"potions_floor_spawned":[3,4,12,16,18,20,24,27,28,31,36,38],"killed_by":"Giant Head","ascension_level":18}}