{"host":"7iv10lxbxedtd0qh","time":1611704905,"event":{"mods":["BaseMod","Colored Map","Colored Powertips","Downfall","Minty Spire (QoL Compilation)","StSLib"],"gold_per_floor":[99,111,124,137,153,153,153,153,184,197,297,332,332,351,361,475,475,275,275,5,21,47,75,75,113,23,66,66,95,95,122,134,134,134,134],"floor_reached":33,"language":"ENG","playtime":1599,"items_purged":["bronze:Strike"],"score":406,"play_id":"238987f0-cebd-4150-a16c-5865464f7c43","local_time":"20210127004825","is_ascension_mode":true,"campfire_choices":[{"data":"bronze:Replicate","floor":1,"key":"SMITH"},{"data":"bronze:Philosophize","floor":6,"key":"SMITH"},{"data":"bronze:Terminator","floor":18,"key":"SMITH"},{"data":"bronze:Goto","floor":28,"key":"SMITH"},{"floor":30,"key":"RECALL"}],"circlet_count":0,"master_deck":["bronze:Strike","bronze:Defend","bronze:Defend","bronze:Defend","bronze:Defend","bronze:Replicate+1","bronze:Goto+1","bronze:Boost","bronze:Frontload","bronze:Philosophize+1","bronze:Flail+1","bronze:Turbo+1","bronze:Terminator+1","bronze:Overload","bronze:Verify","bronze:Overload","bronze:Iterate+1","bronze:Turbo+1","bronze:Boost"],"relics":["bronze:BronzeCore","bronze:BottledCode","Molten Egg 2","CeramicFish","Black Star","downfall:HeartBlessingGreen","downfall:HeartBlessingBlue","Bottled Lightning","Meat on the Bone","Gambling Chip","Pen Nib","Ornamental Fan","Bird Faced Urn","Toy Ornithopter","Bottled Flame","bronze:ProtectiveGoggles","Bottled Tornado"],"acts_visited":["Exordium","TheCity"],"potions_floor_usage":[5,11,16,16,25,26,31],"damage_taken":[{"damage":1,"enemies":"Jaw Worm","floor":2,"turns":3},{"damage":0,"enemies":"Small Slimes","floor":3,"turns":3},{"damage":0,"enemies":"2 Louse","floor":4,"turns":4},{"damage":8,"enemies":"Red Slaver","floor":5,"turns":4},{"damage":27,"enemies":"Lagavulin","floor":9,"turns":8},{"damage":0,"enemies":"Blue Slaver","floor":10,"turns":5},{"damage":28,"enemies":"downfall:Heads","floor":11,"turns":7},{"damage":0,"enemies":"3 Sentries","floor":12,"turns":3},{"damage":2,"enemies":"Exordium Thugs","floor":14,"turns":3},{"damage":0,"enemies":"Gremlin Gang","floor":15,"turns":1},{"damage":3,"enemies":"WA_ARCHETYPE_RETAIN","floor":16,"turns":8},{"damage":0,"enemies":"downfall:FleeingMerchant","floor":20,"turns":4},{"damage":7,"enemies":"Shell Parasite","floor":21,"turns":4},{"damage":0,"enemies":"Centurion and Healer","floor":22,"turns":5},{"damage":3,"enemies":"Snecko","floor":23,"turns":4},{"damage":14,"enemies":"Book of Stabbing","floor":25,"turns":3},{"damage":2,"enemies":"downfall:FleeingMerchant","floor":26,"turns":4},{"damage":0,"enemies":"Slavers","floor":27,"turns":1},{"damage":26,"enemies":"Book of Stabbing","floor":29,"turns":6},{"damage":26,"enemies":"Gremlin Leader","floor":31,"turns":4},{"damage":27,"enemies":"Snake Plant","floor":32,"turns":5},{"damage":0,"enemies":"IC_MUSHROOM_ARCHETYPE","floor":33,"turns":1}],"seed_played":"-1594511781271985677","potions_obtained":[{"floor":3,"key":"Explosive Potion"},{"floor":4,"key":"Fruit Juice"},{"floor":9,"key":"DuplicationPotion"},{"floor":10,"key":"Slimebound:ThreeZeroPotion"},{"floor":12,"key":"sneckomod:MuddlingPotion"},{"floor":21,"key":"hexamod:SoulburnPotion"},{"floor":22,"key":"Dexterity Potion"},{"floor":25,"key":"Weak Potion"}],"is_trial":false,"path_per_floor":["R","M","M","M","M","R","T","?","E","M","?","E","?","M","M","B",null,"R","?","$","M","M","M","T","E","$","E","R","E","R","E","M","B"],"character_chosen":"THE_AUTOMATON","items_purchased":["Bottled Lightning"],"campfire_rested":0,"item_purchase_floors":[20],"current_hp_per_floor":[77,76,76,76,68,68,68,67,40,40,17,17,17,15,15,12,72,82,82,82,75,75,72,72,58,56,56,56,42,42,35,22,22,22,22],"gold":134,"neow_bonus":"TEN_PERCENT_HP_BONUS","is_daily":false,"chose_seed":false,"campfire_upgraded":4,"win_rate":0.0,"timestamp":1611704905,"path_taken":["R","M","M","M","M","R","T","?","E","M","?","E","?","?","M","BOSS","R","?","$","?","M","?","T","E","$","E","R","E","R","E","M","BOSS"],"items_purchased_type":["Relic"],"build_version":"2020-12-22","purchased_purges":1,"victory":false,"max_hp_per_floor":[77,77,77,77,77,77,77,67,67,67,72,72,72,72,72,72,72,82,82,82,82,82,82,82,82,82,82,82,82,82,82,82,82,82,82],"card_choices":[{"not_picked":["bronze:CutThrough","bronze:BugBarrage"],"picked":"bronze:Boost","floor":2},{"not_picked":["bronze:Deprecate","bronze:Flail"],"picked":"bronze:Frontload","floor":3},{"not_picked":["bronze:Overload","bronze:Allocate","bronze:Optimize"],"picked":"SKIP","floor":4},{"not_picked":["bronze:Branch","bronze:BugBarrage"],"picked":"bronze:Philosophize","floor":5},{"not_picked":["bronze:NullPointer+1","bronze:CutThrough+1"],"picked":"bronze:Flail+1","floor":9},{"not_picked":["bronze:Boost","bronze:Frontload"],"picked":"bronze:Turbo","floor":10},{"not_picked":["bronze:ShipIt+1","bronze:Shield"],"picked":"bronze:Overload","floor":12},{"not_picked":["bronze:Separator+1","bronze:DelayedGuard","bronze:Turbo"],"picked":"SKIP","floor":14},{"not_picked":["bronze:WildBeam+1","bronze:Shield","bronze:DigitalCarnage+1"],"picked":"SKIP","floor":15},{"not_picked":["bronze:Mutator","bronze:HyperBeam+1"],"picked":"bronze:Verify","floor":16},{"not_picked":["bronze:FineTuning","bronze:Overheat+1","bronze:Branch+1"],"picked":"SKIP","floor":20},{"not_picked":["bronze:FineTuning+1","bronze:ClassDefault","bronze:WhirlingStrike+1"],"picked":"SKIP","floor":21},{"not_picked":["bronze:Mutator","bronze:Separator+1"],"picked":"bronze:Overload","floor":22},{"not_picked":["bronze:Invalidate+1","bronze:Refactor"],"picked":"bronze:Iterate+1","floor":23},{"not_picked":["bronze:Shell","bronze:ForLoop"],"picked":"bronze:Turbo+1","floor":25},{"not_picked":["bronze:OilSpill+1","bronze:FineTuning","bronze:DelayedGuard+1"],"picked":"SKIP","floor":26},{"not_picked":["bronze:CloningBeam+1","bronze:Allocate"],"picked":"bronze:Boost","floor":27},{"not_picked":["bronze:WildBeam+1","bronze:HyperBeam+1","bronze:Backtrace+1"],"picked":"SKIP","floor":29},{"not_picked":["bronze:Constructor","bronze:InfiniteBeams+1","bronze:Refactor"],"picked":"SKIP","floor":31},{"not_picked":["bronze:InfiniteBeams","bronze:Constructor+1","bronze:Invalidate"],"picked":"SKIP","floor":32}],"player_experience":724130,"relics_obtained":[{"floor":9,"key":"Molten Egg 2"},{"floor":12,"key":"CeramicFish"},{"floor":24,"key":"Meat on the Bone"},{"floor":25,"key":"Gambling Chip"},{"floor":25,"key":"Pen Nib"},{"floor":27,"key":"Ornamental Fan"},{"floor":27,"key":"Bird Faced Urn"},{"floor":29,"key":"Toy Ornithopter"},{"floor":29,"key":"Bottled Flame"},{"floor":31,"key":"bronze:ProtectiveGoggles"},{"floor":31,"key":"Bottled Tornado"}],"event_choices":[],"is_beta":false,"boss_relics":[{"not_picked":["SacredBark","bronze:PlatinumCore"],"picked":"Black Star"}],"items_purged_floors":[26],"is_endless":false,"potions_floor_spawned":[3,4,9,10,12,21,22,25],"killed_by":"IC_MUSHROOM_ARCHETYPE","ascension_level":1}}