{"host":"65a95dzim48ko8ke","time":1611636602,"event":{"mods":["BaseMod","Colored Powertips","Minty Spire (QoL Compilation)","Permanent Neow","Quick Restart","Rare Cards Sparkle","Replay The Spire","Spicy Shops","Spire Birthday Party","StSLib","The IronCluck"],"gold_per_floor":[11,86,100,50,14,189,189,217,217,217,11,11,39,53,53,149,149,166,166,66,82,111,143,143,178,201,228,228,249,272,308,308,431,431,452,474,492,97,122,166,24,52,79,122,46,66,66,110,110,110],"floor_reached":51,"language":"ENG","playtime":4036,"items_purged":["Doubt","Writhe","Strike_R"],"score":961,"play_id":"e3274efd-d979-463e-8d90-dc13146e8409","local_time":"20210126135002","is_ascension_mode":true,"campfire_choices":[{"data":"Armaments","floor":7.0,"key":"SMITH"},{"data":"Flex","floor":10.0,"key":"SMITH"},{"data":"Flame Barrier","floor":15.0,"key":"SMITH"},{"data":"Feed","floor":24.0,"key":"SMITH"},{"floor":32.0,"key":"DIG"}],"circlet_count":0,"master_deck":["Strike_R+1","Defend_R+1","Defend_R+1","Defend_R+1","Defend_R+1","Bash","Flex+1","Armaments+1","Twin Strike+1","Twin Strike","Flame Barrier+1","Cleave","Feed+1","Iron Wave+1","Inflame+1","Twin Strike","Pot Of Greed","Pot Of Greed","Body Slam+1","Twin Strike+1","Iron Wave+1","Uppercut+1","Spot Weakness+1","Impervious+1","Limit Break+1","Pot Of Greed+1","Shrug It Off+1","Iron Wave+1","Corruption+1","Jack Of All Trades","Demonic Infusion+1","Heavy Blade+1","Metallicize+1","ReplayTheSpireMod:Limb From Limb","Double Tap+1","Berserk+1"],"relics":["Burning Blood","InkBottle","Replay:Bottled Eggs","Paper Frog","Snack Pack","Replay:Bronze Core","Frozen Egg 2","Red Mask","Grinning Jar","Bottled Tornado","CeramicFish","Question Card","Golden Egg","Tiny Chest","Velvet Choker","Guide Book","MawBank","Membership Card","ReplayTheSpireMod:TigerMarble","Replay:Arrowhead","Another Sword","Whetstone","Toy Ornithopter"],"acts_visited":["Exordium","TheCity","TheBeyond"],"potions_floor_usage":[48],"damage_taken":[{"damage":2.0,"enemies":"2 Louse","floor":1.0,"turns":3.0},{"damage":8.0,"enemies":"Jaw Worm","floor":3.0,"turns":5.0},{"damage":22.0,"enemies":"Replay:BlueRogue","floor":8.0,"turns":10.0},{"damage":10.0,"enemies":"Gremlin Nob","floor":13.0,"turns":3.0},{"damage":0.0,"enemies":"Small Slimes","floor":14.0,"turns":2.0},{"damage":35.0,"enemies":"The Guardian","floor":16.0,"turns":11.0},{"damage":0.0,"enemies":"3 Byrds","floor":18.0,"turns":5.0},{"damage":1.0,"enemies":"Shell Parasite","floor":21.0,"turns":3.0},{"damage":30.0,"enemies":"Masked Bandits","floor":22.0,"turns":8.0},{"damage":1.0,"enemies":"Gremlin Leader","floor":23.0,"turns":4.0},{"damage":24.0,"enemies":"Book of Stabbing","floor":25.0,"turns":5.0},{"damage":0.0,"enemies":"Snecko","floor":27.0,"turns":3.0},{"damage":0.0,"enemies":"Centurion and Healer","floor":29.0,"turns":9.0},{"damage":22.0,"enemies":"Snake Plant","floor":30.0,"turns":5.0},{"damage":22.0,"enemies":"Slavers","floor":31.0,"turns":6.0},{"damage":48.0,"enemies":"Automaton","floor":33.0,"turns":8.0},{"damage":0.0,"enemies":"Orb Walker","floor":35.0,"turns":3.0},{"damage":5.0,"enemies":"3 Shapes","floor":36.0,"turns":5.0},{"damage":6.0,"enemies":"Sphere and 2 Shapes","floor":39.0,"turns":4.0},{"damage":34.0,"enemies":"Giant Head","floor":40.0,"turns":6.0},{"damage":7.0,"enemies":"Jaw Worm Horde","floor":42.0,"turns":4.0},{"damage":35.0,"enemies":"Nemesis","floor":44.0,"turns":7.0},{"damage":0.0,"enemies":"Maw","floor":46.0,"turns":4.0},{"damage":9,"enemies":"Giant Head","floor":48,"turns":4},{"damage":76,"enemies":"Donu and Deca","floor":50,"turns":6}],"seed_played":"-3255902142667987415","potions_obtained":[{"floor":3.0,"key":"Fruit Juice"},{"floor":8.0,"key":"Energy Potion"},{"floor":14.0,"key":"Explosive Potion"},{"floor":16.0,"key":"Adrenaline Potion"},{"floor":18.0,"key":"Dexterity Potion"},{"floor":22.0,"key":"Dexterity Potion"},{"floor":25.0,"key":"AttackPotion"},{"floor":30.0,"key":"CultistPotion"},{"floor":33.0,"key":"BlessingOfTheForge"},{"floor":39.0,"key":"ColorlessPotion"},{"floor":46.0,"key":"DistilledChaos"}],"is_trial":false,"path_per_floor":["M","?","M","?","$","?","R","E","T","R","$","?","E","M","R","B",null,"M","?","$","M","?","E","R","E","T","M","T","M","M","E","R","B",null,"M","M","?","$","M","E","$","M","T","E","$","M","T","E","R","B",null],"character_chosen":"IRONCLAD","items_purchased":["Twin Strike","Paper Frog","Guide Book","Demonic Infusion","Membership Card","Another Sword","Whetstone"],"campfire_rested":0,"item_purchase_floors":[5,11,38,38,41,45,45],"current_hp_per_floor":[76,65,68,68,68,68,68,52,52,52,52,52,48,54,54,27,71,84,84,84,91,70,79,79,67,67,75,75,91,81,69,69,33,88,100,109,109,109,117,97,97,100,100,75,75,83,83,84,120,60],"gold":110,"neow_bonus":"REMOVE_TWO","is_daily":false,"chose_seed":false,"campfire_upgraded":4,"win_rate":0.0,"timestamp":1611636602,"path_taken":["M","?","M","?","?","?","R","E","T","R","$","?","E","M","R","BOSS","M","?","?","?","?","E","R","E","T","M","?","M","?","E","R","BOSS","M","M","?","$","?","E","?","M","T","E","$","M","?","E","R","BOSS"],"items_purchased_type":["Card","Relic","Relic","Card","Relic","Relic","Relic"],"build_version":"2020-12-22","purchased_purges":3,"victory":true,"max_hp_per_floor":[80,80,85,85,85,85,85,85,85,85,85,85,85,85,85,85,85,88,88,88,91,94,94,94,98,98,98,98,102,106,106,106,106,106,110,114,114,114,118,122,122,122,122,122,122,122,122,122,122,122],"card_choices":[{"not_picked":["Twin Strike","Run Through"],"picked":"Flex","floor":1.0},{"not_picked":["Run Through","ReplayTheSpireMod:Stacked"],"picked":"Armaments","floor":3.0},{"not_picked":["Warcry","Clothesline"],"picked":"Twin Strike","floor":8.0},{"not_picked":["Havoc","Reckless Charge"],"picked":"Flame Barrier","floor":13.0},{"not_picked":["Infernal Blade","Feel No Pain"],"picked":"Cleave","floor":14.0},{"not_picked":["Demon Form","Fiend Fire"],"picked":"Feed","floor":16.0},{"not_picked":["Flex","ReplayReversal"],"picked":"Iron Wave","floor":18.0},{"not_picked":["Thunderclap","ReplayTheSpireMod:Limb From Limb"],"picked":"Inflame+1","floor":21.0},{"not_picked":["Warcry","Burning Pact+1"],"picked":"Twin Strike","floor":22.0},{"not_picked":["Heavy Blade+1","Flame Barrier"],"picked":"Body Slam+1","floor":23.0},{"not_picked":["Run Through","Dual Wield"],"picked":"Twin Strike+1","floor":25.0},{"not_picked":["ReplayTheSpireMod:LeadingStrike","Wild Strike"],"picked":"Iron Wave+1","floor":27.0},{"not_picked":["Infernal Blade","Warcry","Replay:Undeath\u0027s Touch"],"picked":"Uppercut","floor":29.0},{"not_picked":["Pommel Strike+1","Heavy Blade","Hemokinesis+1"],"picked":"Spot Weakness","floor":30.0},{"not_picked":["Cleave","Dropkick+1","Wild Strike"],"picked":"Impervious","floor":31.0},{"not_picked":["Hemogenesis","Bludgeon","Impervious"],"picked":"Limit Break","floor":33.0},{"not_picked":["Twin Strike","Headbutt+1","Feel No Pain+1"],"picked":"Shrug It Off+1","floor":35.0},{"not_picked":["Body Slam","Replay:Undeath\u0027s Touch","Reckless Charge+1"],"picked":"Iron Wave+1","floor":36.0},{"not_picked":["Anger+1","Replay:Undeath\u0027s Touch","ReplayTheSpireMod:Strike From Hell+1"],"picked":"Heavy Blade+1","floor":39.0},{"not_picked":["Pommel Strike+1","Cleave+1","True Grit+1"],"picked":"Metallicize+1","floor":40.0},{"not_picked":["Shockwave+1","ReplayReversal","Feed"],"picked":"ReplayTheSpireMod:Limb From Limb","floor":42.0},{"not_picked":["Flame Barrier+1","Thunderclap","Heavy Blade+1"],"picked":"Double Tap","floor":44.0},{"not_picked":["Cleave","True Grit","Anger","ReplayTheSpireMod:Strike From Hell"],"picked":"SKIP","floor":46.0},{"not_picked":["Seeing Red+1","Anger+1","Thunderclap+1"],"picked":"Berserk+1","floor":48}],"player_experience":314450,"relics_obtained":[{"floor":8.0,"key":"InkBottle"},{"floor":9.0,"key":"Replay:Bottled Eggs"},{"floor":13.0,"key":"Snack Pack"},{"floor":22.0,"key":"Red Mask"},{"floor":23.0,"key":"Grinning Jar"},{"floor":25.0,"key":"Bottled Tornado"},{"floor":26.0,"key":"CeramicFish"},{"floor":28.0,"key":"Question Card"},{"floor":31.0,"key":"Golden Egg"},{"floor":32.0,"key":"Tiny Chest"},{"floor":40.0,"key":"MawBank"},{"floor":43.0,"key":"ReplayTheSpireMod:TigerMarble"},{"floor":44.0,"key":"Replay:Arrowhead"},{"floor":48,"key":"Toy Ornithopter"}],"event_choices":[{"damage_healed":0.0,"max_hp_gain":0.0,"max_hp_loss":0.0,"gold_gain":75.0,"event_name":"World of Goop","player_choice":"Gather Gold","floor":2.0,"gold_loss":0.0,"damage_taken":11.0},{"cards_removed":["Strike_R"],"damage_healed":0.0,"max_hp_gain":0.0,"max_hp_loss":0.0,"gold_gain":0.0,"event_name":"The Cleric","player_choice":"Card Removal","floor":4.0,"gold_loss":50.0,"damage_taken":0.0},{"damage_healed":0.0,"max_hp_gain":0.0,"max_hp_loss":0.0,"gold_gain":175.0,"event_name":"Liars Game","player_choice":"AGREE","floor":6.0,"gold_loss":0.0,"damage_taken":0.0,"cards_obtained":["Doubt"]},{"damage_healed":0.0,"max_hp_gain":0.0,"max_hp_loss":0.0,"gold_gain":0.0,"event_name":"The Mausoleum","player_choice":"Opened","floor":19.0,"gold_loss":0.0,"damage_taken":0.0,"relics_obtained":["Frozen Egg 2"],"cards_obtained":["Writhe"]},{"damage_healed":0.0,"max_hp_gain":0.0,"max_hp_loss":0.0,"gold_gain":0.0,"event_name":"Masked Bandits","player_choice":"Fought Bandits","floor":22.0,"gold_loss":0.0,"damage_taken":0.0},{"damage_healed":0.0,"max_hp_gain":0.0,"max_hp_loss":0.0,"gold_gain":0.0,"event_name":"Match and Keep!","player_choice":"2 cards matched","floor":37.0,"gold_loss":0.0,"damage_taken":0.0,"cards_obtained":["Corruption","Jack Of All Trades"]}],"is_beta":false,"boss_relics":[{"not_picked":["Empty Cage","SacredBark"],"picked":"Replay:Bronze Core"},{"not_picked":["Calling Bell","Replay:Ancient Bell"],"picked":"Velvet Choker"}],"items_purged_floors":[11,20,38],"is_endless":false,"potions_floor_spawned":[3,8,14,16,18,22,25,30,33,39,46],"ascension_level":7}}