{"host":"nnt34ungdh9fkcmy","time":1611685648,"event":{"mods":["BaseMod","Downfall","Minty Spire (QoL Compilation)","StSLib","SuperFastMode"],"gold_per_floor":[99,99,99,99,115,134,134,234,134,153,179,238,257,257,276,381,381,281,298,315,50,50,50,98,117,150,160,185,203,223,254,264,264,264,264],"floor_reached":33,"language":"ENG","playtime":1504,"items_purged":["hexamod:Strike"],"score":314,"play_id":"324849a9-7140-4c6e-a64f-74f05e3a302a","local_time":"20210126112728","is_ascension_mode":false,"campfire_choices":[{"data":"hexamod:Sear","floor":1,"key":"SMITH"},{"data":"hexamod:SuperheatedStrike","floor":9,"key":"SMITH"},{"floor":18,"key":"RECALL"}],"circlet_count":0,"master_deck":["hexamod:Defend","hexamod:Defend","hexamod:Defend","hexamod:Defend","hexamod:Sear+1","hexamod:Float","hexamod:SpectersWail","hexamod:RainOfEmbers","hexamod:Rewind","hexamod:ShieldOfDarkness","hexamod:SuperheatedStrike+1","hexamod:FlamesFromBeyond","hexamod:GhostOfSpirePast","hexamod:SoulSteal","hexamod:ShieldOfDarkness","hexamod:NecessarySacrifice","hexamod:ForkedFlame","hexamod:BurningTouch+1","hexamod:PhantomCloak","hexamod:FastForward+1","expansioncontent:QuickStudy","hexamod:PhantomCloak","hexamod:AdvancingGuard+1"],"relics":["hexamod:SpiritBrand","downfall:HeartsMalice","downfall:HeartBlessingBlue","Question Card","Matryoshka","Empty Cage","downfall:HeartBlessingGreen","Enchiridion","Strawberry","Vajra","Nunchaku","Red Mask","The Courier"],"acts_visited":["Exordium","TheCity"],"potions_floor_usage":[29,33],"damage_taken":[{"damage":0,"enemies":"Small Slimes","floor":2,"turns":1},{"damage":0,"enemies":"Jaw Worm","floor":3,"turns":1},{"damage":0,"enemies":"Cultist","floor":4,"turns":1},{"damage":2,"enemies":"2 Fungi Beasts","floor":5,"turns":3},{"damage":0,"enemies":"Exordium Thugs","floor":6,"turns":5},{"damage":0,"enemies":"3 Louse","floor":10,"turns":3},{"damage":11,"enemies":"Lagavulin","floor":11,"turns":6},{"damage":4,"enemies":"3 Sentries","floor":12,"turns":5},{"damage":0,"enemies":"Blue Slaver","floor":13,"turns":3},{"damage":0,"enemies":"2 Fungi Beasts","floor":15,"turns":3},{"damage":54,"enemies":"WA_ARCHETYPE_RETAIN","floor":16,"turns":10},{"damage":1,"enemies":"Shell Parasite","floor":19,"turns":4},{"damage":11,"enemies":"3 Byrds","floor":20,"turns":3},{"damage":0,"enemies":"downfall:FleeingMerchant","floor":21,"turns":4},{"damage":6,"enemies":"Shelled Parasite and Fungi","floor":25,"turns":3},{"damage":14,"enemies":"Slavers","floor":26,"turns":3},{"damage":6,"enemies":"Cultist and Chosen","floor":27,"turns":3},{"damage":1,"enemies":"Masked Bandits","floor":28,"turns":3},{"damage":0,"enemies":"Centurion and Healer","floor":29,"turns":7},{"damage":16,"enemies":"Snake Plant","floor":30,"turns":4},{"damage":22,"enemies":"Book of Stabbing","floor":31,"turns":6},{"damage":0,"enemies":"Snecko","floor":32,"turns":4},{"damage":20,"enemies":"DF_ARCHETYPE_CLAW","floor":33,"turns":3}],"seed_played":"1403881700973015381","potions_obtained":[{"floor":6,"key":"Guardian:BlockOnCardUsePotion"},{"floor":11,"key":"AttackPotion"},{"floor":12,"key":"Strength Potion"},{"floor":19,"key":"hexamod:EctoCoolerPotion"},{"floor":31,"key":"GamblersBrew"}],"is_trial":false,"path_per_floor":["R","M","M","M","M","M","T","?","R","M","E","?","M","?","M","B",null,"R","M","M","$","?","?","T","M","E","M","?","M","M","E","M","B"],"character_chosen":"THE_SPIRIT","items_purchased":["expansioncontent:QuickStudy"],"campfire_rested":0,"item_purchase_floors":[21],"current_hp_per_floor":[70,70,70,70,68,68,68,68,78,78,67,63,63,63,63,9,80,80,79,68,68,68,52,59,53,39,33,32,32,16,14,14,0,0,0],"gold":264,"neow_bonus":"THREE_ENEMY_KILL","is_daily":false,"chose_seed":false,"campfire_upgraded":2,"win_rate":0.0,"timestamp":1611685648,"path_taken":["R","M","M","M","M","M","T","?","R","M","E","?","?","?","M","BOSS","R","M","M","$","?","?","T","M","E","M","?","?","M","E","M","BOSS"],"items_purchased_type":["Card"],"build_version":"2020-12-22","purchased_purges":1,"victory":false,"max_hp_per_floor":[70,70,70,70,70,70,70,70,80,80,80,80,80,80,80,80,80,80,80,80,80,80,80,87,87,87,87,87,87,87,87,87,87,87,87],"card_choices":[{"not_picked":["hexamod:BurningTouch","hexamod:RetreatToShadows"],"picked":"hexamod:SpectersWail","floor":2},{"not_picked":["hexamod:InspiringFlames","hexamod:BacktrackSmack"],"picked":"hexamod:RainOfEmbers","floor":3},{"not_picked":["hexamod:ThermalTransfer","hexamod:GhostOfSpireFuture"],"picked":"hexamod:Rewind","floor":4},{"not_picked":["hexamod:Again","hexamod:PhantomFireball"],"picked":"hexamod:ShieldOfDarkness","floor":5},{"not_picked":["hexamod:CatchUp","hexamod:HauntingEcho"],"picked":"hexamod:SuperheatedStrike","floor":6},{"not_picked":["hexamod:NightmareStrike","hexamod:GhostLash"],"picked":"hexamod:FlamesFromBeyond","floor":10},{"not_picked":["hexamod:InspiringFlames","hexamod:HeatCrush"],"picked":"hexamod:GhostOfSpirePast","floor":11},{"not_picked":["hexamod:NightmareStrike","hexamod:FourthSeal","hexamod:HeatShield"],"picked":"hexamod:SoulSteal","floor":12},{"not_picked":["hexamod:WildfireWeapon","hexamod:GhostOfSpirePast","hexamod:NightmareStrike"],"picked":"hexamod:ShieldOfDarkness","floor":13},{"not_picked":["hexamod:PhantomFireball","hexamod:HeatMetal","hexamod:FlamesFromBeyond"],"picked":"hexamod:NecessarySacrifice","floor":15},{"not_picked":["hexamod:TurnItUp","hexamod:TimeOfNeed","hexamod:GhostOfSpirePresent"],"picked":"hexamod:ForkedFlame","floor":16},{"not_picked":["hexamod:SpectralSpark+1","hexamod:ShieldOfDarkness","hexamod:Hexaguard"],"picked":"hexamod:BurningTouch+1","floor":19},{"not_picked":["hexamod:Hexaguard","hexamod:InspiringFlames","hexamod:PhantomFireball"],"picked":"hexamod:PhantomCloak","floor":20},{"not_picked":["hexamod:SuperheatedStrike","hexamod:BurningTouch","hexamod:RetreatToShadows"],"picked":"hexamod:FastForward+1","floor":21},{"not_picked":["hexamod:BacktrackSmack","hexamod:TurnItUp","hexamod:ThermalTransfer"],"picked":"hexamod:PhantomCloak","floor":25},{"not_picked":["hexamod:AdvancingGuard","hexamod:ThermalTransfer","hexamod:HeatMetal","hexamod:FlamesFromBeyond"],"picked":"SKIP","floor":26},{"not_picked":["hexamod:GhostShield","hexamod:BurningTouch","hexamod:Hexaguard","hexamod:NightmareStrike"],"picked":"SKIP","floor":27},{"not_picked":["hexamod:SwordOfDarkness","hexamod:Haunt","hexamod:RadiantFlame"],"picked":"hexamod:AdvancingGuard+1","floor":28},{"not_picked":["hexamod:NightmareStrike","hexamod:HeatMetal","hexamod:SkipABeat","hexamod:RainOfEmbers+1"],"picked":"SKIP","floor":29},{"not_picked":["hexamod:NightmareStrike+1","hexamod:HauntingEcho","hexamod:TurnItUp","hexamod:ShieldOfDarkness"],"picked":"SKIP","floor":30},{"not_picked":["hexamod:RecurringNightmare","hexamod:FourthSeal","hexamod:Again+1","hexamod:RadiantFlame+1"],"picked":"SKIP","floor":31},{"not_picked":["hexamod:SpectersWail","hexamod:SecondSeal","hexamod:ShieldOfDarkness","hexamod:SuperheatedStrike"],"picked":"SKIP","floor":32}],"player_experience":266986,"relics_obtained":[{"floor":11,"key":"Question Card"},{"floor":12,"key":"Matryoshka"},{"floor":23,"key":"Enchiridion"},{"floor":24,"key":"Strawberry"},{"floor":24,"key":"Vajra"},{"floor":26,"key":"Nunchaku"},{"floor":28,"key":"Red Mask"},{"floor":31,"key":"The Courier"}],"event_choices":[{"cards_removed":["hexamod:Strike"],"damage_healed":0,"gold_gain":0,"player_choice":"Card Removal","damage_taken":0,"max_hp_gain":0,"max_hp_loss":0,"event_name":"Wheel of Change","floor":14,"gold_loss":0},{"damage_healed":0,"gold_gain":0,"player_choice":"Fought Bandits","damage_taken":0,"max_hp_gain":0,"max_hp_loss":0,"event_name":"Masked Bandits","floor":28,"gold_loss":0}],"is_beta":false,"boss_relics":[{"not_picked":["bronze:MakeshiftBattery","Snecko Eye"],"picked":"Empty Cage"}],"items_purged_floors":[21],"is_endless":false,"potions_floor_spawned":[6,11,12,19,20,26,31,32],"killed_by":"DF_ARCHETYPE_CLAW","ascension_level":0}}