{"host":"8s7r99mpv862ws6o","time":1611680302,"event":{"mods":["AchievementEnabler","Act Like it!","BaseMod","Gensokyo","GifTheSpireLib","Marisa£®ÏF”Í°°ƒß¿Ì…≥£©","Minty Spire (QoL Compilation)","Quick Restart","StSLib"],"gold_per_floor":[112,125,125,139,490,519,519,519,519,519,545,545,572,583,583,687,687,704,704,718,435,435,463,463,463,463,473,508,518,532,532,532,627,627,637,637,637,637,648,679,679,708,760,760,785,451,471,505,505,505,505,505,195,229,229],"floor_reached":56,"language":"ZHS","playtime":4670,"items_purged":["Strike_MRS","Defend_MRS"],"score":1698,"play_id":"88463739-5d4a-4827-b5ea-a015559cd095","local_time":"20210127005822","is_ascension_mode":true,"campfire_choices":[{"data":"Apotheosis","floor":12.0,"key":"SMITH"},{"data":"OrrerysSun","floor":15.0,"key":"SMITH"},{"data":"MagicChant","floor":24.0,"key":"SMITH"},{"data":"OortCloud","floor":32.0,"key":"SMITH"},{"data":"PropBag","floor":41.0,"key":"SMITH"},{"data":"EnergyFlow","floor":44.0,"key":"SMITH"},{"floor":49.0,"key":"RECALL"},{"data":"Madness","floor":52.0,"key":"SMITH"}],"circlet_count":0,"master_deck":["MasterSpark","UpSweep","MagicChant+1","SporeBomb","GrandCross","OrrerysSun+1","Apotheosis+1","EnergyFlow+1","MilkyWay","Gensokyo:MarisaTwilightSpark","MysteriousBeam","GalacticHalo+1","Acceleration","Orbital","Writhe","NonDirectionalLaser+1","Parasite","OortCloud+1","PropBag","CasketOfStar","Gensokyo:GreaterSplit","Doubt","Parasite","PropBag+1","Parasite","Parasite","Gensokyo:AllTheWorldsEvil","Madness+1","SuperPerseids","Secret Weapon","ManaRampage"],"relics":["MiniHakkero","Gensokyo:CelestialsFlawlessClothing","Pantograph","Thread and Needle","Kunai","Bronze Scales","Juzu Bracelet","Cursed Key","War Paint","Anchor","BreadOfAWashokuLover","Regal Pillow","Pear","Empty Cage","Gensokyo:EmptyGrave","HandmadeGrimoire","Art of War","ShroomBag","Du-Vu Doll","Torii","Happy Flower","ClockworkSouvenir","Orichalcum"],"acts_visited":["Exordium","Gensokyo:Gensokyo","Gensokyo:Gensokyoer","TheEnding"],"potions_floor_usage":[55,55],"damage_taken":[{"damage":0.0,"enemies":"Gensokyo:Python","floor":1.0,"turns":2.0},{"damage":1.0,"enemies":"Gensokyo:2_Kodama","floor":2.0,"turns":4.0},{"damage":9.0,"enemies":"Gensokyo:Gryphon","floor":4.0,"turns":4.0},{"damage":0.0,"enemies":"Gensokyo:Mamizou","floor":6.0,"turns":5.0},{"damage":0.0,"enemies":"Gensokyo:Aya","floor":11.0,"turns":4.0},{"damage":0.0,"enemies":"Gensokyo:Mamizou","floor":13.0,"turns":4.0},{"damage":0.0,"enemies":"Gensokyo:CorruptedTreant","floor":14.0,"turns":4.0},{"damage":0.0,"enemies":"Gensokyo:Reimu","floor":16.0,"turns":6.0},{"damage":3.0,"enemies":"Gensokyo:CosmicMonolith","floor":18.0,"turns":3.0},{"damage":0.0,"enemies":"Gensokyo:2_Gloops","floor":20.0,"turns":4.0},{"damage":11.0,"enemies":"Gensokyo:Tenshi","floor":23.0,"turns":3.0},{"damage":0.0,"enemies":"Gensokyo:Mirror_and_Dog","floor":27.0,"turns":3.0},{"damage":0.0,"enemies":"Gensokyo:Reisen","floor":28.0,"turns":3.0},{"damage":21.0,"enemies":"Gensokyo:Slime_Group","floor":29.0,"turns":4.0},{"damage":2.0,"enemies":"Gensokyo:Monolith_and_Dog","floor":30.0,"turns":4.0},{"damage":3.0,"enemies":"Gensokyo:Eternal_Rivals","floor":33.0,"turns":6.0},{"damage":2.0,"enemies":"Gensokyo:3_Bats","floor":35.0,"turns":2.0},{"damage":15.0,"enemies":"Gensokyo:AncientGuardian","floor":39.0,"turns":4.0},{"damage":18.0,"enemies":"Gensokyo:Marisa","floor":40.0,"turns":4.0},{"damage":25.0,"enemies":"Gensokyo:Kasen","floor":42.0,"turns":5.0},{"damage":0.0,"enemies":"Gensokyo:Doremy","floor":45.0,"turns":4.0},{"damage":0.0,"enemies":"Gensokyo:4_Bats","floor":47.0,"turns":2.0},{"damage":4.0,"enemies":"Gensokyo:Kasen","floor":48.0,"turns":4.0},{"damage":0.0,"enemies":"Gensokyo:Shinki","floor":50.0,"turns":6.0},{"damage":1.0,"enemies":"Shield and Spear","floor":54.0,"turns":5.0},{"damage":38,"enemies":"The Heart","floor":55,"turns":6}],"seed_played":"3299829362094729893","potions_obtained":[{"floor":2.0,"key":"Fire Potion"},{"floor":11.0,"key":"Block Potion"},{"floor":13.0,"key":"SneckoOil"},{"floor":16.0,"key":"PowerPotion"},{"floor":20.0,"key":"BottledSpark"},{"floor":27.0,"key":"SpeedPotion"},{"floor":40.0,"key":"GamblersBrew"},{"floor":45.0,"key":"Block Potion"}],"is_trial":false,"path_per_floor":["M","M","?","M","$","E","?","?","T","?","E","R","E","M","R","B",null,"M","?","M","$","?","E","R","?","T","M","E","M","M","?","R","B",null,"M","?","?","T","M","E","R","E","T","R","E","$","M","E","R","B",null,"R","$","E","B",null],"character_chosen":"MARISA","items_purchased":["OrrerysSun","Pantograph","Apotheosis","War Paint","Orbital","Madness","SuperPerseids","Secret Weapon","Happy Flower","ClockworkSouvenir"],"campfire_rested":0,"item_purchase_floors":[5,5,5,21,21,46,46,46,53,53],"current_hp_per_floor":[68,67,50,41,41,41,41,41,41,41,41,41,41,41,41,66,68,65,65,65,65,65,54,54,54,54,54,54,34,34,44,44,67,73,71,71,68,68,56,50,50,26,26,26,56,56,62,64,64,81,81,81,81,81,47],"gold":229,"neow_bonus":"REMOVE_TWO","is_daily":false,"chose_seed":false,"campfire_upgraded":7,"win_rate":0.0,"timestamp":1611680302,"path_taken":["M","M","?","M","$","E","?","?","T","?","E","R","E","M","R","BOSS","M","?","M","$","?","E","R","?","T","M","E","M","M","?","R","BOSS","M","?","?","?","M","E","R","E","T","R","E","$","M","E","R","BOSS","R","$","E","BOSS"],"items_purchased_type":["Card","Relic","Card","Relic","Card","Card","Card","Card","Relic","Relic"],"build_version":"2020-12-22","purchased_purges":2,"victory":true,"max_hp_per_floor":[68,68,68,68,68,68,68,68,68,68,68,68,68,68,68,68,68,68,68,68,68,68,68,68,68,68,68,68,68,68,73,73,73,73,73,73,68,68,68,68,68,68,68,68,81,81,81,81,81,81,81,81,81,81,81],"card_choices":[{"not_picked":["NonDirectionalLaser","LuminesStrike"],"picked":"MagicChant","floor":1.0},{"not_picked":["WitchOfGreed","ShootingEcho"],"picked":"SporeBomb","floor":2.0},{"not_picked":["WitchLeyline","NonDirectionalLaser"],"picked":"GrandCross","floor":4.0},{"not_picked":["ManaConvection","DarkSpark"],"picked":"EnergyFlow","floor":6.0},{"not_picked":["NonDirectionalLaser","EarthLightRay"],"picked":"MilkyWay","floor":8.0},{"not_picked":["StarBarrage","IllusionStar"],"picked":"MysteriousBeam","floor":11.0},{"not_picked":["DoubleSpark","UnstableBomb","MagicAbsorber"],"picked":"SKIP","floor":13.0},{"not_picked":["WitchOfGreed","ManaConvection","MilkyWay"],"picked":"SKIP","floor":14.0},{"not_picked":["BinaryStars","SatelliteIllusion"],"picked":"UltimateShortwave","floor":16.0},{"not_picked":["WitchOfGreed","LuminesStrike+1"],"picked":"GalacticHalo+1","floor":18.0},{"not_picked":["6A","MachineGunSpark","WitchOfGreed"],"picked":"SKIP","floor":20.0},{"not_picked":["WitchOfGreed","UnstableBomb+1"],"picked":"NonDirectionalLaser+1","floor":23.0},{"not_picked":["GasGiant","RefractionSpark","6A"],"picked":"SKIP","floor":27.0},{"not_picked":["RefractionSpark+1","TreasureHunter","GrandCross+1"],"picked":"SKIP","floor":28.0},{"not_picked":["Acceleration","PowerUp"],"picked":"OortCloud","floor":29.0},{"not_picked":["OneTimeOff+1","ShootingEcho"],"picked":"PropBag","floor":30.0},{"not_picked":["JA","BinaryStars"],"picked":"CasketOfStar","floor":33.0},{"not_picked":["AsteroidBelt","DoubleSpark","ShootingEcho+1"],"picked":"SKIP","floor":35.0},{"not_picked":["WitchLeyline+1","ShootingEcho+1","MagicAbsorber"],"picked":"SKIP","floor":39.0},{"not_picked":["EnergyFlow","PowerUp"],"picked":"PropBag","floor":40.0},{"not_picked":["NonDirectionalLaser","MeteoricShower+1","DoubleSpark+1"],"picked":"SKIP","floor":42.0},{"not_picked":["ShootTheMoon","NonDirectionalLaser+1","SporeBomb+1"],"picked":"SKIP","floor":45.0},{"not_picked":["WitchLeyline+1","SporeBomb+1"],"picked":"ManaRampage","floor":47.0},{"not_picked":["DragonMeteor","AsteroidBelt","WitchOfGreed"],"picked":"SKIP","floor":48.0},{"not_picked":["BinaryStars","OneTimeOff","DoubleSpark+1"],"picked":"SKIP","floor":54.0}],"player_experience":613005,"relics_obtained":[{"floor":6.0,"key":"Thread and Needle"},{"floor":9.0,"key":"Kunai"},{"floor":11.0,"key":"Bronze Scales"},{"floor":13.0,"key":"Juzu Bracelet"},{"floor":23.0,"key":"Anchor"},{"floor":26.0,"key":"BreadOfAWashokuLover"},{"floor":28.0,"key":"Regal Pillow"},{"floor":38.0,"key":"HandmadeGrimoire"},{"floor":40.0,"key":"Art of War"},{"floor":42.0,"key":"ShroomBag"},{"floor":45.0,"key":"Du-Vu Doll"},{"floor":48.0,"key":"Torii"},{"floor":54.0,"key":"Orichalcum"}],"event_choices":[],"is_beta":false,"boss_relics":[{"not_picked":["Snecko Eye","Fusion Hammer"],"picked":"Cursed Key"},{"not_picked":["Astrolabe","Runic Pyramid"],"picked":"Empty Cage"}],"items_purged_floors":[5,21],"is_endless":false,"potions_floor_spawned":[2,11,13,16,20,23,27,28,33,40,45,48],"ascension_level":1}}