{"host":"l84l8xigz5v5foa2","time":1611653660,"event":{"mods":["2.2 Compatiblity","AchievementEnabler","BaseMod","Better Note","Better Vampires","Card Filter","Colored Map","DeckTracker","Downfall","Gremlin Skip","Highlight Path","Keyboard Shortcuts","Minty Spire (QoL Compilation)","Permanent Neow","Quick Restart","Relic Filter","Relic Stats","StSLib","SuperFastMode","Transform Curses","Unknown Chances"],"gold_per_floor":[199,218,277,377,178,178,178,278,278,278,278],"floor_reached":9,"language":"ENG","playtime":299,"items_purged":["hexamod:Strike"],"score":94,"play_id":"2699a220-740b-456a-9ab7-8313de99313e","local_time":"20210126183420","is_ascension_mode":true,"campfire_choices":[{"data":"hexamod:Float","floor":1,"key":"SMITH"}],"circlet_count":0,"master_deck":["AscendersBane","hexamod:Strike","hexamod:Strike","hexamod:Strike","hexamod:Defend","hexamod:Defend","hexamod:Defend","hexamod:Sear","hexamod:Float+1","hexamod:StepThrough","hexamod:InspiringFlames","hexamod:HauntingEcho","hexamod:Hexaguard","hexamod:ForkedFlame","downfall:Icky"],"relics":["hexamod:SpiritBrand","Turnip","Eternal Feather"],"acts_visited":["Exordium"],"potions_floor_usage":[3,9],"damage_taken":[{"damage":0,"enemies":"2 Louse","floor":2,"turns":3},{"damage":43,"enemies":"3 Sentries","floor":3,"turns":11},{"damage":0,"enemies":"downfall:FleeingMerchant","floor":5,"turns":4},{"damage":19,"enemies":"Gremlin Nob","floor":9,"turns":4}],"seed_played":"-4280320248064181552","potions_obtained":[{"floor":2,"key":"bronze:BurnAndBuffPotion"}],"is_trial":false,"path_per_floor":["R","M","?","?","$","?","T","?","E"],"character_chosen":"THE_SPIRIT","items_purchased":["ColorlessPotion","hexamod:Hexaguard"],"campfire_rested":0,"item_purchase_floors":[5,5],"current_hp_per_floor":[57,57,14,14,14,14,14,14,0,0,0],"gold":278,"neow_bonus":"HUNDRED_GOLD","is_daily":false,"chose_seed":false,"campfire_upgraded":1,"win_rate":0.0,"timestamp":1611653660,"path_taken":["R","M","?","?","$","?","T","?","E"],"items_purchased_type":["Potion","Card"],"build_version":"2020-12-22","purchased_purges":1,"victory":false,"max_hp_per_floor":[63,63,63,63,63,63,63,63,63,63,63],"relic_stats":{"counters":[4,22],"Eternal Feather":0,"Turnip":[0],"obtain_stats":[{"Eternal Feather":7,"Turnip":3,"hexamod:SpiritBrand":0},{"Eternal Feather":3,"Turnip":2,"hexamod:SpiritBrand":0},{"Eternal Feather":18,"Turnip":14,"hexamod:SpiritBrand":0}]},"card_choices":[{"not_picked":["hexamod:GhostLash","hexamod:ThermalTransfer"],"picked":"hexamod:StepThrough","floor":2},{"not_picked":["hexamod:BacktrackSmack","hexamod:PhantomCloak"],"picked":"hexamod:InspiringFlames","floor":3},{"not_picked":["hexamod:NightmareStrike","hexamod:SuperheatedStrike"],"picked":"hexamod:HauntingEcho","floor":5}],"player_experience":3420477,"relics_obtained":[{"floor":3,"key":"Turnip"},{"floor":7,"key":"Eternal Feather"}],"event_choices":[{"damage_healed":0,"gold_gain":0,"cards_transformed":["hexamod:Defend"],"player_choice":"Change","damage_taken":0,"max_hp_gain":0,"max_hp_loss":0,"event_name":"Living Wall","floor":6,"gold_loss":0,"cards_obtained":["hexamod:ForkedFlame"]}],"is_beta":false,"boss_relics":[],"items_purged_floors":[5],"is_endless":false,"potions_floor_spawned":[2],"killed_by":"Gremlin Nob","ascension_level":20}}