{"host":"s125e4bodcwm0i3t","time":1611646667,"event":{"mods":["BaseMod","Hermit","Infinite Spire","Minty Spire (QoL Compilation)","Quick Restart","Replay The Spire","StSLib","The Cursed"],"gold_per_floor":[116,134,147,2,14,44,56,68,104,131,143,155,167,205,217,229,229],"floor_reached":16,"language":"ENG","playtime":790,"items_purged":["TheCursedMod:Strike_TheCursed"],"score":121,"play_id":"31d9f1c3-f555-48c3-a678-1d83a6ed145c","local_time":"20210126023747","is_ascension_mode":true,"campfire_choices":[{"data":"TheCursedMod:HellfireBreathing","floor":8,"key":"SMITH"},{"data":"Pot Of Greed","floor":13,"key":"SMITH"},{"floor":15,"key":"REST"}],"circlet_count":0,"master_deck":["TheCursedMod:Strike_TheCursed","TheCursedMod:Strike_TheCursed","TheCursedMod:Strike_TheCursed","TheCursedMod:Defend_TheCursed","TheCursedMod:Defend_TheCursed","TheCursedMod:Defend_TheCursed","TheCursedMod:Defend_TheCursed","TheCursedMod:CursedWand","TheCursedMod:CleanUpWorkshop+1","TheCursedMod:Dregs","Dramatic Entrance","TheCursedMod:WearCloak","TheCursedMod:BloodBarrier","TheCursedMod:ReleasedKnowledge","TheCursedMod:SpitefulPlan","TheCursedMod:SpitefulStrike","TheCursedMod:HellfireBreathing+1","TheCursedMod:CircleOfCorruption","Pot Of Greed","Pot Of Greed+1","Pain","TheCursedMod:Obscuration"],"relics":["TheCursedMod:BlackMagic101","MawBank","Bag of Preparation","Grinning Jar","WarpedTongs","Blue Candle"],"acts_visited":["Exordium"],"potions_floor_usage":[6,10,14],"damage_taken":[{"damage":0,"enemies":"Small Slimes","floor":1,"turns":3},{"damage":2,"enemies":"Jaw Worm","floor":2,"turns":3},{"damage":0,"enemies":"2 Louse","floor":3,"turns":2},{"damage":1,"enemies":"Lots of Slimes","floor":5,"turns":2},{"damage":1,"enemies":"Lagavulin","floor":6,"turns":10},{"damage":5,"enemies":"2 Fungi Beasts","floor":10,"turns":4},{"damage":30,"enemies":"Gremlin Nob","floor":14,"turns":4},{"damage":70,"enemies":"Slime Boss","floor":16,"turns":10}],"seed_played":"-8256053252861550299","potions_obtained":[{"floor":1,"key":"Regen Potion"},{"floor":3,"key":"DuplicationPotion"},{"floor":6,"key":"SmokeBomb"},{"floor":10,"key":"Regen Potion"}],"is_trial":false,"path_per_floor":["M","M","M","$","M","E","?","R","T","M","?","?","R","E","R","B"],"character_chosen":"THE_CURSED","items_purchased":["TheCursedMod:SpitefulPlan"],"campfire_rested":1,"item_purchase_floors":[4],"current_hp_per_floor":[75,73,73,73,72,71,71,71,71,70,70,70,70,47,69,0,0],"gold":229,"neow_bonus":"RANDOM_COLORLESS","is_daily":false,"chose_seed":false,"campfire_upgraded":2,"win_rate":0.0,"timestamp":1611646667,"path_taken":["M","M","M","$","M","E","?","R","T","M","?","?","R","E","R","BOSS"],"items_purchased_type":["Card"],"build_version":"2020-12-22","purchased_purges":1,"victory":false,"max_hp_per_floor":[75,75,75,75,75,75,75,75,75,75,75,75,75,75,75,75,75],"card_choices":[{"not_picked":["ReplayTheSpireMod:Trickstab","Trip"],"picked":"Dramatic Entrance","floor":0},{"not_picked":["TheCursedMod:AbyssShockwave","TheCursedMod:CircleOfAmplification"],"picked":"TheCursedMod:WearCloak","floor":1},{"not_picked":["TheCursedMod:SpreadPlague","TheCursedMod:CursedMace"],"picked":"TheCursedMod:BloodBarrier","floor":2},{"not_picked":["TheCursedMod:RavingStaff","TheCursedMod:Stigma"],"picked":"TheCursedMod:ReleasedKnowledge","floor":3},{"not_picked":["TheCursedMod:BloodBarrier","TheCursedMod:CursedMace"],"picked":"TheCursedMod:SpitefulStrike","floor":5},{"not_picked":["TheCursedMod:CircleOfAmplification","TheCursedMod:CursedShiv"],"picked":"TheCursedMod:HellfireBreathing","floor":6},{"not_picked":["TheCursedMod:StingEye","TheCursedMod:Torture"],"picked":"TheCursedMod:CircleOfCorruption","floor":10},{"not_picked":["TheCursedMod:SpitefulStrike","TheCursedMod:CursedShiv"],"picked":"TheCursedMod:Obscuration","floor":14}],"player_experience":288603,"relics_obtained":[{"floor":6,"key":"MawBank"},{"floor":9,"key":"Bag of Preparation"},{"floor":11,"key":"Grinning Jar"},{"floor":14,"key":"Blue Candle"}],"event_choices":[{"damage_healed":0,"gold_gain":0,"player_choice":"Rummage","damage_taken":0,"relics_obtained":["WarpedTongs"],"max_hp_gain":0,"max_hp_loss":0,"event_name":"Accursed Blacksmith","floor":12,"gold_loss":0,"cards_obtained":["Pain"]}],"is_beta":false,"boss_relics":[],"items_purged_floors":[4],"is_endless":false,"potions_floor_spawned":[1,3,6,10],"killed_by":"Slime Boss","ascension_level":2}}