{"host":"qdfumeom6htv8yxl","time":1611676674,"event":{"mods":["AchievementEnabler","BaseMod","Bestiary","Block Reminder","Minty Spire (QoL Compilation)","Quick Restart","Relic Stats"],"gold_per_floor":[111,186,186,198,213,213,232,258,258,258,258,277,29,40,40,40,40],"floor_reached":16,"language":"ENG","playtime":371,"items_purged":[],"score":194,"play_id":"c1df8a17-e175-4a78-92dd-8e74b357a025","local_time":"20210126095754","is_ascension_mode":true,"campfire_choices":[{"data":"Gash","floor":6.0,"key":"SMITH"},{"floor":10.0,"key":"REST"},{"data":"Genetic Algorithm","floor":15.0,"key":"SMITH"}],"circlet_count":0,"master_deck":["AscendersBane","Strike_B","Strike_B","Strike_B","Strike_B","Defend_B","Defend_B","Defend_B","Defend_B","Gash","Genetic Algorithm","Gash+1","Genetic Algorithm+1","All For One","Flash of Steel","Undo"],"relics":["Cracked Core","NeowsBlessing","StrikeDummy","Frozen Egg 2","Nunchaku"],"acts_visited":["Exordium"],"potions_floor_usage":[16],"damage_taken":[{"damage":0.0,"enemies":"Small Slimes","floor":1.0,"turns":1.0},{"damage":0.0,"enemies":"Jaw Worm","floor":4.0,"turns":1.0},{"damage":0.0,"enemies":"Cultist","floor":5.0,"turns":1.0},{"damage":6.0,"enemies":"2 Fungi Beasts","floor":7.0,"turns":3.0},{"damage":35.0,"enemies":"Gremlin Nob","floor":8.0,"turns":4.0},{"damage":1.0,"enemies":"Exordium Thugs","floor":12.0,"turns":4.0},{"damage":1.0,"enemies":"Lots of Slimes","floor":14.0,"turns":2.0},{"damage":35,"enemies":"Slime Boss","floor":16,"turns":6}],"seed_played":"-7397702894990292679","potions_obtained":[{"floor":4.0,"key":"PowerPotion"},{"floor":7.0,"key":"Strength Potion"},{"floor":8.0,"key":"LiquidBronze"},{"floor":14.0,"key":"BlessingOfTheForge"}],"is_trial":false,"path_per_floor":["M","?","?","M","M","R","M","E","T","R","?","M","$","M","R","B"],"character_chosen":"DEFECT","items_purchased":["Flash of Steel","Nunchaku"],"campfire_rested":1,"item_purchase_floors":[13,13],"current_hp_per_floor":[64,53,53,53,53,53,47,12,12,33,33,32,32,31,31,0,0],"gold":40,"neow_bonus":"THREE_ENEMY_KILL","is_daily":false,"chose_seed":false,"campfire_upgraded":2,"win_rate":0.0,"timestamp":1611676674,"path_taken":["M","?","?","?","M","R","M","E","T","R","?","M","$","M","R","BOSS"],"items_purchased_type":["Card","Relic"],"build_version":"2020-12-22","purchased_purges":0,"victory":false,"max_hp_per_floor":[71,71,71,71,71,71,71,71,71,71,71,71,71,71,71,71,71],"relic_stats":{"Nunchaku":[1],"counters":[8,22],"obtain_stats":[{"Nunchaku":13,"NeowsBlessing":0,"Frozen Egg 2":9,"Cracked Core":0,"StrikeDummy":8},{"Nunchaku":6,"NeowsBlessing":0,"Frozen Egg 2":5,"Cracked Core":0,"StrikeDummy":5},{"Nunchaku":14,"NeowsBlessing":0,"Frozen Egg 2":10,"Cracked Core":0,"StrikeDummy":10}]},"card_choices":[{"not_picked":["Undo","Chill"],"picked":"Gash","floor":1.0},{"not_picked":["Scrape","Streamline"],"picked":"Genetic Algorithm","floor":4.0},{"not_picked":["Melter","Tempest"],"picked":"Gash","floor":5.0},{"not_picked":["Double Energy","Loop"],"picked":"Genetic Algorithm","floor":7.0},{"not_picked":["Double Energy","Undo"],"picked":"All For One","floor":8.0},{"not_picked":["Ball Lightning","Compile Driver","Coolheaded"],"picked":"SKIP","floor":12.0},{"not_picked":["Stack","Steam"],"picked":"Undo","floor":14.0}],"player_experience":1832293,"relics_obtained":[{"floor":8.0,"key":"StrikeDummy"},{"floor":9.0,"key":"Frozen Egg 2"}],"event_choices":[{"damage_healed":0.0,"max_hp_gain":0.0,"max_hp_loss":0.0,"gold_gain":75.0,"event_name":"World of Goop","player_choice":"Gather Gold","floor":2.0,"gold_loss":0.0,"damage_taken":11.0},{"cards_removed":["Dualcast"],"damage_healed":0.0,"max_hp_gain":0.0,"max_hp_loss":0.0,"gold_gain":0.0,"event_name":"Bonfire Elementals","player_choice":"Offered Basic","floor":3.0,"gold_loss":0.0,"damage_taken":0.0},{"cards_removed":["Zap"],"damage_healed":0.0,"max_hp_gain":0.0,"max_hp_loss":0.0,"gold_gain":0.0,"event_name":"Purifier","player_choice":"Purged","floor":11.0,"gold_loss":0.0,"damage_taken":0.0}],"is_beta":false,"boss_relics":[],"items_purged_floors":[],"is_endless":false,"potions_floor_spawned":[4,7,8,14],"killed_by":"Slime Boss","ascension_level":18}}