{"host":"aqym1xxr3lb31d9m","time":1611677904,"event":{"mods":["BaseMod","Block Reminder","Colored Map","Colored Powertips","DeckTracker","Highlight Path","Minty Spire (QoL Compilation)","Quick Restart","Random Character Button","StSLib","SuperFastMode","UnlockEverythingMod"],"gold_per_floor":[215,215,227,204,241,281,293,329,367,46,63,81,81,96,96,167,167,184,184,195,195,33,33,67,67,67,117,117,117,133,44,44,118,118,128,1127,1127,671,687,687,199,229,229,262,262,277,296,321,321,321,321,321,321,54,88,88],"floor_reached":57,"language":"JPN","playtime":7949,"items_purged":["Normality","Normality"],"score":2979,"play_id":"6fc81de6-7082-4b27-b4cd-f47c70f61567","local_time":"20210127011824","is_ascension_mode":true,"campfire_choices":[{"data":"Zap","floor":7,"key":"SMITH"},{"floor":13,"key":"REST"},{"data":"Defragment","floor":15,"key":"SMITH"},{"data":"Fission","floor":23,"key":"SMITH"},{"data":"Sunder","floor":25,"key":"SMITH"},{"data":"Seek","floor":28,"key":"SMITH"},{"data":"Recycle","floor":32,"key":"SMITH"},{"data":"Apotheosis","floor":40,"key":"SMITH"},{"floor":49,"key":"RECALL"},{"data":"Steam Power","floor":53,"key":"SMITH"}],"circlet_count":0,"master_deck":["AscendersBane","Zap+1","Dualcast","BootSequence","Capacitor","Beam Cell","Turbo","Steam Power","Steam Power+1","Sweeping Beam","Defragment+1","Fission+1","Self Repair","Rebound","Defragment","Double Energy","Sunder+1","Buffer","Coolheaded","Consume","Fusion","Turbo+1","Seek+1","Glacier","Double Energy","Recycle+1","Electrodynamics","FTL","Apotheosis+1","Discovery","Thinking Ahead","Seek+1","Hologram","Recycle+1","Hologram","Glacier","Undo","Hologram","Hologram","PanicButton","Consume"],"relics":["Cracked Core","MawBank","Orichalcum","Whetstone","Bag of Preparation","Akabeko","Runic Capacitor","Pandora\u0027s Box","Dead Branch","Question Card","Inserter","DataDisk","DollysMirror","Mummified Hand","Bag of Marbles","Happy Flower","Regal Pillow","Toy Ornithopter","Lantern"],"acts_visited":["Exordium","TheCity","TheBeyond","TheEnding"],"potions_floor_usage":[16,24,56,56],"damage_taken":[{"damage":7,"enemies":"Jaw Worm","floor":1,"turns":3},{"damage":38,"enemies":"Lagavulin","floor":6,"turns":8},{"damage":0,"enemies":"2 Louse","floor":11,"turns":1},{"damage":0,"enemies":"Small Slimes","floor":12,"turns":1},{"damage":1,"enemies":"Looter","floor":14,"turns":2},{"damage":13,"enemies":"Hexaghost","floor":16,"turns":9},{"damage":7,"enemies":"Shell Parasite","floor":18,"turns":5},{"damage":0,"enemies":"Spheric Guardian","floor":20,"turns":4},{"damage":38,"enemies":"Gremlin Leader","floor":24,"turns":9},{"damage":14,"enemies":"Snake Plant","floor":30,"turns":4},{"damage":4,"enemies":"Champ","floor":33,"turns":15},{"damage":0,"enemies":"3 Shapes","floor":35,"turns":1},{"damage":0,"enemies":"3 Darklings","floor":39,"turns":22},{"damage":0,"enemies":"Nemesis","floor":42,"turns":5},{"damage":0,"enemies":"Giant Head","floor":44,"turns":6},{"damage":0,"enemies":"4 Shapes","floor":46,"turns":4},{"damage":0,"enemies":"Transient","floor":47,"turns":6},{"damage":0,"enemies":"Reptomancer","floor":48,"turns":4},{"damage":15,"enemies":"Time Eater","floor":50,"turns":39},{"damage":0,"enemies":"Donu and Deca","floor":51,"turns":6},{"damage":30,"enemies":"Shield and Spear","floor":55,"turns":57},{"damage":43,"enemies":"The Heart","floor":56,"turns":12}],"seed_played":"6236555707896083825","potions_obtained":[{"floor":6,"key":"PowerPotion"},{"floor":12,"key":"Ancient Potion"},{"floor":19,"key":"ColorlessPotion"},{"floor":20,"key":"SkillPotion"},{"floor":30,"key":"Fire Potion"},{"floor":33,"key":"GamblersBrew"},{"floor":39,"key":"PowerPotion"}],"is_trial":false,"path_per_floor":["M","?","?","?","T","E","R","T","T","$","M","M","R","M","R","B",null,"M","?","M","?","$","R","E","R","T","?","R","$","M","$","R","B",null,"M","?","?","$","M","R","$","E","T","E","$","M","M","E","R","B","B",null,"R","$","E","B",null],"character_chosen":"DEFECT","items_purchased":["Runic Capacitor","Beam Cell","Turbo","Steam Power","Seek","Recycle","DataDisk","DollysMirror","Hologram","Mummified Hand","Hologram","Glacier","Toy Ornithopter","PanicButton"],"campfire_rested":1,"item_purchase_floors":[10,10,10,10,22,31,38,38,38,41,41,41,54,54],"current_hp_per_floor":[57,22,22,39,39,1,1,1,1,1,1,1,22,21,21,8,55,55,55,62,62,62,62,31,31,31,31,31,31,24,24,24,27,60,67,67,57,57,71,71,71,71,71,71,71,71,71,71,71,71,71,71,71,71,61,38],"gold":88,"neow_bonus":"HUNDRED_GOLD","is_daily":false,"chose_seed":false,"campfire_upgraded":8,"win_rate":0.0,"timestamp":1611677904,"path_taken":["M","?","?","?","?","E","R","?","T","$","M","M","R","M","R","BOSS","M","?","?","?","$","R","E","R","T","?","R","?","M","$","R","BOSS","M","?","?","?","M","R","$","E","T","E","$","M","M","E","R","BOSS","BOSS","R","$","E","BOSS"],"items_purchased_type":["Relic","Card","Card","Card","Card","Card","Relic","Relic","Card","Relic","Card","Card","Relic","Card"],"build_version":"2020-12-22","purchased_purges":2,"victory":true,"max_hp_per_floor":[71,71,71,71,71,71,71,71,71,71,71,71,71,71,71,71,71,71,71,71,71,71,71,71,71,71,71,71,71,71,71,71,71,71,71,71,71,71,71,71,71,71,71,71,71,71,71,71,71,71,71,71,71,71,71,71],"card_choices":[{"not_picked":["Barrage","Redo"],"picked":"BootSequence","floor":1},{"not_picked":["Hologram","Steam"],"picked":"Capacitor","floor":6},{"not_picked":["Steam","Compile Driver"],"picked":"Steam Power","floor":11},{"not_picked":["Rainbow","Go for the Eyes"],"picked":"Sweeping Beam","floor":12},{"not_picked":["Ball Lightning","Reprogram"],"picked":"Defragment","floor":14},{"not_picked":["Reboot","Hyperbeam"],"picked":"Fission","floor":16},{"not_picked":["Reprogram","Redo"],"picked":"Fusion","floor":18},{"not_picked":["Cold Snap","Gash"],"picked":"Turbo+1","floor":20},{"not_picked":["Hologram","Storm+1"],"picked":"Glacier","floor":24},{"not_picked":["Lockon","Tempest","Beam Cell"],"picked":"Double Energy","floor":30},{"not_picked":["Multi-Cast","Rainbow","Hyperbeam"],"picked":"Electrodynamics","floor":33},{"not_picked":["Scrape","Streamline","Go for the Eyes"],"picked":"FTL","floor":35},{"not_picked":["Blind","Impatience","Panache"],"picked":"Apotheosis","floor":37},{"not_picked":["Chrysalis","Swift Strike","Violence"],"picked":"Discovery","floor":37},{"not_picked":["Blind","HandOfGreed","Good Instincts"],"picked":"Thinking Ahead","floor":37},{"not_picked":["Beam Cell","Consume","Turbo"],"picked":"Recycle+1","floor":39},{"not_picked":["Stack","Redo+1","Hyperbeam"],"picked":"Undo","floor":42},{"not_picked":["Chaos","Coolheaded","Turbo","Steam"],"picked":"SKIP","floor":44},{"not_picked":["Reinforced Body","Gash","Leap","Heatsinks"],"picked":"SKIP","floor":46},{"not_picked":["Defragment","Genetic Algorithm+1","Conserve Battery"],"picked":"Hologram","floor":47},{"not_picked":["Gash","Reinforced Body","Barrage+1"],"picked":"Hologram","floor":48},{"not_picked":["Streamline","Leap","Go for the Eyes+1"],"picked":"Consume","floor":55}],"player_experience":4068156,"relics_obtained":[{"floor":5,"key":"Orichalcum"},{"floor":6,"key":"Whetstone"},{"floor":8,"key":"Bag of Preparation"},{"floor":9,"key":"Akabeko"},{"floor":24,"key":"Dead Branch"},{"floor":26,"key":"Question Card"},{"floor":42,"key":"Bag of Marbles"},{"floor":44,"key":"Happy Flower"},{"floor":48,"key":"Regal Pillow"},{"floor":55,"key":"Lantern"}],"event_choices":[{"damage_healed":0,"gold_gain":0,"player_choice":"Success","damage_taken":35,"relics_obtained":["MawBank"],"max_hp_gain":0,"max_hp_loss":0,"event_name":"Scrap Ooze","floor":2,"gold_loss":0},{"damage_healed":0,"gold_gain":0,"player_choice":"Ignored","damage_taken":0,"max_hp_gain":0,"max_hp_loss":0,"event_name":"Shining Light","floor":3,"gold_loss":0},{"damage_healed":17,"gold_gain":0,"player_choice":"Healed","damage_taken":0,"max_hp_gain":0,"max_hp_loss":0,"event_name":"The Cleric","floor":4,"gold_loss":35},{"damage_healed":0,"gold_gain":0,"player_choice":"Got Potions","damage_taken":0,"max_hp_gain":0,"max_hp_loss":0,"event_name":"Lab","floor":19,"gold_loss":0},{"damage_healed":0,"gold_gain":0,"player_choice":"Simplicity","damage_taken":0,"max_hp_gain":0,"max_hp_loss":0,"event_name":"Back to Basics","floor":21,"gold_loss":0,"cards_upgraded":[]},{"damage_healed":0,"gold_gain":50,"player_choice":"Stole From Cult","damage_taken":0,"max_hp_gain":0,"max_hp_loss":0,"event_name":"Nest","floor":27,"gold_loss":0},{"damage_healed":0,"gold_gain":999,"player_choice":"Gold","damage_taken":0,"max_hp_gain":0,"max_hp_loss":0,"event_name":"MindBloom","floor":36,"gold_loss":0,"cards_obtained":["Normality","Normality"]},{"damage_healed":0,"gold_gain":0,"player_choice":"Memory 3","damage_taken":10,"max_hp_gain":0,"max_hp_loss":0,"event_name":"SensoryStone","floor":37,"gold_loss":0}],"is_beta":false,"boss_relics":[{"not_picked":["SlaversCollar","Busted Crown"],"picked":"Pandora\u0027s Box"},{"not_picked":["Nuclear Battery","Coffee Dripper"],"picked":"Inserter"}],"items_purged_floors":[38,41],"is_endless":false,"potions_floor_spawned":[6,12,20,30,33,39,42,47],"ascension_level":20}}