{"host":"8by3m8mve9y2rhh4","time":1611702682,"event":{"mods":["BaseMod","Minty Spire (QoL Compilation)","Quick Restart"],"gold_per_floor":[112,112,123,135,145,176,194,226,226,226,246,246,246,275,275,380,380,399,411,71,170,190,221,221,221,247,276,276,12,12,22,22,125,125,135,35,85,85,95,120,138,138,138,150,163,163,193,207,207,207,207,207,47,81,81,81],"floor_reached":55,"language":"ENG","playtime":3260,"items_purged":["Strike_G","Strike_G+1","Strike_G+1"],"score":879,"play_id":"3dc58277-0245-4f15-ae45-e998aa209a84","local_time":"20210126231122","is_ascension_mode":true,"campfire_choices":[{"data":"Dodge and Roll","floor":10,"key":"SMITH"},{"floor":12,"key":"RECALL"},{"data":"Adrenaline","floor":15,"key":"SMITH"},{"data":"Infinite Blades","floor":24,"key":"SMITH"},{"data":"Trip","floor":32,"key":"SMITH"},{"data":"Blade Dance","floor":42,"key":"SMITH"},{"data":"Neutralize","floor":46,"key":"SMITH"},{"data":"Backflip","floor":49,"key":"SMITH"},{"data":"Prepared","floor":52,"key":"SMITH"}],"circlet_count":0,"master_deck":["Strike_G+1","Defend_G+1","Defend_G+1","Defend_G+1","Defend_G+1","Defend_G+1","Survivor","Neutralize+1","Flash of Steel","Demon Form+1","Backflip+1","Dagger Spray","Dodge and Roll+1","Adrenaline+1","Dagger Throw+1","Dagger Spray","Blade Dance+1","Infinite Blades+1","Prepared+1","After Image+1","Trip+1","Caltrops+1","Accuracy+1","Decay","Riddle With Holes+1","After Image+1","Footwork+1","Dodge and Roll+1","Leg Sweep+1","Accuracy+1"],"relics":["Ring of the Snake","Ancient Tea Set","Eternal Feather","The Courier","Shuriken","Philosopher\u0027s Stone","Kunai","Frozen Egg 2","Pen Nib","Toy Ornithopter","Nilry\u0027s Codex","WristBlade","Incense Burner","Meat on the Bone","Juzu Bracelet","Lantern","Whetstone"],"acts_visited":["Exordium","TheCity","TheBeyond","TheEnding"],"potions_floor_usage":[6,14,16,22,31,37,40,50,50],"damage_taken":[{"damage":0,"enemies":"Small Slimes","floor":1,"turns":3},{"damage":5,"enemies":"Cultist","floor":3,"turns":4},{"damage":7,"enemies":"2 Louse","floor":4,"turns":3},{"damage":3,"enemies":"2 Fungi Beasts","floor":5,"turns":4},{"damage":5,"enemies":"Gremlin Nob","floor":6,"turns":3},{"damage":10,"enemies":"Large Slime","floor":7,"turns":4},{"damage":0,"enemies":"Lagavulin","floor":8,"turns":5},{"damage":1,"enemies":"Looter","floor":11,"turns":3},{"damage":2,"enemies":"Gremlin Nob","floor":14,"turns":3},{"damage":21,"enemies":"Hexaghost","floor":16,"turns":6},{"damage":6,"enemies":"Spheric Guardian","floor":18,"turns":4},{"damage":0,"enemies":"3 Byrds","floor":19,"turns":4},{"damage":2,"enemies":"Cultist and Chosen","floor":22,"turns":4},{"damage":6,"enemies":"Gremlin Leader","floor":23,"turns":5},{"damage":9,"enemies":"Book of Stabbing","floor":27,"turns":5},{"damage":2,"enemies":"Sentry and Sphere","floor":31,"turns":4},{"damage":0,"enemies":"Automaton","floor":33,"turns":5},{"damage":2,"enemies":"Orb Walker","floor":35,"turns":2},{"damage":1,"enemies":"Mind Bloom Boss Battle","floor":37,"turns":6},{"damage":23,"enemies":"3 Darklings","floor":39,"turns":4},{"damage":2,"enemies":"Nemesis","floor":40,"turns":9},{"damage":0,"enemies":"Sphere and 2 Shapes","floor":41,"turns":3},{"damage":5,"enemies":"4 Shapes","floor":44,"turns":3},{"damage":0,"enemies":"Writhing Mass","floor":45,"turns":5},{"damage":0,"enemies":"Giant Head","floor":47,"turns":5},{"damage":0,"enemies":"Jaw Worm Horde","floor":48,"turns":3},{"damage":11,"enemies":"Donu and Deca","floor":50,"turns":6},{"damage":21,"enemies":"Shield and Spear","floor":54,"turns":7},{"damage":101,"enemies":"The Heart","floor":55,"turns":8}],"seed_played":"-2139720867900596248","potions_obtained":[{"floor":1,"key":"Poison Potion"},{"floor":4,"key":"CunningPotion"},{"floor":6,"key":"Swift Potion"},{"floor":14,"key":"ColorlessPotion"},{"floor":19,"key":"Energy Potion"},{"floor":27,"key":"Dexterity Potion"},{"floor":33,"key":"Weak Potion"},{"floor":37,"key":"LiquidMemories"},{"floor":41,"key":"Block Potion"},{"floor":44,"key":"SteroidPotion"}],"is_trial":false,"path_per_floor":["M","?","M","M","M","E","M","E","T","R","M","R","?","E","R","B",null,"M","M","$","?","M","E","R","?","T","E","?","$","?","M","R","B",null,"M","$","?","?","M","E","M","R","T","M","M","R","E","M","R","B",null,"R","$","E","B"],"character_chosen":"THE_SILENT","items_purchased":["FairyPotion","Kunai","Trip","Caltrops+1","Accuracy+1","Lantern","SteroidPotion"],"campfire_rested":0,"item_purchase_floors":[20,20,29,29,29,53,53],"current_hp_per_floor":[70,70,65,58,55,50,40,40,40,49,48,60,60,58,67,46,70,64,64,64,64,62,56,68,68,68,59,43,43,43,46,61,61,70,68,68,69,69,46,49,49,64,64,59,59,70,70,70,70,64,70,70,70,49,0,0],"gold":81,"neow_bonus":"RANDOM_COLORLESS","is_daily":false,"chose_seed":false,"campfire_upgraded":8,"win_rate":0.0,"timestamp":1611702682,"path_taken":["M","?","M","?","M","E","M","E","T","R","M","R","?","E","R","BOSS","M","?","$","?","M","E","R","?","T","E","?","$","?","M","R","BOSS","M","$","?","?","M","E","M","R","T","M","?","R","E","M","R","BOSS","R","$","E","BOSS"],"items_purchased_type":["Potion","Relic","Card","Card","Card","Relic","Potion"],"build_version":"2020-12-22","purchased_purges":3,"victory":false,"max_hp_per_floor":[70,70,70,70,70,70,70,70,70,70,70,70,70,70,70,70,70,70,70,70,70,70,70,70,70,70,70,70,70,70,70,70,70,70,70,70,70,70,70,70,70,70,70,70,70,70,70,70,70,70,70,70,70,70,70,70],"card_choices":[{"not_picked":["Madness","Bandage Up"],"picked":"Flash of Steel","floor":0},{"not_picked":["Blade Dance","Quick Slash"],"picked":"Noxious Fumes","floor":1},{"not_picked":["Underhanded Strike","Sucker Punch"],"picked":"Backflip","floor":3},{"not_picked":["Dash","Dagger Throw"],"picked":"Dagger Spray","floor":4},{"not_picked":["Dagger Throw","Flying Knee"],"picked":"Dodge and Roll","floor":5},{"not_picked":["Flechettes","Endless Agony"],"picked":"Adrenaline","floor":6},{"not_picked":["Flying Knee","Deadly Poison","Concentrate"],"picked":"SKIP","floor":7},{"not_picked":["Deflect","Bane"],"picked":"Dagger Throw","floor":8},{"not_picked":["Backflip","Distraction"],"picked":"Dagger Spray","floor":11},{"not_picked":["PiercingWail","Masterful Stab","Dagger Throw"],"picked":"SKIP","floor":14},{"not_picked":["Flechettes","Flying Knee","Dagger Spray"],"picked":"SKIP","floor":18},{"not_picked":["Quick Slash","Masterful Stab"],"picked":"Blade Dance","floor":19},{"not_picked":["Slice+1","Dodge and Roll"],"picked":"Infinite Blades","floor":22},{"not_picked":["Dagger Spray","Backstab"],"picked":"Prepared","floor":23},{"not_picked":["Dagger Throw+1","Flechettes"],"picked":"After Image+1","floor":27},{"not_picked":["PiercingWail","Skewer"],"picked":"Riddle With Holes","floor":31},{"not_picked":["Slice+1","Tactician+1","Concentrate"],"picked":"SKIP","floor":35},{"not_picked":["Deadly Poison","Underhanded Strike","Acrobatics"],"picked":"SKIP","floor":39},{"not_picked":["Malaise","Predator+1"],"picked":"Footwork+1","floor":40},{"not_picked":["Slice+1","Sucker Punch"],"picked":"Dodge and Roll+1","floor":41},{"not_picked":["Underhanded Strike","Poisoned Stab+1"],"picked":"Leg Sweep+1","floor":44},{"not_picked":["Quick Slash","Crippling Poison","Eviscerate+1"],"picked":"SKIP","floor":45},{"not_picked":["Quick Slash","Crippling Poison","Eviscerate+1"],"picked":"SKIP","floor":45},{"not_picked":["Deadly Poison","Noxious Fumes+1","Riddle With Holes+1"],"picked":"SKIP","floor":47},{"not_picked":["Dagger Spray+1","Predator+1"],"picked":"Accuracy+1","floor":48},{"not_picked":["Quick Slash+1","Slice+1","Calculated Gamble"],"picked":"SKIP","floor":54}],"player_experience":732090,"relics_obtained":[{"floor":6,"key":"Ancient Tea Set"},{"floor":8,"key":"Eternal Feather"},{"floor":9,"key":"The Courier"},{"floor":14,"key":"Shuriken"},{"floor":23,"key":"Frozen Egg 2"},{"floor":26,"key":"Pen Nib"},{"floor":27,"key":"Toy Ornithopter"},{"floor":28,"key":"Nilry\u0027s Codex"},{"floor":37,"key":"Incense Burner"},{"floor":40,"key":"Meat on the Bone"},{"floor":47,"key":"Juzu Bracelet"},{"floor":54,"key":"Whetstone"}],"event_choices":[{"cards_removed":["Noxious Fumes"],"damage_healed":0,"gold_gain":0,"player_choice":"Took Card","damage_taken":0,"max_hp_gain":0,"max_hp_loss":0,"event_name":"NoteForYourself","floor":2,"gold_loss":0,"cards_obtained":["Demon Form"]},{"cards_removed":["Strike_G"],"damage_healed":0,"gold_gain":0,"player_choice":"Purged","damage_taken":0,"max_hp_gain":0,"max_hp_loss":0,"event_name":"Purifier","floor":13,"gold_loss":0},{"damage_healed":0,"gold_gain":99,"player_choice":"Stole From Cult","damage_taken":0,"max_hp_gain":0,"max_hp_loss":0,"event_name":"Nest","floor":21,"gold_loss":0},{"damage_healed":0,"gold_gain":0,"player_choice":"Simplicity","damage_taken":0,"max_hp_gain":0,"max_hp_loss":0,"event_name":"Back to Basics","floor":25,"gold_loss":0,"cards_upgraded":["Strike_G","Strike_G","Strike_G","Defend_G","Defend_G","Defend_G","Defend_G","Defend_G"]},{"damage_healed":0,"gold_gain":0,"player_choice":"Obtained Book","damage_taken":16,"max_hp_gain":0,"max_hp_loss":0,"event_name":"Cursed Tome","floor":28,"gold_loss":0},{"damage_healed":0,"gold_gain":0,"player_choice":"Smashed Altar","damage_taken":0,"max_hp_gain":0,"max_hp_loss":0,"event_name":"Forgotten Altar","floor":30,"gold_loss":0,"cards_obtained":["Decay"]},{"damage_healed":0,"gold_gain":0,"player_choice":"Fight","damage_taken":0,"max_hp_gain":0,"max_hp_loss":0,"event_name":"MindBloom","floor":37,"gold_loss":0},{"damage_healed":0,"gold_gain":0,"player_choice":"Copied","damage_taken":0,"max_hp_gain":0,"max_hp_loss":0,"event_name":"Duplicator","floor":38,"gold_loss":0,"cards_obtained":["After Image"]}],"is_beta":false,"boss_relics":[{"not_picked":["Snecko Eye","HoveringKite"],"picked":"Philosopher\u0027s Stone"},{"not_picked":["Empty Cage","Tiny House"],"picked":"WristBlade"}],"items_purged_floors":[20,29,36],"is_endless":false,"potions_floor_spawned":[1,4,6,14,19,27,33,37,41,44,45],"killed_by":"The Heart","ascension_level":1}}