{"host":"msmkw03x1o7nq45i","time":1611674240,"event":{"mods":["AchievementEnabler","BaseMod","Bestiary","Colored Powertips","GifTheSpireLib","Highlight Path","Minty Spire (QoL Compilation)","Random Character Button","StSLib","everything is the same but u backflip on backflip"],"gold_per_floor":[113,213,230,230,241,241,276,289,336,336,369,427,445,465,465,563,563,575,608,608,608,628,628,256,256,256,287,307,319,349,368,368,466,466,476,476,698,698,718,718,751,230,230,283,283,333,333,350,350,350],"floor_reached":51,"language":"ENG","playtime":4039,"items_purged":["Strike_B"],"score":1250,"play_id":"c9da7d86-186c-4b07-8418-0a7124cf581d","local_time":"20210126171720","is_ascension_mode":true,"campfire_choices":[{"data":"Doom and Gloom","floor":6,"key":"SMITH"},{"floor":15,"key":"REST"},{"data":"Hyperbeam","floor":23,"key":"SMITH"},{"data":"Defragment","floor":25,"key":"SMITH"},{"floor":32,"key":"REST"},{"data":"Buffer","floor":40,"key":"SMITH"},{"data":"Loop","floor":45,"key":"SMITH"},{"data":"Hologram","floor":49,"key":"SMITH"}],"circlet_count":0,"master_deck":["AscendersBane","Strike_B","Strike_B","Defend_B","Defend_B","Defend_B","Defend_B","Zap+1","Dualcast+1","Cold Snap","Doom and Gloom+1","Ball Lightning","Echo Form","FTL","Go for the Eyes","Conserve Battery","Coolheaded","Undo","Biased Cognition","Hyperbeam+1","Compile Driver+1","Loop+1","Defragment+1","Meteor Strike","Hologram+1","Electrodynamics","Buffer+1","Sunder+1","Coolheaded","Writhe","Magnetism","PanicButton"],"relics":["Cracked Core","Toy Ornithopter","Bottled Flame","War Paint","Dream Catcher","Potion Belt","Snecko Eye","Red Mask","Mummified Hand","Blue Candle","Bottled Lightning","Ancient Tea Set","Cursed Key","MawBank","Thread and Needle","Pen Nib","Sundial","Mango","FossilizedHelix"],"acts_visited":["Exordium","TheCity","TheBeyond"],"potions_floor_usage":[8,12,14,16,21,22,27,33,41,46,50,50],"damage_taken":[{"damage":0,"enemies":"Cultist","floor":1,"turns":4},{"damage":2,"enemies":"Jaw Worm","floor":3,"turns":3},{"damage":5,"enemies":"2 Louse","floor":5,"turns":2},{"damage":21,"enemies":"Lagavulin","floor":7,"turns":6},{"damage":1,"enemies":"2 Fungi Beasts","floor":8,"turns":3},{"damage":18,"enemies":"3 Sentries","floor":11,"turns":6},{"damage":20,"enemies":"Lagavulin Event","floor":12,"turns":4},{"damage":0,"enemies":"Red Slaver","floor":13,"turns":3},{"damage":0,"enemies":"3 Louse","floor":14,"turns":1},{"damage":3,"enemies":"The Guardian","floor":16,"turns":7},{"damage":3,"enemies":"Chosen","floor":18,"turns":3},{"damage":0,"enemies":"Masked Bandits","floor":19,"turns":2},{"damage":0,"enemies":"Spheric Guardian","floor":21,"turns":3},{"damage":18,"enemies":"Snecko","floor":22,"turns":3},{"damage":21,"enemies":"Book of Stabbing","floor":27,"turns":5},{"damage":0,"enemies":"Chosen and Byrds","floor":28,"turns":2},{"damage":1,"enemies":"Shelled Parasite and Fungi","floor":29,"turns":4},{"damage":0,"enemies":"Slavers","floor":30,"turns":2},{"damage":8,"enemies":"Snake Plant","floor":31,"turns":3},{"damage":7,"enemies":"Automaton","floor":33,"turns":8},{"damage":9,"enemies":"3 Darklings","floor":35,"turns":2},{"damage":0,"enemies":"3 Shapes","floor":39,"turns":2},{"damage":5,"enemies":"Nemesis","floor":41,"turns":5},{"damage":1,"enemies":"2 Orb Walkers","floor":44,"turns":3},{"damage":1,"enemies":"Mind Bloom Boss Battle","floor":46,"turns":5},{"damage":0,"enemies":"Transient","floor":48,"turns":5},{"damage":1,"enemies":"Awakened One","floor":50,"turns":11}],"seed_played":"8655667955557543356","potions_obtained":[{"floor":1,"key":"Weak Potion"},{"floor":7,"key":"SkillPotion"},{"floor":11,"key":"Explosive Potion"},{"floor":12,"key":"LiquidBronze"},{"floor":13,"key":"EssenceOfDarkness"},{"floor":19,"key":"ColorlessPotion"},{"floor":22,"key":"FocusPotion"},{"floor":33,"key":"FairyPotion"},{"floor":39,"key":"Strength Potion"},{"floor":44,"key":"BlessingOfTheForge"}],"is_trial":false,"path_per_floor":["M","?","M","?","M","R","E","M","T","?","E","?","M","M","R","B",null,"M","?","?","M","M","R","$","R","T","E","M","M","E","M","R","B",null,"M","?","?","?","M","R","E","$","T","?","R","?","?","M","R","B",null],"character_chosen":"DEFECT","items_purchased":["Mummified Hand","Defragment","Thread and Needle","Pen Nib","DuplicationPotion"],"campfire_rested":2,"item_purchase_floors":[24,24,42,42,42],"current_hp_per_floor":[68,68,66,66,61,61,40,44,44,37,19,4,4,9,31,33,65,62,62,43,48,35,35,35,35,35,19,19,18,18,10,32,30,64,55,55,55,55,55,55,55,55,55,68,68,72,62,62,62,71],"gold":350,"neow_bonus":"RANDOM_COMMON_RELIC","is_daily":false,"chose_seed":false,"campfire_upgraded":6,"win_rate":0.0,"timestamp":1611674240,"path_taken":["M","?","?","?","M","R","E","M","T","?","E","?","M","M","R","BOSS","M","?","?","?","M","R","$","R","T","E","M","M","E","M","R","BOSS","M","?","?","?","M","R","E","$","T","?","R","?","?","?","R","BOSS"],"items_purchased_type":["Relic","Card","Relic","Relic","Potion"],"build_version":"2020-12-22","purchased_purges":1,"victory":true,"max_hp_per_floor":[75,75,75,75,75,75,75,75,75,75,75,75,75,75,75,75,75,75,75,75,75,75,75,75,75,75,75,75,75,75,75,75,75,75,75,71,71,71,71,71,71,71,71,85,85,85,85,85,85,85],"card_choices":[{"not_picked":["Consume","Hologram"],"picked":"Cold Snap","floor":1},{"not_picked":["Turbo","Chaos"],"picked":"Doom and Gloom","floor":3},{"not_picked":["Rebound","Redo"],"picked":"Ball Lightning","floor":5},{"not_picked":["Leap","Ball Lightning"],"picked":"Echo Form","floor":7},{"not_picked":["Tempest","Go for the Eyes"],"picked":"FTL","floor":8},{"not_picked":["Gash","Turbo"],"picked":"Go for the Eyes","floor":11},{"not_picked":["Leap","Gash"],"picked":"Conserve Battery","floor":12},{"not_picked":["Stack","Reinforced Body"],"picked":"Coolheaded","floor":13},{"not_picked":["Darkness","Cold Snap"],"picked":"Undo","floor":14},{"not_picked":["Stack","Chaos"],"picked":"Biased Cognition","floor":15},{"not_picked":["Buffer","Echo Form"],"picked":"Hyperbeam","floor":16},{"not_picked":["Steam","Self Repair","Hologram"],"picked":"SKIP","floor":18},{"not_picked":["Go for the Eyes","Hologram"],"picked":"Compile Driver+1","floor":19},{"not_picked":["Rebound+1","Leap"],"picked":"Loop","floor":22},{"not_picked":["Rebound","Stack"],"picked":"Meteor Strike","floor":27},{"not_picked":["Conserve Battery","Hologram","Coolheaded"],"picked":"SKIP","floor":28},{"not_picked":["Conserve Battery","Coolheaded"],"picked":"Hologram","floor":28},{"not_picked":["Barrage","Compile Driver","Turbo"],"picked":"SKIP","floor":29},{"not_picked":["Beam Cell","Ball Lightning","Turbo"],"picked":"SKIP","floor":30},{"not_picked":["Redo+1","Beam Cell"],"picked":"Electrodynamics","floor":31},{"not_picked":["Multi-Cast","Meteor Strike"],"picked":"Buffer","floor":33},{"not_picked":["Compile Driver+1","Barrage"],"picked":"Hologram+1","floor":35},{"not_picked":["Stack","Rebound"],"picked":"Sunder+1","floor":39},{"not_picked":["Turbo","Streamline"],"picked":"Coolheaded","floor":41},{"not_picked":["Trip","Blind"],"picked":"Magnetism","floor":47},{"not_picked":["Finesse","Madness"],"picked":"PanicButton","floor":47},{"not_picked":["Beam Cell","Undo","Conserve Battery"],"picked":"SKIP","floor":48}],"player_experience":403382,"relics_obtained":[{"floor":7,"key":"Bottled Flame"},{"floor":9,"key":"War Paint"},{"floor":11,"key":"Dream Catcher"},{"floor":12,"key":"Potion Belt"},{"floor":19,"key":"Red Mask"},{"floor":26,"key":"Blue Candle"},{"floor":27,"key":"Bottled Lightning"},{"floor":30,"key":"Ancient Tea Set"},{"floor":41,"key":"MawBank"},{"floor":43,"key":"Sundial"},{"floor":44,"key":"Mango"},{"floor":46,"key":"FossilizedHelix"}],"event_choices":[{"damage_healed":0,"gold_gain":100,"player_choice":"Gold","damage_taken":0,"max_hp_gain":0,"max_hp_loss":0,"event_name":"Wheel of Change","floor":2,"gold_loss":0},{"damage_healed":0,"gold_gain":0,"player_choice":"Ignored","damage_taken":0,"max_hp_gain":0,"max_hp_loss":0,"event_name":"Liars Game","floor":4,"gold_loss":0},{"cards_removed":["Strike_B"],"damage_healed":0,"gold_gain":0,"player_choice":"Card Removal","damage_taken":7,"max_hp_gain":0,"max_hp_loss":0,"event_name":"Golden Wing","floor":10,"gold_loss":0},{"damage_healed":0,"gold_gain":30,"player_choice":"Searched \u00272\u0027 times","damage_taken":0,"max_hp_gain":0,"max_hp_loss":0,"event_name":"Dead Adventurer","floor":12,"gold_loss":0},{"damage_healed":0,"gold_gain":0,"player_choice":"Fought Bandits","damage_taken":0,"max_hp_gain":0,"max_hp_loss":0,"event_name":"Masked Bandits","floor":19,"gold_loss":0},{"damage_healed":0,"gold_gain":0,"player_choice":"POTION POTION ","damage_taken":19,"max_hp_gain":0,"max_hp_loss":0,"event_name":"Knowing Skull","floor":20,"potions_obtained":["SmokeBomb","ColorlessPotion"],"gold_loss":0,"cards_obtained":[]},{"damage_healed":0,"gold_gain":0,"player_choice":"Max HP","damage_taken":0,"max_hp_gain":0,"max_hp_loss":4,"event_name":"Winding Halls","floor":36,"gold_loss":0},{"damage_healed":0,"gold_gain":222,"player_choice":"Wore Mask","damage_taken":0,"max_hp_gain":0,"max_hp_loss":0,"event_name":"Tomb of Lord Red Mask","floor":37,"gold_loss":0},{"cards_removed":["Hologram"],"damage_healed":0,"gold_gain":0,"player_choice":"Removed Skill","damage_taken":0,"max_hp_gain":0,"max_hp_loss":0,"event_name":"Falling","floor":38,"gold_loss":0},{"damage_healed":0,"gold_gain":0,"player_choice":"Fight","damage_taken":0,"max_hp_gain":0,"max_hp_loss":0,"event_name":"Mysterious Sphere","floor":44,"gold_loss":0},{"damage_healed":0,"gold_gain":0,"player_choice":"Fight","damage_taken":0,"max_hp_gain":0,"max_hp_loss":0,"event_name":"MindBloom","floor":46,"gold_loss":0},{"damage_healed":0,"gold_gain":0,"player_choice":"Memory 3","damage_taken":10,"max_hp_gain":0,"max_hp_loss":0,"event_name":"SensoryStone","floor":47,"gold_loss":0}],"is_beta":false,"boss_relics":[{"not_picked":["Philosopher\u0027s Stone","Runic Pyramid"],"picked":"Snecko Eye"},{"not_picked":["Runic Dome","Sozu"],"picked":"Cursed Key"}],"items_purged_floors":[24],"is_endless":false,"potions_floor_spawned":[1,7,11,12,13,19,21,22,33,39,44],"ascension_level":12}}