{"host":"jg9ek28oa3mkgc94","time":1611624601,"event":{"mods":["AchievementEnabler","BaseMod","Colored Map","Minty Spire (QoL Compilation)","Quick Restart","Rare Cards Sparkle","Relic Stats"],"gold_per_floor":[112,127,146,146,162,162,188,205,205,205,57,84,95,20,20,119,119,130,130,144,158,8,36,36,55,103,133,145,175,198,30,30,128,128,140,157,157,157,173,208,208,208,208,225,236,236,10,27,27,27],"floor_reached":51,"language":"ENG","playtime":5981,"items_purged":["Defend_R"],"score":715,"play_id":"c59a05af-eeb8-49a7-9847-b2293449cfa5","local_time":"20210125173001","is_ascension_mode":false,"campfire_choices":[{"data":"Perfected Strike","floor":6.0,"key":"SMITH"},{"data":"Perfected Strike","floor":10.0,"key":"SMITH"},{"data":"Infernal Blade","floor":15.0,"key":"SMITH"},{"data":"Dark Embrace","floor":32,"key":"SMITH"},{"floor":42,"key":"REST"},{"floor":49,"key":"REST"}],"circlet_count":0,"master_deck":["Strike_R","Strike_R","Strike_R","Strike_R","Strike_R","Defend_R","Bash+1","Shrug It Off","Perfected Strike+1","Perfected Strike+1","Twin Strike","Warcry","Infernal Blade+1","Hemokinesis+1","Pummel+1","Offering+1","Dark Embrace+1","Battle Trance+1","Flex+1","Twin Strike+1","Perfected Strike","Bloodletting","Demon Form","Rage+1","Heavy Blade+1","Perfected Strike","Perfected Strike+1","Fire Breathing+1","Strike_P","Parasite","Double Tap","Feel No Pain","Twin Strike"],"relics":["Burning Blood","Letter Opener","Shuriken","Toolbox","PreservedInsect","Astrolabe","InkBottle","Lee\u0027s Waffle","Girya","Toy Ornithopter","MawBank","ClockworkSouvenir","Sozu","Incense Burner","Lantern","Strange Spoon"],"acts_visited":["Exordium","TheCity","TheBeyond"],"potions_floor_usage":[27,29,33,33,46,48],"damage_taken":[{"damage":8.0,"enemies":"Small Slimes","floor":1.0,"turns":5.0},{"damage":0.0,"enemies":"Cultist","floor":2.0,"turns":3.0},{"damage":1.0,"enemies":"Jaw Worm","floor":3.0,"turns":3.0},{"damage":3.0,"enemies":"3 Louse","floor":5.0,"turns":4.0},{"damage":7.0,"enemies":"3 Sentries","floor":7.0,"turns":6.0},{"damage":4.0,"enemies":"Exordium Thugs","floor":8.0,"turns":4.0},{"damage":18.0,"enemies":"Lagavulin","floor":12.0,"turns":4.0},{"damage":5.0,"enemies":"2 Fungi Beasts","floor":13.0,"turns":3.0},{"damage":40.0,"enemies":"The Guardian","floor":16.0,"turns":8.0},{"damage":13.0,"enemies":"Shell Parasite","floor":18.0,"turns":3.0},{"damage":11.0,"enemies":"3 Byrds","floor":20.0,"turns":3.0},{"damage":31.0,"enemies":"Centurion and Healer","floor":21.0,"turns":4.0},{"damage":18.0,"enemies":"Gremlin Leader","floor":23.0,"turns":3.0},{"damage":8,"enemies":"Shelled Parasite and Fungi","floor":25,"turns":2},{"damage":2,"enemies":"Snake Plant","floor":27,"turns":2},{"damage":8,"enemies":"Snecko","floor":29,"turns":2},{"damage":6,"enemies":"Sentry and Sphere","floor":30,"turns":2},{"damage":22,"enemies":"Automaton","floor":33,"turns":4},{"damage":15,"enemies":"3 Darklings","floor":35,"turns":3},{"damage":2,"enemies":"Orb Walker","floor":36,"turns":2},{"damage":11,"enemies":"3 Darklings","floor":39,"turns":2},{"damage":20,"enemies":"Reptomancer","floor":40,"turns":4},{"damage":23,"enemies":"Writhing Mass","floor":44,"turns":3},{"damage":29,"enemies":"4 Shapes","floor":45,"turns":3},{"damage":0,"enemies":"Jaw Worm Horde","floor":46,"turns":1},{"damage":27,"enemies":"Maw","floor":48,"turns":3},{"damage":83,"enemies":"Time Eater","floor":50,"turns":9}],"seed_played":"604284245021218597","potions_obtained":[{"floor":4.0,"key":"Fruit Juice"},{"floor":4.0,"key":"EssenceOfSteel"},{"floor":4.0,"key":"BlessingOfTheForge"},{"floor":5.0,"key":"ElixirPotion"},{"floor":8.0,"key":"SmokeBomb"},{"floor":12.0,"key":"EssenceOfSteel"},{"floor":13.0,"key":"Weak Potion"},{"floor":16.0,"key":"ElixirPotion"},{"floor":21.0,"key":"SmokeBomb"},{"floor":23,"key":"SteroidPotion"},{"floor":25,"key":"ColorlessPotion"},{"floor":27,"key":"SpeedPotion"},{"floor":29,"key":"Energy Potion"},{"floor":33,"key":"Strength Potion"}],"is_trial":false,"path_per_floor":["M","M","M","?","M","R","E","M","T","R","$","E","M","$","R","B",null,"M","T","M","M","$","E","?","M","T","M","?","M","M","$","R","B",null,"M","M","?","$","M","E","?","R","T","M","M","M","$","M","R","B",null],"character_chosen":"IRONCLAD","items_purchased":["Toolbox","Lee\u0027s Waffle","ClockworkSouvenir","Bloodletting","Strange Spoon","Feel No Pain"],"campfire_rested":2,"item_purchase_floors":[11,22,31,31,47,47],"current_hp_per_floor":[78,80,80,80,85,85,84,85,85,85,85,73,74,74,74,40,85,78,78,73,48,92,80,80,78,78,87,102,100,100,100,100,94,102,93,97,97,97,92,78,78,102,102,85,62,73,73,57,87,10],"gold":27,"neow_bonus":"UPGRADE_CARD","is_daily":false,"chose_seed":false,"campfire_upgraded":4,"win_rate":0.0,"timestamp":1611624601,"path_taken":["M","M","M","?","M","R","E","?","T","R","?","E","M","$","R","BOSS","M","?","M","M","$","E","?","M","T","M","?","M","?","$","R","BOSS","M","M","?","?","M","E","?","R","T","M","M","?","$","M","R","BOSS"],"items_purchased_type":["Relic","Relic","Relic","Card","Relic","Card"],"build_version":"2020-12-22","purchased_purges":1,"victory":true,"max_hp_per_floor":[80,80,80,80,85,85,85,85,85,85,85,85,85,85,85,85,85,85,85,85,85,92,92,92,92,92,92,102,102,102,102,102,102,102,102,102,102,102,102,102,102,102,102,102,102,102,102,102,102,102],"relic_stats":{"Lee\u0027s Waffle":44,"counters":[27,95],"Astrolabe":["Hemokinesis","Pummel","Offering"],"PreservedInsect":103,"Letter Opener":[132],"MawBank":60,"Burning Blood":149,"Sozu":3,"Strange Spoon":[4],"Shuriken":[26],"obtain_stats":[{"Girya":23,"Lee\u0027s Waffle":22,"Lantern":43,"Astrolabe":17,"PreservedInsect":12,"Incense Burner":40,"Letter Opener":7,"MawBank":26,"Burning Blood":0,"ClockworkSouvenir":31,"Sozu":34,"Strange Spoon":47,"Shuriken":9,"Toolbox":11,"InkBottle":19,"Toy Ornithopter":24},{"Girya":13,"Lee\u0027s Waffle":12,"Lantern":22,"Astrolabe":9,"PreservedInsect":7,"Incense Burner":22,"Letter Opener":5,"MawBank":14,"Burning Blood":0,"ClockworkSouvenir":17,"Sozu":18,"Strange Spoon":25,"Shuriken":6,"Toolbox":6,"InkBottle":10,"Toy Ornithopter":13},{"Girya":53,"Lee\u0027s Waffle":50,"Lantern":76,"Astrolabe":40,"PreservedInsect":29,"Incense Burner":76,"Letter Opener":21,"MawBank":55,"Burning Blood":0,"ClockworkSouvenir":61,"Sozu":65,"Strange Spoon":83,"Shuriken":25,"Toolbox":25,"InkBottle":43,"Toy Ornithopter":53}],"InkBottle":[19],"Toy Ornithopter":25},"card_choices":[{"not_picked":["Armaments","Thunderclap"],"picked":"Shrug It Off","floor":1.0},{"not_picked":["Cleave","Clothesline"],"picked":"Perfected Strike","floor":2.0},{"not_picked":["Burning Pact","Armaments"],"picked":"Perfected Strike","floor":3.0},{"not_picked":["Flame Barrier","Rupture"],"picked":"Twin Strike","floor":5.0},{"not_picked":["Bludgeon","Warcry"],"picked":"Rupture","floor":7.0},{"not_picked":["Carnage","Armaments"],"picked":"Warcry","floor":8.0},{"not_picked":["Heavy Blade","Intimidate"],"picked":"Flex","floor":12.0},{"not_picked":["Clash","True Grit"],"picked":"Infernal Blade","floor":13.0},{"not_picked":["Limit Break","Corruption"],"picked":"Juggernaut","floor":16.0},{"not_picked":["Body Slam","Thunderclap"],"picked":"Dark Embrace","floor":18.0},{"not_picked":["Anger","Armaments"],"picked":"Battle Trance+1","floor":20.0},{"not_picked":["Carnage","Clothesline","Heavy Blade"],"picked":"SKIP","floor":21.0},{"not_picked":["Armaments","Limit Break"],"picked":"Flex+1","floor":23},{"not_picked":["Cleave","Body Slam"],"picked":"Twin Strike+1","floor":25},{"not_picked":["Anger+1","Sword Boomerang"],"picked":"Rage","floor":27},{"not_picked":["Cleave","Corruption","Flex"],"picked":"SKIP","floor":29},{"not_picked":["Disarm","Twin Strike"],"picked":"Perfected Strike","floor":30},{"not_picked":["Fiend Fire","Corruption"],"picked":"Demon Form","floor":33},{"not_picked":["Clothesline+1","Feel No Pain+1"],"picked":"Rage+1","floor":35},{"not_picked":["Shrug It Off","Rampage+1"],"picked":"Heavy Blade+1","floor":36},{"not_picked":["Whirlwind+1","Heavy Blade"],"picked":"Perfected Strike+1","floor":39},{"not_picked":["Armaments","Flex+1"],"picked":"Fire Breathing+1","floor":40},{"not_picked":["Blood for Blood","Clothesline+1","Armaments+1"],"picked":"SKIP","floor":44},{"not_picked":["Intimidate+1","Sword Boomerang+1"],"picked":"Double Tap","floor":45},{"not_picked":["Heavy Blade+1","Shrug It Off"],"picked":"Twin Strike","floor":48}],"player_experience":171206,"relics_obtained":[{"floor":7.0,"key":"Letter Opener"},{"floor":9.0,"key":"Shuriken"},{"floor":12.0,"key":"PreservedInsect"},{"floor":19.0,"key":"InkBottle"},{"floor":23,"key":"Girya"},{"floor":26,"key":"MawBank"},{"floor":40,"key":"Incense Burner"},{"floor":43,"key":"Lantern"}],"event_choices":[{"damage_healed":0.0,"max_hp_gain":0.0,"max_hp_loss":0.0,"gold_gain":0.0,"event_name":"Lab","player_choice":"Got Potions","floor":4.0,"gold_loss":0.0,"damage_taken":0.0},{"damage_healed":0,"gold_gain":0,"player_choice":"Opened","damage_taken":0,"relics_obtained":["Toy Ornithopter"],"max_hp_gain":0,"max_hp_loss":0,"event_name":"The Mausoleum","floor":24,"gold_loss":0},{"cards_removed":["Juggernaut"],"damage_healed":5,"gold_gain":0,"player_choice":"Offered Rare","damage_taken":0,"max_hp_gain":10,"max_hp_loss":0,"event_name":"Bonfire Elementals","floor":28,"gold_loss":0},{"damage_healed":0,"gold_gain":0,"cards_transformed":["Rage"],"player_choice":"Transformed","damage_taken":0,"max_hp_gain":0,"max_hp_loss":0,"event_name":"Transmorgrifier","floor":37,"gold_loss":0,"cards_obtained":["Perfected Strike"]},{"cards_removed":["Defend_R"],"damage_healed":0,"gold_gain":0,"player_choice":"Took Card","damage_taken":0,"max_hp_gain":0,"max_hp_loss":0,"event_name":"NoteForYourself","floor":41,"gold_loss":0,"cards_obtained":["Strike_P"]}],"is_beta":false,"boss_relics":[{"not_picked":["SacredBark","Mark of Pain"],"picked":"Astrolabe"},{"not_picked":["Pandora\u0027s Box","Tiny House"],"picked":"Sozu"}],"items_purged_floors":[14],"is_endless":false,"potions_floor_spawned":[5,8,12,13,16,21,23,25,27,29,33,36,39,48],"ascension_level":0}}