{"host":"Squid","time":1611684998,"event":{"mods":["BaseMod","Minty Spire (QoL Compilation)","Reliquary","StSLib"],"gold_per_floor":[19,19,31,45,55,89,101,133,157,157,173,204,38,50,50,128,128,142,152,169,186,186,186,215,231,301,301,301,329,344,372,372,446,446,457,457,470,490,815,844,10,23,23,53,53,53,53,83,83,83,83,83,8,43,43],"floor_reached":56,"language":"ENG","playtime":2735,"items_purged":["Strike_R"],"score":2134,"play_id":"844e993c-f113-4bc8-ad16-484533a8b36e","local_time":"20210126131638","is_ascension_mode":true,"campfire_choices":[{"data":"Demon Form","floor":10,"key":"SMITH"},{"data":"Flame Barrier","floor":15,"key":"SMITH"},{"data":"Master of Strategy","floor":23,"key":"SMITH"},{"data":"Shockwave","floor":28,"key":"SMITH"},{"data":"Berserk","floor":32,"key":"SMITH"},{"floor":45,"key":"RECALL"},{"data":"Disarm","floor":49,"key":"SMITH"},{"data":"Impervious","floor":52,"key":"SMITH"}],"circlet_count":0,"master_deck":["AscendersBane","Strike_R","Strike_R","Strike_R","Defend_R","Defend_R","Defend_R","Defend_R","Bash","Master of Strategy+1","Whirlwind+1","Burning Pact","Demon Form+1","Shrug It Off","Flame Barrier+1","Dual Wield","Shrug It Off","Offering","Anger","Reaper","Shockwave+1","Armaments+1","Warcry+1","Dark Embrace+1","Sword Boomerang+1","Sentinel","Berserk+1","Impervious+1","Sword Boomerang","Exhume","Limit Break","Heavy Blade+1","Disarm+1"],"relics":["Burning Blood","Strawberry","Bottled Lightning","Orichalcum","reliquary:RedPaperclip","Red Skull","Singing Bowl","reliquary:PurpleTingedLeaf","Vajra","SlaversCollar","Old Coin","Pocketwatch","Ice Cream","ClockworkSouvenir","Kunai","Eternal Feather","Darkstone Periapt","Pantograph"],"acts_visited":["Exordium","TheCity","TheBeyond","TheEnding"],"potions_floor_usage":[6,8,8,24,31,44,55],"damage_taken":[{"damage":5,"enemies":"Small Slimes","floor":1,"turns":4},{"damage":1,"enemies":"Cultist","floor":3,"turns":4},{"damage":0,"enemies":"2 Louse","floor":4,"turns":2},{"damage":0,"enemies":"Lots of Slimes","floor":5,"turns":1},{"damage":8,"enemies":"3 Sentries","floor":6,"turns":6},{"damage":4,"enemies":"Blue Slaver","floor":7,"turns":5},{"damage":5,"enemies":"Lagavulin","floor":8,"turns":10},{"damage":10,"enemies":"Exordium Thugs","floor":11,"turns":4},{"damage":30,"enemies":"Gremlin Nob","floor":12,"turns":5},{"damage":0,"enemies":"3 Louse","floor":14,"turns":1},{"damage":43,"enemies":"The Guardian","floor":16,"turns":10},{"damage":20,"enemies":"2 Thieves","floor":18,"turns":2},{"damage":21,"enemies":"Spheric Guardian","floor":19,"turns":5},{"damage":18,"enemies":"Snake Plant","floor":20,"turns":4},{"damage":20,"enemies":"Centurion and Healer","floor":21,"turns":5},{"damage":26,"enemies":"Slavers","floor":24,"turns":5},{"damage":0,"enemies":"Snecko","floor":25,"turns":5},{"damage":32,"enemies":"Gremlin Leader","floor":29,"turns":4},{"damage":15,"enemies":"3 Cultists","floor":30,"turns":5},{"damage":22,"enemies":"Book of Stabbing","floor":31,"turns":6},{"damage":23,"enemies":"Champ","floor":33,"turns":7},{"damage":29,"enemies":"3 Darklings","floor":35,"turns":5},{"damage":22,"enemies":"Orb Walker","floor":37,"turns":5},{"damage":50,"enemies":"Sphere and 2 Shapes","floor":38,"turns":11},{"damage":2,"enemies":"Mind Bloom Boss Battle","floor":39,"turns":5},{"damage":35,"enemies":"Nemesis","floor":40,"turns":7},{"damage":6,"enemies":"Maw","floor":42,"turns":4},{"damage":46,"enemies":"Reptomancer","floor":44,"turns":6},{"damage":41,"enemies":"Nemesis","floor":48,"turns":5},{"damage":57,"enemies":"Time Eater","floor":50,"turns":8},{"damage":53,"enemies":"Shield and Spear","floor":54,"turns":5},{"damage":93,"enemies":"The Heart","floor":55,"turns":9}],"seed_played":"1520457593903460114","potions_obtained":[{"floor":1,"key":"Dexterity Potion"},{"floor":3,"key":"HeartOfIron"},{"floor":6,"key":"Weak Potion"},{"floor":11,"key":"ColorlessPotion"},{"floor":19,"key":"SmokeBomb"},{"floor":24,"key":"Dexterity Potion"},{"floor":25,"key":"FearPotion"},{"floor":33,"key":"Dexterity Potion"},{"floor":44,"key":"SneckoOil"}],"is_trial":false,"path_per_floor":["M","?","M","M","M","E","M","E","T","R","M","E","$","M","R","B",null,"M","M","M","M","?","R","E","M","T","?","R","E","M","E","R","B",null,"M","?","M","M","?","E","$","M","T","E","R","$","T","E","R","B",null,"R","$","E","B",null],"character_chosen":"IRONCLAD","items_purchased":["reliquary:PartyBalloon","Exhume","Limit Break","Ice Cream","ClockworkSouvenir"],"campfire_rested":0,"item_purchase_floors":[13,41,41,41,41],"current_hp_per_floor":[69,69,74,75,75,80,82,82,82,82,78,54,54,60,60,23,67,53,38,41,42,42,42,52,73,73,73,73,47,80,84,84,72,81,86,82,69,46,78,77,77,80,80,88,88,88,88,54,72,69,85,90,90,46,57],"gold":43,"neow_bonus":"RANDOM_COLORLESS_2","is_daily":false,"chose_seed":false,"campfire_upgraded":7,"win_rate":0.0,"timestamp":1611684998,"path_taken":["M","?","M","M","M","E","?","E","T","R","M","E","$","M","R","BOSS","M","M","?","M","?","R","E","?","T","?","R","E","M","E","R","BOSS","M","?","M","M","?","E","?","?","T","E","R","$","?","E","R","BOSS","R","$","E","BOSS"],"items_purchased_type":["Relic","Card","Card","Relic","Relic"],"build_version":"2020-12-18","purchased_purges":1,"victory":true,"max_hp_per_floor":[75,75,75,75,75,82,82,82,82,82,82,82,82,82,82,82,82,82,82,82,82,82,82,82,82,82,82,82,82,84,84,84,84,84,86,82,84,84,86,88,88,90,90,90,90,90,90,90,90,90,90,90,90,92,92],"card_choices":[{"not_picked":["Transmutation","Chrysalis"],"picked":"Master of Strategy","floor":0},{"not_picked":["Dropkick","Burning Pact"],"picked":"Whirlwind","floor":1},{"not_picked":["Pommel Strike","Perfected Strike"],"picked":"Burning Pact","floor":3},{"not_picked":["Thunderclap","Whirlwind"],"picked":"Demon Form","floor":4},{"not_picked":["Thunderclap","Cleave"],"picked":"Shrug It Off","floor":5},{"not_picked":["Warcry","Entrench"],"picked":"Flame Barrier","floor":6},{"not_picked":["Burning Pact","Heavy Blade"],"picked":"Dual Wield","floor":7},{"not_picked":["Combust","Dark Embrace","Sever Soul"],"picked":"SKIP","floor":8},{"not_picked":["Reckless Charge","Heavy Blade"],"picked":"Shrug It Off","floor":11},{"not_picked":["Wild Strike","Power Through"],"picked":"Offering","floor":12},{"not_picked":["Cleave","Searing Blow"],"picked":"Anger","floor":14},{"not_picked":["Feed","Limit Break"],"picked":"Reaper","floor":16},{"not_picked":["Metallicize+1","Uppercut"],"picked":"Shockwave","floor":18},{"not_picked":["Body Slam","Warcry+1"],"picked":"Armaments+1","floor":19},{"not_picked":["Demon Form","Evolve"],"picked":"Warcry+1","floor":20},{"not_picked":["Anger","Seeing Red","Cleave"],"picked":"SKIP","floor":21},{"not_picked":["Rage","Shockwave"],"picked":"Dark Embrace+1","floor":24},{"not_picked":["Iron Wave","Headbutt"],"picked":"Sword Boomerang+1","floor":25},{"not_picked":["Heavy Blade","Anger"],"picked":"Sentinel","floor":29},{"not_picked":["True Grit","Warcry","Barricade"],"picked":"Singing Bowl","floor":30},{"not_picked":["Cleave","Infernal Blade"],"picked":"Berserk","floor":31},{"not_picked":["Demon Form","Immolate"],"picked":"Impervious","floor":33},{"not_picked":["True Grit","Body Slam+1","Battle Trance"],"picked":"Singing Bowl","floor":35},{"not_picked":["Flex","Havoc+1","Cleave"],"picked":"Singing Bowl","floor":37},{"not_picked":["Headbutt","Intimidate"],"picked":"Sword Boomerang","floor":38},{"not_picked":["Body Slam","Blood for Blood","Clash"],"picked":"Singing Bowl","floor":39},{"not_picked":["True Grit","Sentinel","Spot Weakness"],"picked":"Singing Bowl","floor":40},{"not_picked":["Body Slam","Ghostly Armor+1","Flex+1"],"picked":"Singing Bowl","floor":42},{"not_picked":["Clothesline+1","Metallicize"],"picked":"Heavy Blade+1","floor":44},{"not_picked":["Hemokinesis","Sword Boomerang"],"picked":"Disarm","floor":48},{"not_picked":["Immolate","Pommel Strike","Heavy Blade"],"picked":"Singing Bowl","floor":54}],"player_experience":847773,"relics_obtained":[{"floor":6,"key":"Strawberry"},{"floor":8,"key":"Bottled Lightning"},{"floor":9,"key":"Orichalcum"},{"floor":12,"key":"reliquary:PorcupineQuills"},{"floor":24,"key":"Red Skull"},{"floor":26,"key":"Singing Bowl"},{"floor":29,"key":"reliquary:PurpleTingedLeaf"},{"floor":31,"key":"Vajra"},{"floor":39,"key":"Old Coin"},{"floor":40,"key":"Pocketwatch"},{"floor":44,"key":"Kunai"},{"floor":47,"key":"Eternal Feather"},{"floor":48,"key":"Darkstone Periapt"},{"floor":54,"key":"Pantograph"}],"event_choices":[{"damage_healed":0,"gold_gain":0,"player_choice":"Upgraded","damage_taken":0,"max_hp_gain":0,"max_hp_loss":0,"event_name":"Upgrade Shrine","floor":2,"gold_loss":0,"cards_upgraded":["Whirlwind"]},{"cards_removed":["Strike_R"],"damage_healed":0,"gold_gain":0,"player_choice":"Purged","damage_taken":0,"max_hp_gain":0,"max_hp_loss":0,"event_name":"Purifier","floor":22,"gold_loss":0},{"damage_healed":0,"gold_gain":0,"player_choice":"Ignored","damage_taken":0,"max_hp_gain":0,"max_hp_loss":0,"event_name":"Ghosts","floor":27,"gold_loss":0},{"damage_healed":0,"gold_gain":0,"player_choice":"Max HP","damage_taken":0,"max_hp_gain":0,"max_hp_loss":4,"event_name":"Winding Halls","floor":36,"gold_loss":0},{"damage_healed":0,"gold_gain":0,"player_choice":"Fight","damage_taken":0,"max_hp_gain":0,"max_hp_loss":0,"event_name":"MindBloom","floor":39,"gold_loss":0}],"is_beta":true,"boss_relics":[{"not_picked":["Black Blood","Coffee Dripper"],"picked":"reliquary:RedPaperclip"},{"not_picked":["SacredBark","Snecko Eye"],"picked":"SlaversCollar"}],"items_purged_floors":[53],"is_endless":false,"potions_floor_spawned":[1,3,6,7,11,19,24,25,30,33,35,39,42,44,54],"ascension_level":16}}