{"host":"6r9t33axn0fzb9aq","time":1611678519,"event":{"mods":["Aspiration","BaseMod","Better Altar","Better Match","Better Note","Better Third Choice","CatGirl Mod","Clockwork Mod","Colored Map","Colored Powertips","Conspire","Curses Come First","Custom Start","Energized Spire","Halation","Hubris","Infinite Spire","Marisa????????","Minty Spire (QoL Compilation)","Onozuka Komachi Mod","Poor People Problems","Reliquary","Remilia??????","Replay The Spire","Reworked Bosses","Shade Mod","Spicy Shops","Spire Arcade","StSLib","The Blue Laboratory","The Death Knight","The Hierophant","The Marked","The Necromancer","The Servant 0.9.4","TheHero","Trackpad","Waifu the Spire","Wandering Minibosses"],"gold_per_floor":[118,138,138,84,99,124,136,154,154,154,165,57,57,57],"floor_reached":13,"language":"ENG","playtime":956,"items_purged":[],"score":87,"play_id":"32570965-38f6-4435-99f2-ea8cb5474422","local_time":"20210126162839","is_ascension_mode":false,"campfire_choices":[{"floor":10,"key":"REST"}],"circlet_count":0,"master_deck":["Komachi:Strike","Komachi:Strike","Komachi:Strike","Komachi:Strike","Komachi:Defend","Komachi:Defend","Komachi:Defend","Komachi:Defend","Komachi:Bound","Komachi:ReaperScythe","Komachi:EaseRest","Komachi:RiverMist","Komachi:Drowning","Komachi:SpiritBlade","Komachi:UnseenSpirit","Komachi:FearAura","Komachi:HumanSpirit","Komachi:EarthSpirit","Komachi:HellVision","Komachi:EndlessWay"],"relics":["Komachi:Relic:FerryingBoat","conspire:DecoderRing","Mummified Hand"],"acts_visited":["Exordium"],"potions_floor_usage":[],"damage_taken":[{"damage":7.0,"enemies":"Small Slimes","floor":1.0,"turns":5.0},{"damage":2.0,"enemies":"Cultist","floor":2.0,"turns":4.0},{"damage":6.0,"enemies":"2 Louse","floor":5.0,"turns":3.0},{"damage":21.0,"enemies":"Gremlin Nob","floor":6.0,"turns":5.0},{"damage":10,"enemies":"Red Slaver","floor":7,"turns":5},{"damage":11,"enemies":"3 Louse","floor":8,"turns":6},{"damage":0,"enemies":"Looter","floor":11,"turns":4},{"damage":8,"enemies":"3 Sentries","floor":13,"turns":4}],"seed_played":"-1486357731402087643","potions_obtained":[{"floor":5.0,"key":"blueLaboratory:PolymorphPotion"},{"floor":6,"key":"blueLaboratory:ForbiddenFruitJuice"},{"floor":8,"key":"Explosive Potion"}],"is_trial":false,"path_per_floor":["M","M","?","$","M","E","M","M","T","R","M","$","E"],"character_chosen":"KOMACHI_CLASS","items_purchased":["Komachi:SpiritBlade","Komachi:EndlessWay"],"campfire_rested":1,"item_purchase_floors":[4,12],"current_hp_per_floor":[68,66,74,74,68,47,37,26,26,48,48,48,40,40],"gold":57,"neow_bonus":"THREE_CARDS","is_daily":false,"chose_seed":false,"campfire_upgraded":0,"win_rate":0.0,"timestamp":1611678519,"path_taken":["M","M","?","$","?","E","M","M","T","R","M","?","E"],"items_purchased_type":["Card","Card"],"build_version":"2020-12-22","purchased_purges":0,"victory":false,"max_hp_per_floor":[75,75,75,75,75,75,75,75,75,75,75,75,75,75],"card_choices":[{"not_picked":["Komachi:UnseenSpirit","Komachi:DoubleCut"],"picked":"Komachi:EaseRest","floor":0.0},{"not_picked":["Komachi:YesterdayMoney","Komachi:AwaitedRest"],"picked":"Komachi:RiverMist","floor":1.0},{"not_picked":["Komachi:RiverMist","Komachi:ConfinesAvichi"],"picked":"Komachi:Drowning","floor":2.0},{"not_picked":["Komachi:EaseRest","Komachi:GhostlyBarrier"],"picked":"Komachi:UnseenSpirit","floor":5.0},{"not_picked":["Komachi:DoubleCut","Komachi:SinnerSpirit"],"picked":"Komachi:FearAura","floor":6},{"not_picked":["Komachi:VengefulSpirit","Komachi:BoatSanzu"],"picked":"Komachi:HumanSpirit","floor":7},{"not_picked":["Komachi:ThrowAway","Komachi:Exorcism"],"picked":"Komachi:EarthSpirit","floor":8},{"not_picked":["Komachi:PremonitiveStrike","Komachi:Exorcism"],"picked":"Komachi:HellVision","floor":11}],"player_experience":401319,"relics_obtained":[{"floor":6,"key":"conspire:DecoderRing"},{"floor":9,"key":"Mummified Hand"}],"event_choices":[],"is_beta":false,"boss_relics":[],"items_purged_floors":[],"is_endless":false,"potions_floor_spawned":[5,6,8],"killed_by":"3 Sentries","ascension_level":0}}