{"host":"qdfumeom6htv8yxl","time":1611694237,"event":{"mods":["AchievementEnabler","BaseMod","Bestiary","Block Reminder","Minty Spire (QoL Compilation)","Quick Restart","Relic Stats"],"gold_per_floor":[115,125,81,98,173,173,173,202,202,202,202,221,28,28,28],"floor_reached":14,"language":"ENG","playtime":443,"items_purged":[],"score":172,"play_id":"af97cd18-3eea-4120-bc65-e951a5d492aa","local_time":"20210126145037","is_ascension_mode":true,"campfire_choices":[{"data":"Defragment","floor":6,"key":"SMITH"},{"floor":11,"key":"REST"}],"circlet_count":0,"master_deck":["AscendersBane","Strike_B","Strike_B","Strike_B","Defend_B","Defend_B","Defend_B","Defend_B","Zap","Dualcast","Panacea","Hologram","Cold Snap","Defragment+1","Genetic Algorithm","Melter","Ball Lightning","Darkness","Self Repair"],"relics":["Cracked Core","WingedGreaves","Torii","Golden Idol","Membership Card"],"acts_visited":[],"potions_floor_usage":[],"damage_taken":[{"damage":2,"enemies":"Cultist","floor":1,"turns":4},{"damage":7,"enemies":"Jaw Worm","floor":2,"turns":4},{"damage":0,"enemies":"Small Slimes","floor":4,"turns":2},{"damage":31,"enemies":"Gremlin Nob","floor":8,"turns":4},{"damage":6,"enemies":"2 Fungi Beasts","floor":12,"turns":4},{"damage":28,"enemies":"3 Sentries","floor":14,"turns":3}],"seed_played":"-2903981534465710591","potions_obtained":[{"floor":4,"key":"PotionOfCapacity"}],"is_trial":false,"path_per_floor":["M","M","$","M","?","R","?","E","T","?","R","M","$","E"],"character_chosen":"DEFECT","items_purchased":["Defragment","Membership Card","Self Repair"],"campfire_rested":1,"item_purchase_floors":[3,13,13],"current_hp_per_floor":[62,55,55,55,44,44,44,13,13,13,32,26,26,0,0],"gold":28,"neow_bonus":"RANDOM_COLORLESS","is_daily":false,"chose_seed":false,"campfire_upgraded":1,"win_rate":0.0,"timestamp":1611694237,"path_taken":["M","M","?","?","?","R","?","E","T","?","R","?","?","E"],"items_purchased_type":["Card","Relic","Card"],"build_version":"2020-12-22","purchased_purges":0,"victory":false,"max_hp_per_floor":[71,71,71,71,71,71,71,71,71,64,64,64,64,64,64],"relic_stats":{"Torii":1,"counters":[6,21],"Golden Idol":4,"obtain_stats":[{"Torii":9,"Golden Idol":10,"WingedGreaves":8,"Membership Card":13,"Cracked Core":0},{"Torii":4,"Golden Idol":4,"WingedGreaves":4,"Membership Card":5,"Cracked Core":0},{"Torii":14,"Golden Idol":14,"WingedGreaves":14,"Membership Card":18,"Cracked Core":0}]},"card_choices":[{"not_picked":["Dramatic Entrance","Dark Shackles"],"picked":"Panacea","floor":0},{"not_picked":["Conserve Battery","Streamline"],"picked":"Hologram","floor":1},{"not_picked":["Lockon","Beam Cell"],"picked":"Cold Snap","floor":2},{"not_picked":["Reinforced Body","Undo"],"picked":"Genetic Algorithm","floor":4},{"not_picked":["Reprogram","Leap"],"picked":"Ball Lightning","floor":8},{"not_picked":["Hello World","Hologram"],"picked":"Darkness","floor":12}],"player_experience":1841930,"relics_obtained":[{"floor":8,"key":"WingedGreaves"},{"floor":9,"key":"Torii"}],"event_choices":[{"damage_healed":0,"gold_gain":75,"player_choice":"Gather Gold","damage_taken":11,"max_hp_gain":0,"max_hp_loss":0,"event_name":"World of Goop","floor":5,"gold_loss":0},{"damage_healed":0,"gold_gain":0,"cards_transformed":["Strike_B"],"player_choice":"Change","damage_taken":0,"max_hp_gain":0,"max_hp_loss":0,"event_name":"Living Wall","floor":7,"gold_loss":0,"cards_obtained":["Melter"]},{"damage_healed":0,"gold_gain":0,"player_choice":"Lose Max HP","damage_taken":0,"relics_obtained":["Golden Idol"],"max_hp_gain":0,"max_hp_loss":7,"event_name":"Golden Idol","floor":10,"gold_loss":0}],"is_beta":false,"boss_relics":[],"items_purged_floors":[],"is_endless":false,"potions_floor_spawned":[4],"killed_by":"3 Sentries","ascension_level":19}}