{"host":"15dd7v8o90xso62x","time":1611672878,"event":{"mods":["BaseMod","Minty Spire (QoL Compilation)","Quick Restart","StSLib","SuperFastMode"],"gold_per_floor":[18,32,32,42,56,56,88,88,113,113,145,44,78,97,97,169,169,181,191,191,241,256,256,286,286,286,286,320,320,320,334,334,412,412,428,442,171,171,171],"floor_reached":38,"language":"KOR","playtime":1177,"items_purged":["Defend_G","Strike_G"],"score":914,"play_id":"15ce120a-a488-419d-bf6d-0efe6b3f6863","local_time":"20210126235438","is_ascension_mode":true,"campfire_choices":[{"data":"Glass Knife","floor":6.0,"key":"SMITH"},{"data":"Blade Dance","floor":8.0,"key":"SMITH"},{"data":"Cloak And Dagger","floor":15.0,"key":"SMITH"},{"data":"Burst","floor":23.0,"key":"SMITH"},{"floor":25.0,"key":"REST"},{"floor":27.0,"key":"REST"},{"data":"After Image","floor":29,"key":"SMITH"},{"floor":32,"key":"REST"}],"circlet_count":0,"master_deck":["AscendersBane","Strike_G","Strike_G","Strike_G","Defend_G","Defend_G","Defend_G","Defend_G","Survivor","Neutralize","Glass Knife+1","Blade Dance+1","Caltrops","Terror","PiercingWail","Cloak And Dagger+1","Accuracy","Burst+1","Accuracy","Backflip","Blur","After Image+1"],"relics":["Ring of the Snake","MealTicket","Bag of Marbles","Strawberry","Dream Catcher","WristBlade","Enchiridion","Oddly Smooth Stone","White Beast Statue","Molten Egg 2","SacredBark","Ancient Tea Set"],"acts_visited":["Exordium","TheCity","TheBeyond"],"potions_floor_usage":[28,33,33,35,38],"damage_taken":[{"damage":0.0,"enemies":"Small Slimes","floor":1.0,"turns":3.0},{"damage":2.0,"enemies":"Jaw Worm","floor":2.0,"turns":4.0},{"damage":0.0,"enemies":"Cultist","floor":4.0,"turns":3.0},{"damage":4.0,"enemies":"Looter","floor":5.0,"turns":3.0},{"damage":0.0,"enemies":"Gremlin Nob","floor":7.0,"turns":2.0},{"damage":30.0,"enemies":"Lagavulin","floor":11.0,"turns":4.0},{"damage":19.0,"enemies":"3 Sentries","floor":13.0,"turns":8.0},{"damage":0.0,"enemies":"Exordium Wildlife","floor":14.0,"turns":2.0},{"damage":7.0,"enemies":"The Guardian","floor":16.0,"turns":9.0},{"damage":6.0,"enemies":"Spheric Guardian","floor":18.0,"turns":3.0},{"damage":5.0,"enemies":"2 Thieves","floor":19.0,"turns":3.0},{"damage":9.0,"enemies":"Shelled Parasite and Fungi","floor":22.0,"turns":4.0},{"damage":22.0,"enemies":"Gremlin Leader","floor":24.0,"turns":4.0},{"damage":13,"enemies":"Slavers","floor":28,"turns":4},{"damage":0,"enemies":"Centurion and Healer","floor":31,"turns":5},{"damage":20,"enemies":"Automaton","floor":33,"turns":9},{"damage":23,"enemies":"3 Darklings","floor":35,"turns":6},{"damage":13,"enemies":"Orb Walker","floor":36,"turns":4},{"damage":12,"enemies":"Transient","floor":38,"turns":5}],"seed_played":"7221224416315552676","potions_obtained":[{"floor":1.0,"key":"Regen Potion"},{"floor":2.0,"key":"SkillPotion"},{"floor":5.0,"key":"AttackPotion"},{"floor":11.0,"key":"Energy Potion"},{"floor":22.0,"key":"CultistPotion"},{"floor":24.0,"key":"Fire Potion"},{"floor":28,"key":"Fire Potion"},{"floor":33,"key":"Poison Potion"},{"floor":35,"key":"GamblersBrew"},{"floor":36,"key":"Energy Potion"}],"is_trial":false,"path_per_floor":["M","M","?","M","M","R","E","R","T","$","E","$","E","M","R","B",null,"M","M","?","?","M","R","E","R","T","R","E","R","?","M","R","B",null,"M","M","$","M"],"character_chosen":"THE_SILENT","items_purchased":["Cloak And Dagger","Ancient Tea Set"],"campfire_rested":3,"item_purchase_floors":[12,37],"current_hp_per_floor":[59,57,57,57,53,53,53,53,53,66,43,58,54,54,54,47,67,61,56,35,35,26,26,4,25,25,46,33,33,21,21,42,22,60,37,24,39,27,27],"gold":171,"neow_bonus":"THREE_RARE_CARDS","is_daily":false,"chose_seed":false,"campfire_upgraded":5,"win_rate":0.0,"timestamp":1611672878,"path_taken":["M","M","?","M","M","R","E","R","T","$","E","$","E","M","R","BOSS","M","M","?","?","M","R","E","R","T","R","E","R","?","?","R","BOSS","M","M","$","M"],"items_purchased_type":["Card","Relic"],"build_version":"2020-12-22","purchased_purges":2,"victory":false,"max_hp_per_floor":[66,66,66,66,66,66,66,66,66,66,73,73,73,73,73,73,73,73,73,73,73,73,73,73,73,73,73,73,73,73,73,73,73,73,73,73,73,73,73],"card_choices":[{"not_picked":["Bullet Time","After Image"],"picked":"Glass Knife","floor":0.0},{"not_picked":["Well Laid Plans","Backflip"],"picked":"Blade Dance","floor":1.0},{"not_picked":["Blade Dance","Prepared","Masterful Stab"],"picked":"SKIP","floor":2.0},{"not_picked":["Outmaneuver","Eviscerate"],"picked":"Terror","floor":4.0},{"not_picked":["Slice","All Out Attack","Terror"],"picked":"SKIP","floor":5.0},{"not_picked":["Outmaneuver","Infinite Blades","Bullet Time"],"picked":"SKIP","floor":7.0},{"not_picked":["Tools of the Trade","Flechettes"],"picked":"PiercingWail","floor":11.0},{"not_picked":["Cloak And Dagger","Outmaneuver","Deflect"],"picked":"SKIP","floor":13.0},{"not_picked":["Sucker Punch","Finisher"],"picked":"Accuracy","floor":14.0},{"not_picked":["Grand Finale","Doppelganger"],"picked":"Burst","floor":16.0},{"not_picked":["Dagger Throw","Choke","Bouncing Flask"],"picked":"SKIP","floor":18.0},{"not_picked":["Acrobatics","Deadly Poison","Sucker Punch"],"picked":"SKIP","floor":19.0},{"not_picked":["Slice","PiercingWail","Concentrate"],"picked":"SKIP","floor":22.0},{"not_picked":["Backstab","Leg Sweep+1"],"picked":"Accuracy","floor":24.0},{"not_picked":["Underhanded Strike","Distraction"],"picked":"Backflip","floor":25.0},{"not_picked":["Caltrops","Riddle With Holes"],"picked":"Blur","floor":27.0},{"not_picked":["Finisher+1","Tools of the Trade"],"picked":"After Image","floor":28},{"not_picked":["Quick Slash+1","Dagger Throw+1","Cloak And Dagger"],"picked":"SKIP","floor":31},{"not_picked":["Blade Dance","PiercingWail","Calculated Gamble"],"picked":"SKIP","floor":35},{"not_picked":["Underhanded Strike+1","Acrobatics","Blur+1"],"picked":"SKIP","floor":36}],"player_experience":892141,"relics_obtained":[{"floor":7.0,"key":"MealTicket"},{"floor":9.0,"key":"Bag of Marbles"},{"floor":11.0,"key":"Strawberry"},{"floor":13.0,"key":"Dream Catcher"},{"floor":20.0,"key":"Enchiridion"},{"floor":24.0,"key":"Oddly Smooth Stone"},{"floor":26.0,"key":"White Beast Statue"},{"floor":28,"key":"Molten Egg 2"}],"event_choices":[{"damage_healed":0.0,"max_hp_gain":0.0,"max_hp_loss":0.0,"gold_gain":0.0,"cards_transformed":["Strike_G"],"event_name":"Living Wall","player_choice":"Change","floor":3.0,"gold_loss":0.0,"damage_taken":0.0,"cards_obtained":["Caltrops"]},{"damage_healed":0.0,"max_hp_gain":0.0,"max_hp_loss":0.0,"gold_gain":0.0,"event_name":"Cursed Tome","player_choice":"Obtained Book","floor":20.0,"gold_loss":0.0,"damage_taken":21.0},{"damage_healed":0.0,"max_hp_gain":0.0,"max_hp_loss":0.0,"gold_gain":50.0,"event_name":"Nest","player_choice":"Stole From Cult","floor":21.0,"gold_loss":0.0,"damage_taken":0.0},{"damage_healed":0,"gold_gain":0,"player_choice":"POTION ","damage_taken":12,"max_hp_gain":0,"max_hp_loss":0,"event_name":"Knowing Skull","floor":30,"potions_obtained":["SpeedPotion"],"gold_loss":0,"cards_obtained":[]}],"is_beta":false,"boss_relics":[{"not_picked":["Tiny House","Calling Bell"],"picked":"WristBlade"},{"not_picked":["Empty Cage","Sozu"],"picked":"SacredBark"}],"items_purged_floors":[12,37],"is_endless":false,"potions_floor_spawned":[1,2,5,11,22,24,28,31,33,35,36],"killed_by":"Transient","ascension_level":20}}