{"host":"4cz9gr89nglr7k8k","time":1611696722,"event":{"mods":["BaseMod","Minty Spire (QoL Compilation)","Relic Stats","Slay-I"],"gold_per_floor":[111,122,122,122,139,167,7,7,7,7,26,46,46,74,74,74,74],"floor_reached":16,"language":"DEU","playtime":364,"items_purged":[],"score":220,"play_id":"c872488d-d954-4c74-882e-6cc9cd9ed1a2","local_time":"20210126223202","is_ascension_mode":true,"campfire_choices":[{"floor":8,"key":"REST"},{"data":"Perfected Strike","floor":10,"key":"SMITH"},{"floor":13,"key":"REST"},{"floor":15,"key":"REST"}],"circlet_count":0,"master_deck":["AscendersBane","Strike_R","Strike_R","Strike_R","Strike_R","Strike_R","Defend_R","Defend_R","Defend_R","Defend_R","Bash","Intimidate","Flex","Perfected Strike+1","True Grit","Twin Strike","Pommel Strike","Bludgeon"],"relics":["Burning Blood","NeowsBlessing","Eternal Feather","Letter Opener","MealTicket","Bottled Flame","Kunai"],"acts_visited":["Exordium"],"potions_floor_usage":[6,11,16],"damage_taken":[{"damage":0,"enemies":"Jaw Worm","floor":1,"turns":1},{"damage":0,"enemies":"2 Louse","floor":2,"turns":1},{"damage":0,"enemies":"Cultist","floor":5,"turns":1},{"damage":30,"enemies":"Lagavulin","floor":6,"turns":5},{"damage":17,"enemies":"Gremlin Gang","floor":11,"turns":4},{"damage":16,"enemies":"3 Louse","floor":12,"turns":3},{"damage":38,"enemies":"3 Sentries","floor":14,"turns":9},{"damage":74,"enemies":"Slime Boss","floor":16,"turns":8}],"seed_played":"-7616957163829904553","potions_obtained":[{"floor":1,"key":"Fire Potion"},{"floor":4,"key":"SkillPotion"},{"floor":12,"key":"HeartOfIron"}],"is_trial":false,"path_per_floor":["M","M","?","?","M","E","$","R","T","R","M","M","R","E","R","B"],"character_chosen":"IRONCLAD","items_purchased":["MealTicket"],"campfire_rested":3,"item_purchase_floors":[7],"current_hp_per_floor":[74,75,49,49,55,31,31,62,62,71,60,50,75,43,74,0,0],"gold":74,"neow_bonus":"THREE_ENEMY_KILL","is_daily":false,"chose_seed":false,"campfire_upgraded":1,"win_rate":0.0,"timestamp":1611696722,"path_taken":["M","M","?","?","?","E","$","R","T","R","M","M","R","E","R","BOSS"],"items_purchased_type":["Relic"],"build_version":"2020-12-22","purchased_purges":0,"victory":false,"max_hp_per_floor":[75,75,75,75,75,75,75,75,75,75,75,75,75,75,75,75,75],"relic_stats":{"counters":[8,32],"Eternal Feather":36,"MealTicket":0,"Letter Opener":[0],"Kunai":[1],"obtain_stats":[{"Bottled Flame":9,"NeowsBlessing":0,"Eternal Feather":3,"MealTicket":7,"Letter Opener":6,"Kunai":14,"Burning Blood":0},{"Bottled Flame":4,"NeowsBlessing":0,"Eternal Feather":2,"MealTicket":4,"Letter Opener":4,"Kunai":7,"Burning Blood":0},{"Bottled Flame":8,"NeowsBlessing":0,"Eternal Feather":2,"MealTicket":8,"Letter Opener":8,"Kunai":24,"Burning Blood":0}],"Burning Blood":37},"card_choices":[{"not_picked":["Feel No Pain","Pommel Strike"],"picked":"Intimidate","floor":1},{"not_picked":["Heavy Blade","Armaments"],"picked":"Flex","floor":2},{"not_picked":["Blood for Blood","True Grit"],"picked":"Perfected Strike","floor":5},{"not_picked":["Evolve","Armaments"],"picked":"True Grit","floor":6},{"not_picked":["Rupture","Sword Boomerang"],"picked":"Twin Strike","floor":11},{"not_picked":["Infernal Blade","Power Through"],"picked":"Pommel Strike","floor":12},{"not_picked":["Rampage","Armaments"],"picked":"Bludgeon","floor":14}],"player_experience":1526026,"relics_obtained":[{"floor":6,"key":"Letter Opener"},{"floor":9,"key":"Bottled Flame"},{"floor":14,"key":"Kunai"}],"event_choices":[{"damage_healed":0,"gold_gain":0,"player_choice":"Success","damage_taken":26,"relics_obtained":["Eternal Feather"],"max_hp_gain":0,"max_hp_loss":0,"event_name":"Scrap Ooze","floor":3,"gold_loss":0},{"damage_healed":0,"gold_gain":0,"player_choice":"Got Potions","damage_taken":0,"max_hp_gain":0,"max_hp_loss":0,"event_name":"Lab","floor":4,"gold_loss":0}],"is_beta":false,"boss_relics":[],"items_purged_floors":[],"is_endless":false,"potions_floor_spawned":[1,12],"killed_by":"Slime Boss","ascension_level":20}}