{"host":"wshh0nphwn6jv7vj","time":1611701440,"event":{"mods":["BaseMod","Bestiary","Minty Spire (QoL Compilation)","Relic Stats"],"gold_per_floor":[112,6,6,19,35,35,35,35],"floor_reached":7,"language":"ENG","playtime":234,"items_purged":[],"score":76,"play_id":"3b7af347-bb23-41a8-b635-f96476dfefe2","local_time":"20210126175040","is_ascension_mode":true,"campfire_choices":[{"floor":6,"key":"REST"}],"circlet_count":0,"master_deck":["AscendersBane","Strike_P","Strike_P","Strike_P","Strike_P","Defend_P","Defend_P","Defend_P","Defend_P","Eruption","Vigilance","Protect","BowlingBash","Tantrum","Pain","JustLucky","Wallop"],"relics":["VioletLotus","WarpedTongs"],"acts_visited":["Exordium"],"potions_floor_usage":[7],"damage_taken":[{"damage":46,"enemies":"Jaw Worm","floor":1,"turns":8},{"damage":3,"enemies":"Cultist","floor":4,"turns":3},{"damage":8,"enemies":"Small Slimes","floor":5,"turns":4},{"damage":30,"enemies":"Lagavulin","floor":7,"turns":5}],"seed_played":"2924728467013191635","potions_obtained":[{"floor":1,"key":"SpeedPotion"}],"is_trial":false,"path_per_floor":["M","$","?","M","M","R","E"],"character_chosen":"WATCHER","items_purchased":["BowlingBash","Tantrum"],"campfire_rested":1,"item_purchase_floors":[2,2],"current_hp_per_floor":[15,15,15,12,4,24,0,0],"gold":35,"neow_bonus":"BOSS_RELIC","is_daily":false,"chose_seed":false,"campfire_upgraded":0,"win_rate":0.0,"timestamp":1611701440,"path_taken":["M","$","?","M","?","R","E"],"items_purchased_type":["Card","Card"],"build_version":"2020-12-22","purchased_purges":0,"victory":false,"max_hp_per_floor":[68,68,68,68,68,68,68,68],"relic_stats":{"counters":[4,20],"VioletLotus":[4],"obtain_stats":[{"VioletLotus":0,"PureWater":0,"WarpedTongs":3},{"VioletLotus":0,"PureWater":0,"WarpedTongs":1},{"VioletLotus":0,"PureWater":0,"WarpedTongs":8}],"WarpedTongs":[12]},"card_choices":[{"not_picked":["Study","FlyingSleeves"],"picked":"Protect","floor":1},{"not_picked":["Prostrate","FlyingSleeves"],"picked":"JustLucky","floor":4},{"not_picked":["Evaluate","ClearTheMind"],"picked":"Wallop","floor":5}],"player_experience":1617923,"relics_obtained":[],"event_choices":[{"damage_healed":0,"gold_gain":0,"player_choice":"Rummage","damage_taken":0,"relics_obtained":["WarpedTongs"],"max_hp_gain":0,"max_hp_loss":0,"event_name":"Accursed Blacksmith","floor":3,"gold_loss":0,"cards_obtained":["Pain"]}],"is_beta":false,"boss_relics":[],"items_purged_floors":[],"is_endless":false,"potions_floor_spawned":[1],"killed_by":"Lagavulin","ascension_level":17}}