{"host":"qbvxbacgnxuisbbe","time":1611682147,"event":{"mods":["Alarm Clock","BaseMod","Humility","Minty Spire (QoL Compilation)","StSLib"],"gold_per_floor":[214,214,56,56,1,1,29,44,117,146,174,230,250,267,267,341,341,281,30,30,30,30,30,30,30,30],"floor_reached":25,"language":"ENG","playtime":1088,"items_purged":["Defend_R"],"score":414,"play_id":"080d7581-dd63-4386-8cd1-b4b107a13a99","local_time":"20210126172907","is_ascension_mode":true,"campfire_choices":[{"data":"Carnage","floor":6.0,"key":"SMITH"},{"data":"Uppercut","floor":15,"key":"SMITH"},{"data":"Brutality","floor":23,"key":"SMITH"}],"circlet_count":0,"master_deck":["AscendersBane","Strike_R","Strike_R","Strike_R","Strike_R","Defend_R","Defend_R","Defend_R","Bash","Shockwave","Shrug It Off","Blood for Blood","Carnage+1","Dropkick","Shrug It Off","Brutality+1","Burning Pact","Shrug It Off","Bloodletting","Uppercut+1","Offering","Dual Wield","Finesse","Spot Weakness+1","Necronomicurse"],"relics":["Burning Blood","Orrery","CaptainsWheel","StrikeDummy","Meat on the Bone","Gremlin Horn","Odd Mushroom","Art of War","Ectoplasm","Necronomicon"],"acts_visited":["Exordium","TheCity"],"potions_floor_usage":[10,10,14,16,25],"damage_taken":[{"damage":7.0,"enemies":"Small Slimes","floor":1.0,"turns":3.0},{"damage":21.0,"enemies":"Lagavulin","floor":7.0,"turns":7.0},{"damage":10.0,"enemies":"Jaw Worm","floor":8.0,"turns":3.0},{"damage":14,"enemies":"3 Sentries","floor":10,"turns":10},{"damage":24,"enemies":"The Mushroom Lair","floor":11,"turns":4},{"damage":17,"enemies":"Gremlin Nob","floor":12,"turns":3},{"damage":2,"enemies":"Cultist","floor":13,"turns":3},{"damage":0,"enemies":"Large Slime","floor":14,"turns":5},{"damage":17,"enemies":"Hexaghost","floor":16,"turns":6},{"damage":16,"enemies":"2 Thieves","floor":18,"turns":3},{"damage":0,"enemies":"Chosen","floor":20,"turns":5},{"damage":19,"enemies":"Shelled Parasite and Fungi","floor":25,"turns":2}],"seed_played":"-7550721618623204669","potions_obtained":[{"floor":1.0,"key":"Weak Potion"},{"floor":7.0,"key":"EssenceOfSteel"},{"floor":8.0,"key":"Dexterity Potion"},{"floor":12,"key":"SpeedPotion"},{"floor":13,"key":"Block Potion"},{"floor":14,"key":"SneckoOil"}],"is_trial":false,"path_per_floor":["M","?","$","?","$","R","E","M","T","E","?","?","M","M","R","B",null,"M","$","M","?","?","R","?","M"],"character_chosen":"IRONCLAD","items_purchased":["Orrery","Shrug It Off","Finesse","Ancient Potion"],"campfire_rested":0,"item_purchase_floors":[3,5,19,19],"current_hp_per_floor":[67,60,60,60,60,60,45,41,41,45,39,40,44,50,50,51,69,59,59,65,65,44,44,23,4,4],"gold":30,"neow_bonus":"HUNDRED_GOLD","is_daily":false,"chose_seed":false,"campfire_upgraded":3,"win_rate":0.0,"timestamp":1611682147,"path_taken":["M","?","$","?","$","R","E","?","T","E","?","?","M","M","R","BOSS","M","$","M","?","?","R","?","M"],"items_purchased_type":["Relic","Card","Card","Potion"],"build_version":"2020-12-22","purchased_purges":1,"victory":false,"max_hp_per_floor":[75,75,75,75,75,75,75,75,75,75,75,75,75,75,75,75,75,75,75,75,75,75,75,80,80,80],"card_choices":[{"not_picked":["Seeing Red","Pummel"],"picked":"Heavy Blade","floor":1.0},{"not_picked":["Armaments","Rupture"],"picked":"Shockwave","floor":3.0},{"not_picked":["Perfected Strike","Ghostly Armor"],"picked":"Shrug It Off","floor":3.0},{"not_picked":["Power Through","Shockwave"],"picked":"Blood for Blood","floor":3.0},{"not_picked":["Heavy Blade","Warcry"],"picked":"Carnage","floor":3.0},{"not_picked":["Warcry","Bludgeon"],"picked":"Dropkick","floor":3.0},{"not_picked":["Dark Embrace","Clash"],"picked":"Brutality","floor":7.0},{"not_picked":["Cleave","Inflame"],"picked":"Burning Pact","floor":8.0},{"not_picked":["Fiend Fire","Perfected Strike","Anger"],"picked":"SKIP","floor":10},{"not_picked":["Wild Strike","Flex"],"picked":"Shrug It Off","floor":11},{"not_picked":["Searing Blow","Exhume"],"picked":"Bloodletting","floor":12},{"not_picked":["Iron Wave","Burning Pact"],"picked":"Uppercut","floor":13},{"not_picked":["Fire Breathing","Thunderclap","Clothesline"],"picked":"SKIP","floor":14},{"not_picked":["Brutality","Fiend Fire"],"picked":"Offering","floor":16},{"not_picked":["Warcry+1","Iron Wave"],"picked":"Dual Wield","floor":18},{"not_picked":["Evolve","Whirlwind"],"picked":"Spot Weakness+1","floor":20}],"player_experience":135556,"relics_obtained":[{"floor":7.0,"key":"StrikeDummy"},{"floor":9.0,"key":"Meat on the Bone"},{"floor":10,"key":"Gremlin Horn"},{"floor":11,"key":"Odd Mushroom"},{"floor":12,"key":"Art of War"},{"floor":22,"key":"Necronomicon"}],"event_choices":[{"cards_removed":["Strike_R"],"damage_healed":0.0,"max_hp_gain":0.0,"max_hp_loss":0.0,"gold_gain":0.0,"event_name":"Golden Wing","player_choice":"Card Removal","floor":2.0,"gold_loss":0.0,"damage_taken":7.0},{"cards_removed":["Heavy Blade"],"damage_healed":0.0,"max_hp_gain":0.0,"max_hp_loss":0.0,"gold_gain":0.0,"event_name":"WeMeetAgain","player_choice":"Gave Card","floor":4.0,"gold_loss":0.0,"damage_taken":0.0,"relics_obtained":["CaptainsWheel"]},{"damage_healed":0,"gold_gain":0,"player_choice":"Fought Mushrooms","damage_taken":0,"max_hp_gain":0,"max_hp_loss":0,"event_name":"Mushrooms","floor":11,"gold_loss":0},{"damage_healed":0,"gold_gain":30,"player_choice":"Searched \u00272\u0027 times","damage_taken":0,"max_hp_gain":0,"max_hp_loss":0,"event_name":"Dead Adventurer","floor":12,"gold_loss":0},{"damage_healed":0,"gold_gain":0,"player_choice":"Ignored","damage_taken":0,"max_hp_gain":0,"max_hp_loss":0,"event_name":"Vampires","floor":21,"gold_loss":0},{"damage_healed":0,"gold_gain":0,"player_choice":"Obtained Book","damage_taken":21,"max_hp_gain":0,"max_hp_loss":0,"event_name":"Cursed Tome","floor":22,"gold_loss":0},{"damage_healed":0,"gold_gain":0,"player_choice":"Shed Blood","damage_taken":26,"max_hp_gain":5,"max_hp_loss":0,"event_name":"Forgotten Altar","floor":24,"gold_loss":0}],"is_beta":false,"boss_relics":[{"not_picked":["Tiny House","Pandora\u0027s Box"],"picked":"Ectoplasm"}],"items_purged_floors":[19],"is_endless":false,"potions_floor_spawned":[1,7,8,12,13,14,20],"killed_by":"Shelled Parasite and Fungi","ascension_level":20,"is_humility":true}}