{"host":"hfxahm4y1ssattqc","time":1611628039,"event":{"mods":["2.2 Compatiblity","Act Like it!","Aspiration","BaseMod","Beaked The Cultist","Better Third Choice","BetterRewards","Colored Map","Colored Powertips","Custom Start","Googly Eyes","Halation","Hallownest","Hermit","Highlight Path","Hubris","Mimic Mod","Minty Spire (QoL Compilation)","Reorder Act Four","Shop Mod","Spikes Relics","StSLib","The Bug Knight","The IronCluck","The Jungle","Unknown Chances","slay the spire mod where everything is the same but ironclad has a cowboy hat"],"gold_per_floor":[212,212,212,145,162,188,203,228,228,228,241,241,253,266,266,371,371,381,14,26,51,67,101,101,101,177,208,208,228,228,228,228],"floor_reached":31,"language":"ENG","playtime":1300,"items_purged":[],"score":310,"play_id":"45a73587-d3cf-4e40-90c1-0eb284db6ac6","local_time":"20210125182719","is_ascension_mode":false,"campfire_choices":[{"floor":12.0,"key":"REST"},{"data":"hermit:Coalescence","floor":15.0,"key":"SMITH"},{"floor":24,"key":"REST"},{"floor":28,"key":"REST"},{"data":"hermit:TakeAim","floor":30,"key":"SMITH"}],"circlet_count":0,"master_deck":["hermit:Strike_Hermit","hermit:Strike_Hermit","hermit:Strike_Hermit","hermit:Strike_Hermit","hermit:Defend_Hermit","hermit:Defend_Hermit","hermit:Defend_Hermit","hermit:Defend_Hermit","hermit:Snapshot","hermit:Covet","hermit:Showdown+1","hermit:Maintenance+1","hermit:Enervate","hermit:LowProfile","hermit:Enervate","hermit:Coalescence+1","hermit:Roughhouse","hermit:CalledShot+1","hermit:GhostlyPresence","hermit:TakeAim+1","hermit:TrackingShot","hermit:GhostlyPresence+1","hermit:Snipe+1"],"relics":["hermit:Momento","Mango","Ice Cream","Pear","aspiration:RitualDagger","Incense Burner","Omamori","hubris:MysteriousPyramids","Pantograph"],"acts_visited":["Exordium","TheCity"],"potions_floor_usage":[],"damage_taken":[{"damage":2.0,"enemies":"Small Slimes","floor":1.0,"turns":3.0},{"damage":2.0,"enemies":"2 Louse","floor":5.0,"turns":3.0},{"damage":26.0,"enemies":"Gremlin Nob","floor":6.0,"turns":5.0},{"damage":1.0,"enemies":"Cultist","floor":7.0,"turns":3.0},{"damage":20.0,"enemies":"Lagavulin","floor":8.0,"turns":8.0},{"damage":3.0,"enemies":"Red Slaver","floor":11.0,"turns":3.0},{"damage":6.0,"enemies":"3 Louse","floor":13.0,"turns":2.0},{"damage":0.0,"enemies":"Looter","floor":14.0,"turns":2.0},{"damage":46.0,"enemies":"The Guardian","floor":16.0,"turns":15.0},{"damage":28.0,"enemies":"Shell Parasite","floor":18.0,"turns":6.0},{"damage":32.0,"enemies":"2 Thieves","floor":20.0,"turns":4.0},{"damage":20,"enemies":"Centurion and Healer","floor":22,"turns":8},{"damage":91,"enemies":"Book of Stabbing","floor":23,"turns":9},{"damage":55,"enemies":"Slavers","floor":27,"turns":8},{"damage":32,"enemies":"Snake Plant","floor":29,"turns":6},{"damage":54,"enemies":"3 Cultists","floor":31,"turns":4}],"seed_played":"-7661584048615772996","potions_obtained":[{"floor":1.0,"key":"Strength Potion"},{"floor":6.0,"key":"FearPotion"},{"floor":13.0,"key":"SmokeBomb"}],"is_trial":false,"path_per_floor":["M","$","?","$","M","E","M","E","T","?","M","R","M","M","R","B",null,"M","$","M","T","M","E","R","?","T","E","R","M","R","M"],"character_chosen":"HERMIT","items_purchased":["hermit:Maintenance","hermit:GhostlyPresence","Incense Burner"],"campfire_rested":3,"item_purchase_floors":[4,19,19],"current_hp_per_floor":[73,73,73,73,71,59,58,38,48,48,45,74,68,68,68,22,99,71,71,39,39,19,41,70,70,70,34,63,41,41,0,0],"gold":228,"neow_bonus":"HUNDRED_GOLD","is_daily":false,"chose_seed":false,"campfire_upgraded":2,"win_rate":0.0,"timestamp":1611628039,"path_taken":["M","$","?","$","M","E","M","E","T","?","M","R","M","?","R","BOSS","M","$","M","?","M","E","R","?","T","E","R","M","R","M"],"items_purchased_type":["Card","Card","Relic"],"build_version":"2020-12-22","purchased_purges":0,"victory":false,"max_hp_per_floor":[75,75,75,75,75,89,89,89,99,99,99,99,99,99,99,99,99,99,99,99,99,99,99,99,99,99,99,99,99,99,99,99],"card_choices":[{"not_picked":["hermit:EyeOfTheStorm","hermit:Spite"],"picked":"hermit:Showdown","floor":1.0},{"not_picked":["hermit:Snipe","hermit:WideOpen","hermit:Feint"],"picked":"SKIP","floor":5.0},{"not_picked":["hermit:Headshot","hermit:Dive"],"picked":"hermit:Enervate","floor":6.0},{"not_picked":["hermit:Feint","hermit:TrackingShot"],"picked":"hermit:LowProfile","floor":7.0},{"not_picked":["hermit:Gestalt","hermit:FullyLoaded","hermit:Purgatory"],"picked":"SKIP","floor":8.0},{"not_picked":["hermit:Quickdraw","hermit:BodyArmor"],"picked":"hermit:Enervate","floor":11.0},{"not_picked":["hermit:Roulette","hermit:Vantage","hermit:HighCaliber"],"picked":"SKIP","floor":13.0},{"not_picked":["hermit:Maintenance","hermit:FullyLoaded"],"picked":"hermit:Coalescence","floor":14.0},{"not_picked":["hermit:Adapt","hermit:Reprieve"],"picked":"hermit:Roughhouse","floor":16.0},{"not_picked":["hermit:HoleUp","hermit:Horror+1"],"picked":"hermit:CalledShot+1","floor":18.0},{"not_picked":["hermit:Feint+1","hermit:Snipe"],"picked":"hermit:TakeAim","floor":20.0},{"not_picked":["hermit:PistolWhip","hermit:SprayPray"],"picked":"hermit:TrackingShot","floor":22},{"not_picked":["hermit:Horror+1","hermit:NoHoldsBarred"],"picked":"hermit:GhostlyPresence+1","floor":23},{"not_picked":["hermit:HeroicBravado","hermit:ShadowCloak"],"picked":"hermit:Snipe+1","floor":27},{"not_picked":["hermit:Headshot+1","hermit:HoleUp","hermit:Combo"],"picked":"SKIP","floor":29}],"player_experience":908320,"relics_obtained":[{"floor":6.0,"key":"Mango"},{"floor":8.0,"key":"Ice Cream"},{"floor":9.0,"key":"Pear"},{"floor":21.0,"key":"Omamori"},{"floor":23,"key":"hubris:MysteriousPyramids"},{"floor":27,"key":"Pantograph"}],"event_choices":[{"damage_healed":0.0,"max_hp_gain":0.0,"max_hp_loss":0.0,"gold_gain":0.0,"event_name":"Upgrade Shrine","player_choice":"Upgraded","floor":10.0,"gold_loss":0.0,"damage_taken":0.0,"cards_upgraded":["hermit:Maintenance"]},{"damage_healed":0,"gold_gain":0,"player_choice":"Ignored","damage_taken":0,"max_hp_gain":0,"max_hp_loss":0,"event_name":"Ghosts","floor":25,"gold_loss":0}],"is_beta":false,"boss_relics":[{"not_picked":["Tiny House","aspiration:FutureDiary"],"picked":"aspiration:RitualDagger"}],"items_purged_floors":[],"is_endless":false,"potions_floor_spawned":[1,6,13,16,18,20,22],"killed_by":"3 Cultists","ascension_level":0}}