{"host":"bxs3jtgw91tf0zca","time":1611634287,"event":{"mods":["AchievementEnabler","Act Like it!","BaseMod","Challenge The Spire","Colored Map","Colored Powertips","GifTheSpireLib","Hubris","Minty Spire (QoL Compilation)","Replay The Spire","StSLib","Stuff the Spire","SuperFastMode","???mod?????"],"gold_per_floor":[109,109,119,136,152,180,180,180,180,209,209,209,223,250,6,25,25,104,104,120,120,20,20,20,46,63,140,190,222,233,233,262,273,273,349,349,367,367,367,85,85,85,85,102,102,118,136,136,156,169,169,169,169],"floor_reached":54,"language":"ENG","playtime":2531,"items_purged":["Strike_Black","hubris:Wrath","Voices"],"score":2163,"play_id":"f034c22a-521b-4c67-849f-c01524efd090","local_time":"20210126011127","is_ascension_mode":true,"campfire_choices":[{"data":"PrewarPrepare_Black","floor":7.0,"key":"SMITH"},{"data":"Stick_Black","floor":12.0,"key":"SMITH"},{"data":"PrewarPrepare_Black","floor":17.0,"key":"SMITH"},{"data":"WartimeReply_Black","floor":34.0,"key":"SMITH"},{"data":"StuffTheSpire:Vigor","floor":42,"key":"SMITH"},{"data":"PrewarPrepare_Black","floor":48,"key":"SMITH"},{"data":"StuffTheSpire:BrainWave","floor":51,"key":"SMITH"}],"circlet_count":0,"master_deck":["AscendersBane","Strike_Black+1","Strike_Black+1","Strike_Black+1","Defend_Black+1","Defend_Black+1","Defend_Black+1","Defend_Black+1","Observe_Black","ThespeedofsoundToattack_Black+1","PrewarPrepare_Black+1","Stick_Black+1","WartimeReply_Black+1","PrewarPrepare_Black+1","SpeedBlade1_Black+1","StuffTheSpire:BrainWave+1","StuffTheSpire:GnomedCurse","StuffTheSpire:Brawn","StuffTheSpire:Vigor+1","StuffTheSpire:BrainWave","PrewarPrepare_Black+1"],"relics":["TheHeartOfYui","Aincard","Bag of Marbles","hubris:Reverence","VampireTeeth","Mummified Hand","Odd Mushroom","StuffTheSpire:Saxophone","Replay:Ancient Bell","Nunchaku","Matryoshka","hubris:GlazedTorus","Spirit Poop","Frozen Egg 2","hubris:DisguiseKit","Iron Hammer","StuffTheSpire:HeavyRock","Whetstone","StuffTheSpire:GrapeVine","Calipers","Sozu","ReplayTheSpireMod:Ring of Collecting","Ring of Searing","Strange Spoon","hubris:Towel","Shuriken"],"acts_visited":["Exordium","TheCity","TheBeyond"],"potions_floor_usage":[],"damage_taken":[{"damage":0.0,"enemies":"2 Louse","floor":1.0,"turns":3.0},{"damage":0.0,"enemies":"Cultist","floor":3.0,"turns":3.0},{"damage":0.0,"enemies":"Jaw Worm","floor":4.0,"turns":4.0},{"damage":0.0,"enemies":"Exordium Wildlife","floor":5.0,"turns":3.0},{"damage":21.0,"enemies":"Gremlin Nob","floor":6.0,"turns":5.0},{"damage":0.0,"enemies":"Lagavulin","floor":10.0,"turns":7.0},{"damage":0.0,"enemies":"2 Fungi Beasts","floor":13.0,"turns":4.0},{"damage":0.0,"enemies":"The Mushroom Lair","floor":14.0,"turns":5.0},{"damage":5.0,"enemies":"Blue Slaver","floor":16.0,"turns":4.0},{"damage":47.0,"enemies":"Fading Forest","floor":18.0,"turns":13.0},{"damage":17.0,"enemies":"2 Thieves","floor":20.0,"turns":4.0},{"damage":70.0,"enemies":"Slavers","floor":25.0,"turns":10.0},{"damage":0.0,"enemies":"Chosen","floor":26.0,"turns":7.0},{"damage":4.0,"enemies":"Gremlin Leader","floor":29.0,"turns":7.0},{"damage":0.0,"enemies":"Snake Plant","floor":30.0,"turns":3.0},{"damage":10.0,"enemies":"Slavers","floor":32.0,"turns":5.0},{"damage":4.0,"enemies":"Shelled Parasite and Fungi","floor":33.0,"turns":4.0},{"damage":0.0,"enemies":"Champ","floor":35.0,"turns":10.0},{"damage":0.0,"enemies":"3 Darklings","floor":37.0,"turns":5.0},{"damage":16,"enemies":"3 Shapes","floor":44,"turns":8},{"damage":27,"enemies":"Writhing Mass","floor":46,"turns":8},{"damage":13,"enemies":"Transient","floor":47,"turns":6},{"damage":39,"enemies":"Jaw Worm Horde","floor":49,"turns":15},{"damage":18,"enemies":"Spire Growth","floor":50,"turns":5},{"damage":8,"enemies":"Time Eater","floor":52,"turns":5},{"damage":33,"enemies":"Donu and Deca","floor":53,"turns":6}],"seed_played":"-4481818773520831531","potions_obtained":[{"floor":3.0,"key":"LifebloodPotion"},{"floor":6.0,"key":"FearPotion"},{"floor":10.0,"key":"EntropicBrew"},{"floor":13.0,"key":"Flashbang"},{"floor":30.0,"key":"Fire Potion"},{"floor":33.0,"key":"Elixir"}],"is_trial":false,"path_per_floor":["M","?","M","M","M","E","R","PTL","PTL","E","T","R","M","?","$","M","R","B",null,"M","?","$","?","$","E","M","T","T","E","M","?","E","M","R","B",null,"M","?","?","$","?","R","?","M","T","M","M","R","M","M","R","B","B",null],"character_chosen":"THE_KIRITO","items_purchased":["StuffTheSpire:Saxophone","Strange Spoon"],"campfire_rested":0,"item_purchase_floors":[15,40],"current_hp_per_floor":[68,68,68,68,68,47,47,47,47,47,47,47,55,60,60,60,60,51,58,56,41,41,41,41,20,56,56,56,60,60,60,60,60,60,60,60,60,60,60,60,30,30,30,42,42,58,60,60,45,60,60,60,60],"gold":169,"neow_bonus":"RANDOM_COMMON_RELIC","is_daily":false,"chose_seed":false,"campfire_upgraded":7,"win_rate":0.0,"timestamp":1611634287,"path_taken":["M","?","?","M","M","E","R","PTL","PTL","E","T","R","M","?","?","M","R","BOSS","M","?","$","?","$","E","?","?","T","E","M","?","E","M","R","BOSS","M","?","?","$","?","R","?","M","T","M","?","R","M","M","R","BOSS","BOSS"],"items_purchased_type":["Relic","Relic"],"build_version":"2020-12-22","purchased_purges":3,"victory":true,"max_hp_per_floor":[75,75,75,75,75,75,75,75,75,60,60,60,60,60,60,60,60,60,60,60,60,60,60,60,60,60,60,60,60,60,60,60,60,60,60,60,60,60,60,60,60,60,60,60,60,60,60,60,60,60,60,60,60],"card_choices":[{"not_picked":["DoubleAttack_Black","SunBlade_Black"],"picked":"ThespeedofsoundToattack_Black","floor":1.0},{"not_picked":["FlashPuncture_Black","SpiritCrash_Black"],"picked":"PrewarPrepare_Black","floor":3.0},{"not_picked":["HeroicBearing_Black","Stab_Black","BrilliantBlade_Black"],"picked":"SKIP","floor":4.0},{"not_picked":["Attacker_Black","FlashPuncture_Black"],"picked":"Stick_Black","floor":5.0},{"not_picked":["DoubleAttack_Black","Track_Black","StrengthTransform_Black"],"picked":"SKIP","floor":6.0},{"not_picked":["DefensiveStance_Black","Stab_Black","FlashPuncture_Black"],"picked":"SKIP","floor":10.0},{"not_picked":["DefensiveStance_Black","Stab_Black","FlashPuncture_Black"],"picked":"SKIP","floor":10.0},{"not_picked":["StarBurstStream_Black","SmokeScreen_Black"],"picked":"WartimeReply_Black","floor":13.0},{"not_picked":["Stab_Black","Defender_Black"],"picked":"PrewarPrepare_Black","floor":16.0},{"not_picked":["Unreasonable_Black","MentalLevelUp_Black"],"picked":"SpeedBlade1_Black","floor":18.0},{"not_picked":["CurseOfTheBell","Spreading Infection"],"picked":"Sickly","floor":19.0},{"not_picked":["hubris:Gluttony","Amnesia"],"picked":"hubris:Wrath","floor":19.0},{"not_picked":["Looming Evil","ReplayTheSpireMod:Restless Dread"],"picked":"StuffTheSpire:GnomedCurse","floor":19.0},{"not_picked":["PrewarPrepare_Black","Beater_Black","Defender_Black"],"picked":"SKIP","floor":20.0},{"not_picked":["HorizontalSquareChopping_Black","DexterityTransform_Black","WeakHit_Black"],"picked":"SKIP","floor":25.0},{"not_picked":["HorizontalSquareChopping_Black","DexterityTransform_Black","WeakHit_Black"],"picked":"SKIP","floor":25.0},{"not_picked":["GunFight_Black","BrilliantBlade_Black","MentalSkills_Black+1"],"picked":"SKIP","floor":26.0},{"not_picked":["DoubleAttack_Black+1","Ghost_Black","SunBlade_Black","Replay:Poison Smokescreen"],"picked":"SKIP","floor":29.0},{"not_picked":["Attacker_Black","Intimidate_Black","TakeAdvantage_Black","Dagger Spray"],"picked":"SKIP","floor":30.0},{"not_picked":["Ghost_Black","TheEnd_Black+1","SwordDance_Black","Bane"],"picked":"SKIP","floor":32.0},{"not_picked":["BrokenRibs_Black","Injury_Black","Exercise2_Black","Prepared"],"picked":"SKIP","floor":33.0},{"not_picked":["Track_Black+1","Attacker_Black+1","GunFight_Black","StuffTheSpire:Injection"],"picked":"SKIP","floor":37.0},{"not_picked":["DoubleSword_Black+1","DoubleCut_Black","WartimeReply_Black+1","StuffTheSpire:MirrorStance"],"picked":"SKIP","floor":44},{"not_picked":["PrewarPrepare_Black","SwordDance_Black","SmokeScreen_Black","StuffTheSpire:BumpUp"],"picked":"SKIP","floor":46},{"not_picked":["SwordDance_Black","SmokeScreen_Black","StuffTheSpire:BumpUp"],"picked":"PrewarPrepare_Black","floor":46},{"not_picked":["Intimidate_Black","SwordDance_Black","PrewarPrepare_Black","Flying Knee"],"picked":"SKIP","floor":47},{"not_picked":["Track_Black+1","Exercise1_Black","SmokeScreen_Black+1","StuffTheSpire:BumpUp"],"picked":"SKIP","floor":49},{"not_picked":["Smile_Black+1","Defender_Black","Thrust_Black","StuffTheSpire:ClusterCrunch"],"picked":"SKIP","floor":50}],"player_experience":398176,"relics_obtained":[{"floor":6.0,"key":"hubris:Reverence"},{"floor":10.0,"key":"VampireTeeth"},{"floor":11.0,"key":"Mummified Hand"},{"floor":14.0,"key":"Odd Mushroom"},{"floor":25.0,"key":"Frozen Egg 2"},{"floor":27.0,"key":"hubris:DisguiseKit"},{"floor":27.0,"key":"Iron Hammer"},{"floor":28.0,"key":"StuffTheSpire:HeavyRock"},{"floor":28.0,"key":"Whetstone"},{"floor":29.0,"key":"StuffTheSpire:GrapeVine"},{"floor":32.0,"key":"Calipers"},{"floor":38.0,"key":"ReplayTheSpireMod:Ring of Collecting"},{"floor":38.0,"key":"Ring of Searing"},{"floor":45,"key":"Shuriken"}],"event_choices":[{"damage_healed":0.0,"max_hp_gain":0.0,"max_hp_loss":0.0,"gold_gain":0.0,"event_name":"Upgrade Shrine","player_choice":"Upgraded","floor":2.0,"gold_loss":0.0,"damage_taken":0.0,"cards_upgraded":["ThespeedofsoundToattack_Black"]},{"damage_healed":0.0,"max_hp_gain":0.0,"max_hp_loss":0.0,"gold_gain":0.0,"event_name":"Mushrooms","player_choice":"Fought Mushrooms","floor":14.0,"gold_loss":0.0,"damage_taken":0.0},{"cards_removed":["Sickly"],"damage_healed":0.0,"max_hp_gain":0.0,"max_hp_loss":0.0,"gold_gain":0.0,"event_name":"Bonfire Elementals","player_choice":"Offered Curse","floor":23.0,"gold_loss":0.0,"damage_taken":0.0,"relics_obtained":["Spirit Poop"]},{"damage_healed":0.0,"max_hp_gain":0.0,"max_hp_loss":0.0,"gold_gain":0.0,"event_name":"Back to Basics","player_choice":"Simplicity","floor":31.0,"gold_loss":0.0,"damage_taken":0.0,"cards_upgraded":["Strike_Black","Strike_Black","Defend_Black","Defend_Black","Defend_Black","Defend_Black"]},{"damage_healed":0,"gold_gain":0,"player_choice":"Ignored","damage_taken":0,"max_hp_gain":0,"max_hp_loss":0,"event_name":"Mysterious Sphere","floor":39,"gold_loss":0}],"is_beta":false,"boss_relics":[{"not_picked":["Replay:Grab Bag","StuffTheSpire:ModemDavis"],"picked":"Replay:Ancient Bell"},{"not_picked":["StuffTheSpire:TintedRock","Toy Ornithopter"],"picked":"Nunchaku"},{"not_picked":["StuffTheSpire:Tea","Ornamental Fan"],"picked":"Matryoshka"},{"not_picked":["CaptainsWheel","Peace Pipe"],"picked":"hubris:GlazedTorus"},{"not_picked":["Runic Pyramid","ReplayTheSpireMod:DimensionalGlitch"],"picked":"Sozu"}],"items_purged_floors":[15,22,40],"is_endless":false,"potions_floor_spawned":[3,6,10,13,14,16,20,30,33,37,49],"ascension_level":20}}