{"host":"njo8qgvy2a57fcny","time":1611645735,"event":{"mods":["Aspiration","BaseMod","BetterRewards","CCEM","Colored Map","Colored Powertips","Conspire","Custom Start","Downfall","Energized Spire","GifTheSpireLib","Halation","Hermit","Hubris","Infinite Spire","Jedi Mod","Jorbs\u0027s Wanderer Trilogy","Mimic Mod","Minty Spire (QoL Compilation)","Quick Restart","Random Character Button","Random Character Mod","Rare Cards Sparkle","Relic Sorter","Replay The Spire","Shop Mod","StSLib","Stuff the Spire","The Animator","The Jungle","The Runesmith","The Servant 0.9.4","Unceasing Turn Reminder","thorton"],"gold_per_floor":[99,117,267,284,298,328,365,365,265,294,312,312,312,312],"floor_reached":12,"language":"ENG","playtime":736,"items_purged":[],"score":176,"play_id":"d6743785-b08d-4cd4-acc7-02ec0d766b42","local_time":"20210126182215","is_ascension_mode":true,"campfire_choices":[{"floor":1,"key":"DIG"},{"data":"Slimebound:DuplicatedForm","floor":9,"key":"SMITH"}],"circlet_count":0,"master_deck":["AscendersBane","Slimebound:Strike_Slimebound","Slimebound:Strike_Slimebound","Slimebound:Strike_Slimebound","Slimebound:Tackle","Slimebound:Defend_Slimebound","Slimebound:Defend_Slimebound","Slimebound:Defend_Slimebound","Slimebound:Defend_Slimebound","Slimebound:Split","Slimebound:CorrosiveSpit+1","Slimebound:SpikyOuterGoop","Doubt","Slimebound:RainOfGoop","Slimebound:Schlurp","Slimebound:DuplicatedForm+1","Slimebound:LivingWall","Slimebound:SplitMire","Slimebound:LivingWall"],"relics":["Slimebound:AbsorbEndCombat","hubris:SphereOfDissonance","Regal Pillow","downfall:HeartBlessingBlue","PreservedInsect"],"acts_visited":["Exordium"],"potions_floor_usage":[4,6,6,12],"damage_taken":[{"damage":1,"enemies":"2 Louse","floor":2,"turns":2},{"damage":11,"enemies":"Jaw Worm","floor":4,"turns":5},{"damage":11,"enemies":"Small Slimes","floor":5,"turns":3},{"damage":24,"enemies":"3 Sentries","floor":6,"turns":11},{"damage":19,"enemies":"Blue Slaver","floor":7,"turns":8},{"damage":39,"enemies":"Lagavulin","floor":10,"turns":7},{"damage":13,"enemies":"Blue Slaver","floor":11,"turns":3},{"damage":14,"enemies":"3 Sentries","floor":12,"turns":2}],"seed_played":"4556490656836177661","potions_obtained":[{"floor":2,"key":"ColorlessPotion"},{"floor":4,"key":"BlessingOfTheForge"},{"floor":5,"key":"Weak Potion"},{"floor":11,"key":"Fire Potion"}],"is_trial":false,"path_per_floor":["R_BF","M","?","M","M","E","MIM","?","R","E","M","E"],"character_chosen":"SLIMEBOUND","items_purchased":[],"campfire_rested":0,"item_purchase_floors":[],"current_hp_per_floor":[58,59,59,50,43,27,31,31,41,21,12,0,0,0],"gold":312,"neow_bonus":"TEN_PERCENT_HP_BONUS","is_daily":false,"chose_seed":false,"campfire_upgraded":1,"win_rate":0.0,"timestamp":1611645735,"path_taken":["R_BF","M","?","M","M","E","MIM","?","R","E","M","E"],"items_purchased_type":[],"build_version":"2020-12-22","purchased_purges":0,"victory":false,"max_hp_per_floor":[64,64,64,64,64,64,64,64,74,74,74,74,74,74],"card_choices":[{"not_picked":["Slimebound:PressTheAttack","Slimebound:FlameTackle"],"picked":"Slimebound:SpikyOuterGoop","floor":2},{"not_picked":["Slimebound:TongueLash","Slimebound:RollThrough"],"picked":"Slimebound:RainOfGoop","floor":4},{"not_picked":["Slimebound:FinishingTackle","Slimebound:ItLooksTasty"],"picked":"Slimebound:Schlurp","floor":5},{"not_picked":["Slimebound:SlimeBarrage","Slimebound:RollThrough"],"picked":"Slimebound:DuplicatedForm","floor":6},{"not_picked":["Slimebound:HauntingLick","Slimebound:ViciousTackle"],"picked":"Slimebound:LivingWall","floor":7},{"not_picked":["Slimebound:SlimeBarrage","Slimebound:MinionMaster"],"picked":"Slimebound:SplitMire","floor":10},{"not_picked":["Slimebound:ComboTackle","Slimebound:RollThrough"],"picked":"Slimebound:LivingWall","floor":11}],"player_experience":717765,"relics_obtained":[{"floor":1,"key":"hubris:SphereOfDissonance"},{"floor":6,"key":"Regal Pillow"},{"floor":10,"key":"PreservedInsect"}],"event_choices":[],"is_beta":false,"boss_relics":[],"items_purged_floors":[],"is_endless":false,"potions_floor_spawned":[2,4,5,11],"killed_by":"3 Sentries","ascension_level":20}}