{"host":"clf2hd4adhiiw0zf","time":1611629951,"event":{"mods":["AchievementEnabler","BaseMod","Beaked The Cultist","Bestiary","Dark Map","Downfall","Gremlin Mod","Hermit","Jorbs\u0027s Wanderer Trilogy","Marisa????????","Minty Spire (QoL Compilation)","Shop Mod","StSLib","The Cursed","The Servant 0.9.4","UnlockEverythingMod","Wide Potions"],"gold_per_floor":[99,159,159,196,196,196,219,119,172,192,192,206,233,286,325,453,453,353,392,432,432,432,332,332,348,403,388,429,429,429,457,470,575,575,575,588,334,334,459,502,502,557,557,570,570,630,630,646,656,656,656,656],"floor_reached":50,"language":"ENG","playtime":5163,"items_purged":[],"score":705,"play_id":"52ceb487-07e9-4bd4-afa8-ed85df619e30","local_time":"20210125195911","is_ascension_mode":true,"campfire_choices":[{"data":"HandOfGreed","floor":1.0,"key":"SMITH"},{"data":"bronze:SpaghettiCode","floor":8.0,"key":"SMITH"},{"floor":18,"key":"RECALL"},{"floor":23,"key":"REST"},{"floor":29,"key":"REST"},{"floor":35,"key":"REST"},{"floor":43,"key":"REST"},{"floor":45,"key":"REST"},{"floor":47,"key":"REST"}],"circlet_count":0,"master_deck":["bronze:Strike","bronze:Strike","bronze:Strike","bronze:Defend+1","bronze:Defend","bronze:Defend","bronze:Replicate","bronze:Goto","HandOfGreed+1","bronze:Shield","bronze:NullPointer","bronze:SpaghettiCode+1","bronze:Backtrace","bronze:Iterate","bronze:FollowUp","bronze:Overload+1","bronze:CloningBeam","bronze:AlphaBuild","bronze:Boost","bronze:HyperBeam","bronze:FineTuning","bronze:Assembly","Regret"],"relics":["bronze:BronzeCore","downfall:HeartBlessingBlue","Bottled Lightning","Akabeko","Lantern","Fusion Hammer","downfall:HeartBlessingGreen","bronze:BottledCode","downfall:HeartBlessingRed","Sundial","HornCleat","Smiling Mask","Cursed Key","Letter Opener","downfall:GremlinWheel","Pear","War Paint","InkBottle"],"acts_visited":["Exordium","TheCity","TheBeyond"],"potions_floor_usage":[36,50],"damage_taken":[{"damage":5.0,"enemies":"Small Slimes","floor":2.0,"turns":4.0},{"damage":2.0,"enemies":"Jaw Worm","floor":4.0,"turns":3.0},{"damage":0.0,"enemies":"Cultist","floor":6.0,"turns":1.0},{"damage":0.0,"enemies":"Gremlin Nob","floor":9.0,"turns":2.0},{"damage":4.0,"enemies":"2 Fungi Beasts","floor":10.0,"turns":2.0},{"damage":0.0,"enemies":"Lots of Slimes","floor":12.0,"turns":1.0},{"damage":23.0,"enemies":"Lagavulin","floor":14.0,"turns":5.0},{"damage":0.0,"enemies":"Exordium Wildlife","floor":15.0,"turns":1.0},{"damage":12,"enemies":"SI_SHIV_ARCHETYPE","floor":16,"turns":6},{"damage":0,"enemies":"3 Byrds","floor":19,"turns":3},{"damage":0,"enemies":"Centurion and Healer","floor":20,"turns":2},{"damage":12,"enemies":"Shelled Parasite and Fungi","floor":25,"turns":3},{"damage":0,"enemies":"Slavers","floor":26,"turns":5},{"damage":0,"enemies":"downfall:FleeingMerchant","floor":27,"turns":4},{"damage":0,"enemies":"Chosen and Byrds","floor":28,"turns":5},{"damage":24,"enemies":"Gremlin Leader","floor":31,"turns":4},{"damage":0,"enemies":"3 Cultists","floor":32,"turns":1},{"damage":46,"enemies":"IC_MUSHROOM_ARCHETYPE","floor":33,"turns":7},{"damage":2,"enemies":"3 Darklings","floor":36,"turns":5},{"damage":0,"enemies":"downfall:FleeingMerchant","floor":37,"turns":4},{"damage":0,"enemies":"downfall:FleeingMerchant","floor":39,"turns":3},{"damage":8,"enemies":"3 Shapes","floor":40,"turns":3},{"damage":75,"enemies":"Giant Head","floor":42,"turns":9},{"damage":0,"enemies":"Sphere and 2 Shapes","floor":44,"turns":1},{"damage":12,"enemies":"Nemesis","floor":46,"turns":5},{"damage":26,"enemies":"Transient","floor":48,"turns":5},{"damage":39,"enemies":"Maw","floor":49,"turns":9},{"damage":25,"enemies":"DF_ARCHETYPE_ORBS","floor":50,"turns":6}],"seed_played":"-8930335192943021013","potions_obtained":[{"floor":2.0,"key":"Swift Potion"},{"floor":4.0,"key":"Weak Potion"},{"floor":28,"key":"FairyPotion"},{"floor":36,"key":"bronze:FreeFunctionsPotion"},{"floor":46,"key":"PowerPotion"}],"is_trial":false,"path_per_floor":["R","M","?","M","?","M","T","R","E","M","?","M","T","E","M","B",null,"R","M","M","?","?","R","T","M","E","$","M","R","?","E","M","B",null,"R","M","?","?","?","M","T","E","R","M","R","E","R","M","M","B"],"character_chosen":"THE_AUTOMATON","items_purchased":["Letter Opener"],"campfire_rested":6,"item_purchase_floors":[37],"current_hp_per_floor":[49,44,44,42,42,42,42,52,52,48,48,48,48,25,25,13,80,80,80,80,70,57,75,75,63,63,63,63,75,75,51,51,5,75,75,73,73,73,73,65,75,25,50,50,75,63,85,59,20,0,0,0],"gold":656,"neow_bonus":"RANDOM_COLORLESS_2","is_daily":false,"chose_seed":false,"campfire_upgraded":2,"win_rate":0.0,"timestamp":1611629951,"path_taken":["R","M","?","M","?","?","T","R","E","M","?","?","?","E","M","BOSS","R","M","M","?","?","R","T","M","E","?","?","R","?","E","M","BOSS","R","M","?","?","?","M","T","E","R","?","R","E","R","M","M","BOSS"],"items_purchased_type":["Relic"],"build_version":"2020-12-22","purchased_purges":0,"victory":false,"max_hp_per_floor":[70,70,70,70,70,70,70,80,80,80,80,80,80,80,80,80,80,80,80,80,70,75,75,75,75,75,75,75,75,75,75,75,75,75,75,75,75,75,75,75,85,85,85,85,85,85,85,85,85,85,85,85],"card_choices":[{"not_picked":["Thinking Ahead","Panache"],"picked":"HandOfGreed","floor":0.0},{"not_picked":["bronze:DelayedSlice","bronze:Turbo"],"picked":"bronze:Shield","floor":2.0},{"not_picked":["bronze:Return","bronze:OilSpill"],"picked":"bronze:NullPointer","floor":4.0},{"not_picked":["bronze:Frontload","bronze:OilSpill"],"picked":"bronze:SpaghettiCode","floor":6.0},{"not_picked":["bronze:Deprecate","bronze:WhirlingStrike"],"picked":"bronze:Backtrace","floor":9.0},{"not_picked":["bronze:OilSpill","bronze:Separator"],"picked":"bronze:Iterate","floor":10.0},{"not_picked":["bronze:WhirlingStrike","bronze:NullPointer"],"picked":"bronze:FollowUp","floor":12.0},{"not_picked":["bronze:Invalidate","bronze:Refactor"],"picked":"bronze:Overload","floor":14.0},{"not_picked":["bronze:Turbo","bronze:ChosenStrike"],"picked":"bronze:CloningBeam","floor":15.0},{"not_picked":["bronze:RecursiveStrike","bronze:Mutator"],"picked":"bronze:AlphaBuild","floor":16},{"not_picked":["bronze:BitShift","bronze:BuggyMess","bronze:Turbo+1"],"picked":"SKIP","floor":19},{"not_picked":["bronze:Shield","bronze:MaxOutput+1"],"picked":"bronze:Boost","floor":20},{"not_picked":["bronze:WildBeam+1","bronze:Shield+1","bronze:BitShift"],"picked":"SKIP","floor":25},{"not_picked":["bronze:Repulsor","bronze:WildBeam"],"picked":"bronze:HyperBeam","floor":26},{"not_picked":["bronze:BronzeOrb","bronze:CutThrough+1","bronze:BitShift"],"picked":"SKIP","floor":27},{"not_picked":["bronze:CutThrough","bronze:ItsAFeature+1","bronze:Turbo"],"picked":"SKIP","floor":28},{"not_picked":["bronze:BurnOut","bronze:WildBeam"],"picked":"bronze:FineTuning","floor":31},{"not_picked":["bronze:Overheat","bronze:Iterate","bronze:WildBeam"],"picked":"SKIP","floor":32},{"not_picked":["bronze:FindAndReplace","bronze:Virus"],"picked":"bronze:Assembly","floor":33},{"not_picked":["bronze:Shield","bronze:DelayedGuard","bronze:Deprecate"],"picked":"SKIP","floor":36},{"not_picked":["bronze:Return+1","bronze:Constructor+1","bronze:Shell+1"],"picked":"SKIP","floor":37},{"not_picked":["bronze:WhirlingStrike","bronze:DelayedSlice+1","bronze:Assembly"],"picked":"SKIP","floor":40},{"not_picked":["bronze:NullPointer+1","bronze:BuggyMess+1","bronze:Invalidate"],"picked":"SKIP","floor":42},{"not_picked":["bronze:Branch","bronze:DelayedSlice+1","bronze:DigitalCarnage"],"picked":"SKIP","floor":44},{"not_picked":["bronze:Refactor","bronze:Iterate","bronze:Boost"],"picked":"SKIP","floor":46},{"not_picked":["bronze:Deprecate+1","bronze:Frontload","bronze:DelayedGuard"],"picked":"SKIP","floor":48},{"not_picked":["bronze:ChosenStrike+1","bronze:ChildClass+1","bronze:BuggyMess+1"],"picked":"SKIP","floor":49}],"player_experience":124938,"relics_obtained":[{"floor":9.0,"key":"Bottled Lightning"},{"floor":13.0,"key":"Akabeko"},{"floor":14.0,"key":"Lantern"},{"floor":24,"key":"Sundial"},{"floor":26,"key":"HornCleat"},{"floor":31,"key":"Smiling Mask"},{"floor":39,"key":"downfall:GremlinWheel"},{"floor":41,"key":"Pear"},{"floor":42,"key":"War Paint"},{"floor":46,"key":"InkBottle"}],"event_choices":[{"damage_healed":0,"gold_gain":0,"player_choice":"Ignored","damage_taken":0,"max_hp_gain":0,"max_hp_loss":0,"event_name":"Vampires","floor":30,"gold_loss":0},{"cards_removed":["bronze:Strike"],"damage_healed":0,"gold_gain":0,"player_choice":"Removed Attack","damage_taken":0,"max_hp_gain":0,"max_hp_loss":0,"event_name":"Falling","floor":38,"gold_loss":0},{"cards_removed":["bronze:Defend"],"damage_healed":0,"gold_gain":0,"player_choice":"Card Removal","damage_taken":0,"max_hp_gain":0,"max_hp_loss":0,"event_name":"Wheel of Change","floor":47,"gold_loss":0}],"is_beta":false,"boss_relics":[{"not_picked":["Pandora\u0027s Box","Velvet Choker"],"picked":"Fusion Hammer"},{"not_picked":["bronze:MakeshiftBattery","Coffee Dripper"],"picked":"Cursed Key"}],"items_purged_floors":[],"is_endless":false,"potions_floor_spawned":[2,4,10,15,20,28,31,36,39,46,48],"killed_by":"DF_ARCHETYPE_ORBS","ascension_level":1}}