{"host":"q3s8ewiy6v9taln3","time":1611627581,"event":{"mods":["BaseMod","Minty Spire (QoL Compilation)"],"gold_per_floor":[118,16,16,16,34,34,65,65,111,154,154,174,212,237,237,237,237],"floor_reached":16,"language":"ENG","playtime":673,"items_purged":[],"score":193,"play_id":"f3e11310-349e-4251-a130-cbaf97db18c1","local_time":"20210125211941","is_ascension_mode":true,"campfire_choices":[{"data":"Bash","floor":6,"key":"SMITH"},{"data":"Heavy Blade","floor":8,"key":"SMITH"},{"floor":11,"key":"REST"},{"floor":15,"key":"REST"}],"circlet_count":0,"master_deck":["Strike_R","Strike_R","Strike_R","Strike_R","Strike_R","Defend_R","Defend_R","Defend_R","Defend_R","Bash+1","Heavy Blade+1","Heavy Blade","Shrug It Off","Burning Pact+1","True Grit+1"],"relics":["Burning Blood","Golden Idol","Frozen Egg 2","Blood Vial","Self Forming Clay","Toxic Egg 2"],"acts_visited":["Exordium"],"potions_floor_usage":[5,7,7,10,13,16],"damage_taken":[{"damage":0,"enemies":"2 Louse","floor":1,"turns":3},{"damage":8,"enemies":"Jaw Worm","floor":5,"turns":4},{"damage":47,"enemies":"3 Sentries","floor":7,"turns":9},{"damage":35,"enemies":"Lagavulin","floor":10,"turns":4},{"damage":1,"enemies":"Cultist","floor":12,"turns":3},{"damage":5,"enemies":"Gremlin Nob","floor":13,"turns":3},{"damage":37,"enemies":"Gremlin Gang","floor":14,"turns":6}],"seed_played":"-514983525013383996","potions_obtained":[{"floor":4,"key":"EssenceOfSteel"},{"floor":4,"key":"Regen Potion"},{"floor":7,"key":"SteroidPotion"},{"floor":10,"key":"GamblersBrew"},{"floor":12,"key":"SneckoOil"},{"floor":14,"key":"ColorlessPotion"}],"is_trial":false,"path_per_floor":["M","$","?","?","M","R","E","R","T","E","R","M","E","M","R","B"],"character_chosen":"IRONCLAD","items_purchased":["Heavy Blade","SkillPotion"],"campfire_rested":2,"item_purchase_floors":[2,2],"current_hp_per_floor":[88,88,81,81,79,79,52,52,52,25,49,56,59,30,54,0,0],"gold":237,"neow_bonus":"TEN_PERCENT_HP_BONUS","is_daily":false,"chose_seed":false,"campfire_upgraded":2,"win_rate":0.0,"timestamp":1611627581,"path_taken":["M","$","?","?","M","R","E","R","T","E","R","M","E","M","R","BOSS"],"items_purchased_type":["Card","Potion"],"build_version":"2020-12-22","purchased_purges":0,"victory":false,"max_hp_per_floor":[88,88,81,81,81,81,81,81,81,81,81,81,81,81,81,81,81],"card_choices":[{"not_picked":["Carnage","Rampage"],"picked":"Heavy Blade","floor":1},{"not_picked":["Whirlwind","Thunderclap","Cleave"],"picked":"SKIP","floor":5},{"not_picked":["Body Slam","Offering","Berserk+1"],"picked":"SKIP","floor":7},{"not_picked":["Rupture+1","Thunderclap","Clothesline"],"picked":"SKIP","floor":10},{"not_picked":["Fire Breathing+1","Uppercut"],"picked":"Shrug It Off","floor":12},{"not_picked":["Dropkick","Evolve+1"],"picked":"Burning Pact+1","floor":13},{"not_picked":["Wild Strike","Warcry+1"],"picked":"True Grit+1","floor":14}],"player_experience":126838,"relics_obtained":[{"floor":7,"key":"Frozen Egg 2"},{"floor":9,"key":"Blood Vial"},{"floor":10,"key":"Self Forming Clay"},{"floor":13,"key":"Toxic Egg 2"}],"event_choices":[{"damage_healed":0,"gold_gain":0,"player_choice":"Lose Max HP","damage_taken":0,"relics_obtained":["Golden Idol"],"max_hp_gain":0,"max_hp_loss":7,"event_name":"Golden Idol","floor":3,"gold_loss":0},{"damage_healed":0,"gold_gain":0,"player_choice":"Got Potions","damage_taken":0,"max_hp_gain":0,"max_hp_loss":0,"event_name":"Lab","floor":4,"gold_loss":0}],"is_beta":false,"boss_relics":[],"items_purged_floors":[],"is_endless":false,"potions_floor_spawned":[7,10,12,14],"killed_by":"The Guardian","ascension_level":3}}