{"host":"bq4pt811tk9yrmjl","time":1611666168,"event":{"mods":["AchievementEnabler","BaseMod","Colored Map","Colored Powertips","Defuse TimeMaze Blight","Hermit","Minty Spire (QoL Compilation)","StSLib","SuperFastMode"],"gold_per_floor":[116,116,116,126,126,126,45,45,94,127,127,142,142,142,142,246,246,264,277,277,287,306,337,350,350,375,134,134,134,164,194,194,293,293,305,527,547,322,322,322,322,339,366,392,392,392,419,265,265,265,265],"floor_reached":50,"language":"ENG","playtime":907,"items_purged":[],"score":610,"play_id":"5b29b6c8-bd72-432f-ba23-8fbc74fb5fce","local_time":"20210126110248","is_ascension_mode":true,"campfire_choices":[{"data":"Rampage","floor":6,"key":"SMITH"},{"data":"Flame Barrier","floor":8,"key":"SMITH"},{"data":"Berserk","floor":15,"key":"SMITH"},{"data":"Reaper","floor":25,"key":"SMITH"},{"floor":32,"key":"REST"},{"floor":40,"key":"RECALL"},{"data":"Limit Break","floor":46,"key":"SMITH"},{"data":"Apotheosis","floor":49,"key":"SMITH"}],"circlet_count":0,"master_deck":["Strike_R+1","Strike_R+1","Strike_R+1","Strike_R+1","Strike_R+1","Defend_R+1","Defend_R+1","Defend_R+1","Defend_R+1","Bash+1","Cleave","Rampage+1","Flame Barrier+1","Berserk+1","Reaper+1","Clothesline+1","Dropkick+1","Shrug It Off+1","Clash","Spot Weakness","Shockwave+1","Limit Break+1","Whirlwind+1","Twin Strike+1","Apotheosis+1"],"relics":["Burning Blood","NeowsBlessing","Letter Opener","Velvet Choker","Lantern","Akabeko","StrikeDummy","Ancient Tea Set","Peace Pipe","Red Mask","Empty Cage","Membership Card","Omamori","Juzu Bracelet","Mummified Hand","PreservedInsect","Vajra"],"acts_visited":["Exordium","TheCity","TheBeyond"],"potions_floor_usage":[18,23,23,44,50],"damage_taken":[{"damage":0,"enemies":"Jaw Worm","floor":1,"turns":1},{"damage":0,"enemies":"2 Louse","floor":4,"turns":1},{"damage":0,"enemies":"3 Sentries","floor":10,"turns":1},{"damage":5,"enemies":"Small Slimes","floor":12,"turns":3},{"damage":64,"enemies":"Hexaghost","floor":16,"turns":11},{"damage":10,"enemies":"2 Thieves","floor":18,"turns":3},{"damage":9,"enemies":"Chosen","floor":19,"turns":4},{"damage":13,"enemies":"Snake Plant","floor":21,"turns":4},{"damage":2,"enemies":"Chosen and Byrds","floor":22,"turns":5},{"damage":2,"enemies":"Gremlin Leader","floor":23,"turns":6},{"damage":12,"enemies":"Snecko","floor":24,"turns":6},{"damage":17,"enemies":"Book of Stabbing","floor":30,"turns":4},{"damage":20,"enemies":"Masked Bandits","floor":31,"turns":5},{"damage":79,"enemies":"Champ","floor":33,"turns":11},{"damage":0,"enemies":"3 Shapes","floor":35,"turns":5},{"damage":16,"enemies":"Orb Walker","floor":37,"turns":3},{"damage":3,"enemies":"Writhing Mass","floor":42,"turns":4},{"damage":32,"enemies":"Giant Head","floor":44,"turns":7},{"damage":20,"enemies":"Nemesis","floor":47,"turns":7},{"damage":71,"enemies":"Donu and Deca","floor":50,"turns":5}],"seed_played":"8759220302584428348","potions_obtained":[{"floor":16,"key":"AttackPotion"},{"floor":18,"key":"Strength Potion"},{"floor":22,"key":"Dexterity Potion"},{"floor":30,"key":"FearPotion"},{"floor":33,"key":"PowerPotion"},{"floor":37,"key":"Swift Potion"},{"floor":44,"key":"BlessingOfTheForge"}],"is_trial":false,"path_per_floor":["M","?","?","M","$","R","$","R","T","E","?","M","?","$","R","B",null,"M","M","?","M","M","E","M","R","T","$","?","?","E","?","R","B",null,"M","?","M","$","?","R","?","M","T","E","?","R","E","$","R","B"],"character_chosen":"IRONCLAD","items_purchased":["Flame Barrier","StrikeDummy","Membership Card","Omamori","Apotheosis","Vajra"],"campfire_rested":1,"item_purchase_floors":[7,27,38,38,48,48],"current_hp_per_floor":[80,80,80,80,80,80,80,80,80,80,64,65,65,65,65,7,80,80,80,80,73,80,80,80,80,80,80,80,80,69,55,79,14,80,80,80,80,80,80,80,80,80,80,54,80,80,66,66,66,0,0],"gold":265,"neow_bonus":"THREE_ENEMY_KILL","is_daily":false,"chose_seed":false,"campfire_upgraded":6,"win_rate":0.0,"timestamp":1611666168,"path_taken":["M","?","?","M","$","R","$","R","T","E","?","?","?","?","R","BOSS","M","M","?","M","M","E","M","R","T","$","?","?","E","?","R","BOSS","M","?","M","$","?","R","?","?","T","E","?","R","E","$","R","BOSS"],"items_purchased_type":["Card","Relic","Relic","Relic","Card","Relic"],"build_version":"2020-12-22","purchased_purges":0,"victory":false,"max_hp_per_floor":[80,80,80,80,80,80,80,80,80,80,80,80,80,80,80,80,80,80,80,80,80,80,80,80,80,80,80,80,80,80,80,80,80,80,80,80,80,80,80,80,80,80,80,80,80,80,80,80,80,80,80],"card_choices":[{"not_picked":["Thunderclap","Shockwave"],"picked":"Cleave","floor":1},{"not_picked":["Anger","Searing Blow"],"picked":"Rampage","floor":4},{"not_picked":["Armaments","Uppercut"],"picked":"Berserk","floor":10},{"not_picked":["Dark Embrace","Pommel Strike","Cleave"],"picked":"SKIP","floor":12},{"not_picked":["Corruption","Impervious"],"picked":"Reaper","floor":16},{"not_picked":["Anger","Dual Wield+1"],"picked":"Clothesline+1","floor":18},{"not_picked":["True Grit","Havoc"],"picked":"Dropkick+1","floor":19},{"not_picked":["Pummel+1","True Grit+1","Clothesline"],"picked":"SKIP","floor":21},{"not_picked":["Reckless Charge","Sword Boomerang"],"picked":"Iron Wave","floor":22},{"not_picked":["Corruption","Sever Soul"],"picked":"Shrug It Off+1","floor":23},{"not_picked":["Cleave","Iron Wave"],"picked":"Clash","floor":24},{"not_picked":["Wild Strike","Armaments"],"picked":"Spot Weakness","floor":30},{"not_picked":["Clash+1","Intimidate"],"picked":"Shockwave+1","floor":31},{"not_picked":["Offering","Immolate"],"picked":"Limit Break","floor":33},{"not_picked":["Second Wind","Rampage+1"],"picked":"Whirlwind+1","floor":35},{"not_picked":["Heavy Blade+1","Clash+1"],"picked":"Twin Strike+1","floor":37},{"not_picked":["Blood for Blood+1","Clothesline+1","Reckless Charge+1"],"picked":"SKIP","floor":42},{"not_picked":["Rage","Rupture","Havoc+1"],"picked":"SKIP","floor":44},{"not_picked":["Evolve","Pommel Strike+1","Feel No Pain"],"picked":"SKIP","floor":47}],"player_experience":257276,"relics_obtained":[{"floor":10,"key":"Letter Opener"},{"floor":23,"key":"Lantern"},{"floor":26,"key":"Akabeko"},{"floor":30,"key":"Peace Pipe"},{"floor":31,"key":"Red Mask"},{"floor":43,"key":"Juzu Bracelet"},{"floor":44,"key":"Mummified Hand"},{"floor":47,"key":"PreservedInsect"}],"event_choices":[{"damage_healed":0,"gold_gain":0,"player_choice":"Ignored","damage_taken":0,"max_hp_gain":0,"max_hp_loss":0,"event_name":"Golden Wing","floor":2,"gold_loss":0},{"damage_healed":0,"gold_gain":0,"player_choice":"Grow","damage_taken":0,"max_hp_gain":0,"max_hp_loss":0,"event_name":"Living Wall","floor":3,"gold_loss":0,"cards_upgraded":["Bash"]},{"damage_healed":0,"gold_gain":0,"player_choice":"Entered Light","damage_taken":16,"max_hp_gain":0,"max_hp_loss":0,"event_name":"Shining Light","floor":11,"gold_loss":0,"cards_upgraded":["Strike_R","Defend_R"]},{"damage_healed":0,"gold_gain":0,"player_choice":"Ignored","damage_taken":0,"max_hp_gain":0,"max_hp_loss":0,"event_name":"Liars Game","floor":13,"gold_loss":0},{"damage_healed":0,"gold_gain":0,"player_choice":"Simplicity","damage_taken":0,"max_hp_gain":0,"max_hp_loss":0,"event_name":"Back to Basics","floor":20,"gold_loss":0,"cards_upgraded":["Strike_R","Strike_R","Strike_R","Strike_R","Defend_R","Defend_R","Defend_R"]},{"damage_healed":0,"gold_gain":0,"player_choice":"Ignored","damage_taken":0,"max_hp_gain":0,"max_hp_loss":0,"event_name":"Ghosts","floor":28,"gold_loss":0},{"damage_healed":0,"gold_gain":0,"player_choice":"Opened","damage_taken":0,"relics_obtained":["Ancient Tea Set"],"max_hp_gain":0,"max_hp_loss":0,"event_name":"The Mausoleum","floor":29,"gold_loss":0,"cards_obtained":["Writhe"]},{"damage_healed":0,"gold_gain":0,"player_choice":"Fought Bandits","damage_taken":0,"max_hp_gain":0,"max_hp_loss":0,"event_name":"Masked Bandits","floor":31,"gold_loss":0},{"damage_healed":0,"gold_gain":222,"player_choice":"Wore Mask","damage_taken":0,"max_hp_gain":0,"max_hp_loss":0,"event_name":"Tomb of Lord Red Mask","floor":36,"gold_loss":0},{"damage_healed":0,"gold_gain":0,"player_choice":"Ignored","damage_taken":0,"max_hp_gain":0,"max_hp_loss":0,"event_name":"Mysterious Sphere","floor":39,"gold_loss":0},{"damage_healed":0,"gold_gain":0,"player_choice":"Got Potions","damage_taken":0,"max_hp_gain":0,"max_hp_loss":0,"event_name":"Lab","floor":41,"gold_loss":0},{"damage_healed":26,"gold_gain":0,"player_choice":"Heal","damage_taken":0,"max_hp_gain":0,"max_hp_loss":0,"event_name":"MindBloom","floor":45,"gold_loss":0,"cards_obtained":["Doubt"]}],"is_beta":false,"boss_relics":[{"not_picked":["Coffee Dripper","Runic Cube"],"picked":"Velvet Choker"},{"not_picked":["Runic Dome","Pandora\u0027s Box"],"picked":"Empty Cage"}],"items_purged_floors":[],"is_endless":false,"potions_floor_spawned":[16,18,22,30,33,37,44,47],"killed_by":"Donu and Deca","ascension_level":1}}