{"host":"J","time":1611693787,"event":{"mods":["AchievementEnabler","BaseMod","Block Reminder","Highlight Path","Minty Spire (QoL Compilation)","Permanent Neow","Quick Restart","Relic Stats"],"gold_per_floor":[15,15,15,26,42,69,17,34,80,104,104,135,60,74,74,172,172,183,202,202,220,232,232,246,275,275,295,321,321,321,321,321,420,420,432,432,432,442,442,471,471,506,506,506,525,555,570,596,596,596,596],"floor_reached":50,"language":"ENG","playtime":4022,"items_purged":["Strike_B"],"score":1007,"play_id":"d42a5937-7a76-47f7-87cc-45b2812ed1ab","local_time":"20210126214307","is_ascension_mode":true,"campfire_choices":[{"data":"Buffer","floor":11.0,"key":"SMITH"},{"data":"Defragment","floor":15.0,"key":"SMITH"},{"data":"Fission","floor":23.0,"key":"SMITH"},{"data":"Zap","floor":30.0,"key":"SMITH"},{"data":"Coolheaded","floor":32.0,"key":"SMITH"},{"data":"Coolheaded","floor":41.0,"key":"SMITH"},{"floor":44.0,"key":"RECALL"},{"data":"Capacitor","floor":49,"key":"SMITH"}],"circlet_count":0,"master_deck":["Defend_B","Defend_B","Defend_B","Defend_B","Zap+1","Dualcast","Gash","Defragment+1","Redo","Coolheaded+1","Buffer+1","Ball Lightning","Compile Driver","Gash","Ball Lightning","Fission+1","Ball Lightning","Ball Lightning","Ball Lightning+1","Coolheaded+1","Cold Snap","Ball Lightning","Echo Form","Compile Driver","Madness","Madness","Hologram+1","Lockon","Creative AI","Skim","Capacitor+1"],"relics":["Cracked Core","Meat on the Bone","Lantern","Vajra","Sozu","StrikeDummy","Letter Opener","Nunchaku","Philosopher\u0027s Stone","Smiling Mask","Shuriken","The Courier","Art of War","Dream Catcher"],"acts_visited":["Exordium","TheCity","TheBeyond"],"potions_floor_usage":[48],"damage_taken":[{"damage":2.0,"enemies":"2 Louse","floor":1.0,"turns":3.0},{"damage":5.0,"enemies":"Small Slimes","floor":4.0,"turns":3.0},{"damage":0.0,"enemies":"Cultist","floor":5.0,"turns":4.0},{"damage":27.0,"enemies":"Lagavulin","floor":6.0,"turns":7.0},{"damage":7.0,"enemies":"Red Slaver","floor":8.0,"turns":5.0},{"damage":12.0,"enemies":"3 Sentries","floor":12.0,"turns":6.0},{"damage":26.0,"enemies":"Lots of Slimes","floor":14.0,"turns":4.0},{"damage":12.0,"enemies":"Slime Boss","floor":16.0,"turns":7.0},{"damage":0.0,"enemies":"Chosen","floor":18.0,"turns":4.0},{"damage":0.0,"enemies":"Spheric Guardian","floor":19.0,"turns":3.0},{"damage":18.0,"enemies":"3 Cultists","floor":21.0,"turns":4.0},{"damage":0.0,"enemies":"Centurion and Healer","floor":22.0,"turns":5.0},{"damage":37.0,"enemies":"Shelled Parasite and Fungi","floor":24.0,"turns":4.0},{"damage":20.0,"enemies":"Gremlin Leader","floor":25.0,"turns":7.0},{"damage":1.0,"enemies":"Snecko","floor":27.0,"turns":3.0},{"damage":19.0,"enemies":"Book of Stabbing","floor":28.0,"turns":4.0},{"damage":4.0,"enemies":"Automaton","floor":33.0,"turns":7.0},{"damage":0.0,"enemies":"Orb Walker","floor":35.0,"turns":2.0},{"damage":28.0,"enemies":"3 Darklings","floor":38.0,"turns":4.0},{"damage":7.0,"enemies":"Giant Head","floor":40.0,"turns":8.0},{"damage":0.0,"enemies":"Reptomancer","floor":42.0,"turns":4.0},{"damage":31.0,"enemies":"4 Shapes","floor":45.0,"turns":5.0},{"damage":22.0,"enemies":"Giant Head","floor":46.0,"turns":7.0},{"damage":0.0,"enemies":"Transient","floor":47.0,"turns":5.0},{"damage":0,"enemies":"Reptomancer","floor":48,"turns":4},{"damage":50,"enemies":"Time Eater","floor":50,"turns":5}],"seed_played":"-7329927915298090460","potions_obtained":[{"floor":4.0,"key":"BlessingOfTheForge"},{"floor":5.0,"key":"LiquidBronze"},{"floor":12.0,"key":"PowerPotion"},{"floor":14.0,"key":"SkillPotion"}],"is_trial":false,"path_per_floor":["M","?","?","M","M","E","$","M","T","T","R","E","$","M","R","B",null,"M","M","?","M","M","R","M","E","T","M","E","?","R","?","R","B",null,"M","?","?","M","?","E","R","E","T","R","M","E","M","E","R","B"],"character_chosen":"DEFECT","items_purchased":["Ball Lightning"],"campfire_rested":0,"item_purchase_floors":[7],"current_hp_per_floor":[80,80,80,75,75,48,48,53,53,53,53,53,53,39,39,39,77,77,77,99,81,81,81,56,48,48,59,52,52,52,52,52,60,89,89,89,77,61,61,54,54,54,54,54,35,25,37,49,49,0,0],"gold":596,"neow_bonus":"TWENTY_PERCENT_HP_BONUS","is_daily":false,"chose_seed":false,"campfire_upgraded":7,"win_rate":0.0,"timestamp":1611693787,"path_taken":["M","?","?","M","?","E","?","?","T","?","R","E","$","M","R","BOSS","M","M","?","?","M","R","M","E","T","M","E","?","R","?","R","BOSS","M","?","?","M","?","E","R","E","T","R","?","E","M","E","R","BOSS"],"items_purchased_type":["Card"],"build_version":"2020-12-18","purchased_purges":1,"victory":false,"max_hp_per_floor":[89,89,89,89,89,89,89,89,89,89,89,89,89,89,89,89,89,89,89,99,99,99,99,99,99,99,99,99,99,99,99,99,99,99,99,99,99,99,99,99,99,99,99,99,99,99,99,99,99,99,99],"relic_stats":{"Sozu":8,"Nunchaku":[14],"Dream Catcher":0,"counters":[26,124],"Shuriken":[12],"Art of War":[1],"Letter Opener":[120],"Smiling Mask":0,"obtain_stats":[{"Lantern":9,"Vajra":12,"The Courier":43,"Letter Opener":26,"Smiling Mask":40,"Sozu":17,"Nunchaku":28,"Dream Catcher":48,"Shuriken":42,"Philosopher\u0027s Stone":34,"Art of War":46,"Cracked Core":0,"StrikeDummy":25,"Meat on the Bone":6},{"Lantern":5,"Vajra":6,"The Courier":21,"Letter Opener":14,"Smiling Mask":20,"Sozu":8,"Nunchaku":16,"Dream Catcher":25,"Shuriken":21,"Philosopher\u0027s Stone":17,"Art of War":23,"Cracked Core":0,"StrikeDummy":14,"Meat on the Bone":4},{"Lantern":22,"Vajra":28,"The Courier":98,"Letter Opener":66,"Smiling Mask":94,"Sozu":39,"Nunchaku":73,"Dream Catcher":119,"Shuriken":98,"Philosopher\u0027s Stone":80,"Art of War":110,"Cracked Core":0,"StrikeDummy":66,"Meat on the Bone":17}],"Meat on the Bone":168},"card_choices":[{"not_picked":["Darkness","Consume"],"picked":"Gash","floor":1.0},{"not_picked":["Heatsinks","Turbo"],"picked":"Redo","floor":4.0},{"not_picked":["Lockon","Redo"],"picked":"Coolheaded","floor":5.0},{"not_picked":["Sweeping Beam","Hello World"],"picked":"Buffer","floor":6.0},{"not_picked":["Redo","Sunder"],"picked":"Compile Driver","floor":8.0},{"not_picked":["Glacier","Storm"],"picked":"Gash","floor":12.0},{"not_picked":["FTL","Compile Driver"],"picked":"Ball Lightning","floor":14.0},{"not_picked":["Creative AI","Amplify"],"picked":"Fission","floor":16.0},{"not_picked":["Beam Cell","Sunder"],"picked":"Ball Lightning","floor":18.0},{"not_picked":["Turbo","Beam Cell"],"picked":"Fission","floor":19.0},{"not_picked":["Consume+1","Undo"],"picked":"Ball Lightning","floor":21.0},{"not_picked":["Rebound","Aggregate"],"picked":"Ball Lightning+1","floor":22.0},{"not_picked":["Stack","Leap"],"picked":"Coolheaded","floor":24.0},{"not_picked":["Leap","Turbo"],"picked":"Cold Snap","floor":25.0},{"not_picked":["Tempest","Doom and Gloom+1"],"picked":"Ball Lightning","floor":27.0},{"not_picked":["Aggregate","Reprogram+1","Darkness"],"picked":"SKIP","floor":28.0},{"not_picked":["Biased Cognition","Buffer"],"picked":"Echo Form","floor":33.0},{"not_picked":["Redo","Hologram+1"],"picked":"Compile Driver","floor":35.0},{"not_picked":["Rebound","Go for the Eyes"],"picked":"Hologram+1","floor":38.0},{"not_picked":["Beam Cell","Sweeping Beam","Scrape+1"],"picked":"SKIP","floor":40.0},{"not_picked":["Gash","Loop"],"picked":"Creative AI","floor":42.0},{"not_picked":["Turbo+1","Steam Power"],"picked":"Skim","floor":45.0},{"not_picked":["Recycle","Turbo","Stack"],"picked":"SKIP","floor":46.0},{"not_picked":["Steam","Beam Cell+1"],"picked":"Capacitor","floor":47.0},{"not_picked":["Conserve Battery","Reboot","Double Energy+1"],"picked":"SKIP","floor":48}],"player_experience":179150,"relics_obtained":[{"floor":6.0,"key":"Meat on the Bone"},{"floor":9.0,"key":"Lantern"},{"floor":12.0,"key":"Vajra"},{"floor":25.0,"key":"StrikeDummy"},{"floor":26.0,"key":"Letter Opener"},{"floor":28.0,"key":"Nunchaku"},{"floor":40.0,"key":"Smiling Mask"},{"floor":42.0,"key":"Shuriken"},{"floor":43.0,"key":"The Courier"},{"floor":46.0,"key":"Art of War"},{"floor":48,"key":"Dream Catcher"}],"event_choices":[{"damage_healed":0.0,"max_hp_gain":0.0,"max_hp_loss":0.0,"gold_gain":0.0,"cards_transformed":["Strike_B"],"event_name":"Living Wall","player_choice":"Change","floor":2.0,"gold_loss":0.0,"damage_taken":0.0,"cards_obtained":["Defragment"]},{"damage_healed":0.0,"max_hp_gain":0.0,"max_hp_loss":0.0,"gold_gain":0.0,"event_name":"WeMeetAgain","player_choice":"Ignored","floor":3.0,"gold_loss":0.0,"damage_taken":0.0},{"cards_removed":["Fission"],"damage_healed":12.0,"max_hp_gain":10.0,"max_hp_loss":0.0,"gold_gain":0.0,"event_name":"Bonfire Elementals","player_choice":"Offered Rare","floor":20.0,"gold_loss":0.0,"damage_taken":0.0},{"damage_healed":0.0,"max_hp_gain":0.0,"max_hp_loss":0.0,"gold_gain":0.0,"event_name":"Vampires","player_choice":"Ignored","floor":29.0,"gold_loss":0.0,"damage_taken":0.0},{"cards_removed":["Strike_B"],"damage_healed":0.0,"max_hp_gain":0.0,"max_hp_loss":0.0,"gold_gain":0.0,"event_name":"Purifier","player_choice":"Purged","floor":31.0,"gold_loss":0.0,"damage_taken":0.0},{"damage_healed":0.0,"max_hp_gain":0.0,"max_hp_loss":0.0,"gold_gain":0.0,"event_name":"SensoryStone","player_choice":"Memory 1","floor":36.0,"gold_loss":0.0,"damage_taken":0.0},{"damage_healed":0.0,"max_hp_gain":0.0,"max_hp_loss":0.0,"gold_gain":0.0,"event_name":"Winding Halls","player_choice":"Embrace Madness","floor":37.0,"gold_loss":0.0,"damage_taken":12.0,"cards_obtained":["Madness","Madness"]},{"damage_healed":0.0,"max_hp_gain":0.0,"max_hp_loss":0.0,"gold_gain":0.0,"cards_transformed":["Strike_B"],"event_name":"Transmorgrifier","player_choice":"Transformed","floor":39.0,"gold_loss":0.0,"damage_taken":0.0,"cards_obtained":["Lockon"]}],"is_beta":true,"boss_relics":[{"not_picked":["Empty Cage","Fusion Hammer"],"picked":"Sozu"},{"not_picked":["Tiny House","Snecko Eye"],"picked":"Philosopher\u0027s Stone"}],"items_purged_floors":[13],"is_endless":false,"potions_floor_spawned":[4,5,12,14,18,19,24,25,38,45,47,48],"killed_by":"Time Eater","ascension_level":9}}