{"host":"xox46awo447b7627","time":1611688972,"event":{"mods":["BaseMod","Colored Map","Downfall","Marisa£®ÏF”Í°°ƒß¿Ì…≥£©","Minty Spire (QoL Compilation)","StSLib","The Construct","The Cursed","The Servant 0.9.4"],"gold_per_floor":[99,113,113,23,34,53,53,53,80,43,72,37,37,53,67,67,67],"floor_reached":16,"language":"ENG","playtime":876,"items_purged":["Shame"],"score":193,"play_id":"d86167fb-1fa9-409e-9edc-e5122a8c116c","local_time":"20210127032252","is_ascension_mode":true,"campfire_choices":[{"data":"Neutralize","floor":1.0,"key":"SMITH"},{"data":"Cloak And Dagger","floor":8,"key":"SMITH"}],"circlet_count":0,"master_deck":["AscendersBane","Strike_G","Strike_G","Strike_G","Defend_G","Defend_G","Defend_G","Defend_G","Survivor","Neutralize+1","Cloak And Dagger+1","Dagger Spray","Acrobatics","Grand Finale","Prepared+1","Prepared","Acrobatics","Cloak And Dagger"],"relics":["Cursed Key","Girya","The Courier"],"acts_visited":[],"potions_floor_usage":[11,16,16],"damage_taken":[{"damage":0.0,"enemies":"Cultist","floor":2.0,"turns":5.0},{"damage":0.0,"enemies":"downfall:FleeingMerchant","floor":4.0,"turns":4.0},{"damage":0.0,"enemies":"2 Louse","floor":5.0,"turns":3.0},{"damage":0.0,"enemies":"Small Slimes","floor":6.0,"turns":5.0},{"damage":41,"enemies":"Lagavulin","floor":9,"turns":10},{"damage":0,"enemies":"downfall:FleeingMerchant","floor":10,"turns":4},{"damage":56,"enemies":"Gremlin Nob","floor":11,"turns":6},{"damage":10,"enemies":"downfall:FleeingMerchant","floor":12,"turns":4},{"damage":3,"enemies":"Red Slaver","floor":14,"turns":5},{"damage":0,"enemies":"3 Louse","floor":15,"turns":5},{"damage":7,"enemies":"WA_ARCHETYPE_RETAIN","floor":16,"turns":7}],"seed_played":"2146224959880430709","potions_obtained":[{"floor":5.0,"key":"FairyPotion"},{"floor":6.0,"key":"Block Potion"},{"floor":11,"key":"EssenceOfSteel"},{"floor":14,"key":"Explosive Potion"},{"floor":15,"key":"PowerPotion"}],"is_trial":false,"path_per_floor":["R","M","?","$","M","M","T","R","E","$","E","$","?","M","M","B"],"character_chosen":"THE_SILENT","items_purchased":["Prepared","Acrobatics"],"campfire_rested":0,"item_purchase_floors":[10,12],"current_hp_per_floor":[59,59,59,59,59,59,59,59,18,18,19,9,9,6,6,0,0],"gold":67,"neow_bonus":"BOSS_RELIC","is_daily":false,"chose_seed":false,"campfire_upgraded":2,"win_rate":0.0,"timestamp":1611688972,"path_taken":["R","M","?","$","?","M","T","R","E","$","E","?","?","?","M","BOSS"],"items_purchased_type":["Card","Card"],"build_version":"2020-12-22","purchased_purges":1,"victory":false,"max_hp_per_floor":[66,66,66,66,66,66,66,66,66,66,66,66,66,66,66,66,66],"card_choices":[{"not_picked":["Bane","Leg Sweep"],"picked":"Cloak And Dagger","floor":2.0},{"not_picked":["PiercingWail","Cloak And Dagger"],"picked":"Dagger Spray","floor":4.0},{"not_picked":["Slice","Backstab"],"picked":"Acrobatics","floor":5.0},{"not_picked":["Escape Plan","Dagger Throw","Glass Knife"],"picked":"SKIP","floor":6.0},{"not_picked":["Bane","Predator","Dodge and Roll"],"picked":"SKIP","floor":9},{"not_picked":["All Out Attack","Bane"],"picked":"Grand Finale","floor":10},{"not_picked":["Flying Knee","Catalyst"],"picked":"Prepared","floor":11},{"not_picked":["Tactician","Riddle With Holes","Backstab"],"picked":"SKIP","floor":12},{"not_picked":["Deflect","Reflex"],"picked":"Cloak And Dagger","floor":14},{"not_picked":["Finisher","Predator","Outmaneuver"],"picked":"SKIP","floor":15}],"player_experience":202680,"relics_obtained":[{"floor":9,"key":"Girya"},{"floor":11,"key":"The Courier"}],"event_choices":[],"is_beta":false,"boss_relics":[],"items_purged_floors":[4],"is_endless":false,"potions_floor_spawned":[5,6,11,14,15],"killed_by":"WA_ARCHETYPE_RETAIN","ascension_level":15}}