{"host":"9kesdg97wkrx2bva","time":1611629775,"event":{"mods":["AchievementEnabler","BaseMod","Colored Map","GifTheSpireLib","Infinite Spire","Minty Spire (QoL Compilation)","Replay The Spire","StSLib"],"gold_per_floor":[109,109,123,134,134,161,180,180,180,22,262,262,280,301,301,301,301],"floor_reached":16,"language":"ENG","playtime":289,"items_purged":["Strike_G"],"score":184,"play_id":"4111eea5-95e0-4bb6-96a4-17bf5c8353a9","local_time":"20210125205615","is_ascension_mode":true,"campfire_choices":[{"floor":12,"key":"REST"}],"circlet_count":0,"master_deck":["AscendersBane","Strike_G","Strike_G","Strike_G","Defend_G","Defend_G","Defend_G","Defend_G","Defend_G","Survivor","Neutralize","Bane","Caltrops","Poisoned Stab","Replay:Poison Smokescreen","Footwork","ReplayTheSpireMod:Scrap Shanks","Pain","Caltrops","Footwork","Bouncing Flask+1"],"relics":["Ring of the Snake","NeowsBlessing","Sundial","Replay:Bottled Steam","Golden Idol","infinitespire:BottledMercury"],"acts_visited":["Exordium"],"potions_floor_usage":[14],"damage_taken":[{"damage":0.0,"enemies":"Cultist","floor":1.0,"turns":1.0},{"damage":0.0,"enemies":"Jaw Worm","floor":3.0,"turns":1.0},{"damage":0.0,"enemies":"Small Slimes","floor":4.0,"turns":1.0},{"damage":39.0,"enemies":"Lagavulin","floor":6.0,"turns":8.0},{"damage":0.0,"enemies":"2 Fungi Beasts","floor":7.0,"turns":4.0},{"damage":3,"enemies":"Exordium Thugs","floor":13,"turns":4},{"damage":5,"enemies":"3 Louse","floor":14,"turns":3},{"damage":36,"enemies":"Slime Boss","floor":16,"turns":6}],"seed_played":"3663099835013898859","potions_obtained":[{"floor":6.0,"key":"FearPotion"},{"floor":7.0,"key":"Explosive Potion"}],"is_trial":false,"path_per_floor":["M","?","M","M","?","E","M","?","T","$","?","R","M","M","R_BF","B"],"character_chosen":"THE_SILENT","items_purchased":["ReplayTheSpireMod:Scrap Shanks"],"campfire_rested":1,"item_purchase_floors":[10],"current_hp_per_floor":[59,54,54,54,47,8,8,8,8,8,8,26,23,18,36,0,0],"gold":301,"neow_bonus":"THREE_ENEMY_KILL","is_daily":false,"chose_seed":false,"campfire_upgraded":0,"win_rate":0.0,"timestamp":1611629775,"path_taken":["M","?","M","M","?","E","M","?","T","$","?","R","M","?","R_BF","BOSS"],"items_purchased_type":["Card"],"build_version":"2020-12-22","purchased_purges":1,"victory":false,"max_hp_per_floor":[66,66,66,66,66,66,66,60,60,60,60,60,60,60,60,60,60],"card_choices":[{"not_picked":["Dodge and Roll","Calculated Gamble"],"picked":"Bane","floor":1.0},{"not_picked":["Deflect","Outmaneuver"],"picked":"Caltrops","floor":3.0},{"not_picked":["Reflex","Escape Plan"],"picked":"Poisoned Stab","floor":4.0},{"not_picked":["Leg Sweep","Accuracy"],"picked":"Replay:Poison Smokescreen","floor":6.0},{"not_picked":["Backstab","Blade Dance"],"picked":"Footwork","floor":7.0},{"not_picked":["Fluid Movement","Flechettes"],"picked":"Caltrops","floor":11},{"not_picked":["Backflip","Slice"],"picked":"Footwork","floor":13},{"not_picked":["PiercingWail","Eviscerate"],"picked":"Bouncing Flask","floor":14}],"player_experience":975277,"relics_obtained":[{"floor":6.0,"key":"Replay:Bottled Steam"},{"floor":9,"key":"infinitespire:BottledMercury"}],"event_choices":[{"damage_healed":0.0,"max_hp_gain":0.0,"max_hp_loss":0.0,"gold_gain":0.0,"event_name":"Scrap Ooze","player_choice":"Success","floor":2.0,"gold_loss":0.0,"damage_taken":5.0,"relics_obtained":["Sundial"]},{"cards_removed":["Strike_G"],"damage_healed":0.0,"max_hp_gain":0.0,"max_hp_loss":0.0,"gold_gain":0.0,"event_name":"Golden Wing","player_choice":"Card Removal","floor":5.0,"gold_loss":0.0,"damage_taken":7.0},{"damage_healed":0.0,"max_hp_gain":0.0,"max_hp_loss":6.0,"gold_gain":0.0,"event_name":"Golden Idol","player_choice":"Lose Max HP","floor":8.0,"gold_loss":0.0,"damage_taken":0.0,"relics_obtained":["Golden Idol"]}],"is_beta":false,"boss_relics":[],"items_purged_floors":[10],"is_endless":false,"potions_floor_spawned":[6,7],"killed_by":"Slime Boss","ascension_level":16}}