{"host":"b0l902yh1rk3g5bq","time":1611623732,"event":{"mods":["AchievementEnabler","Act Like it!","Aspiration","BaseMod","Better Match","Better Sensory Stone","Better Skull","Better Third Choice","BetterRewards","Challenge The Spire","Colored Map","Colored Powertips","Conspire","Downfall","Energized Spire","GifTheSpireLib","Halation","Hubris","Infinite Spire","Minty Spire (QoL Compilation)","Quick Restart","Rare Cards Sparkle","Reliquary","Replay The Spire","StSLib","Stuff the Spire","Trackpad","Virulent Crown","Wandering Minibosses","egg","everything is the same but u backflip on backflip"],"gold_per_floor":[118,118,80,59,59,84,110,140,140,170,170,170],"floor_reached":11,"language":"ENG","playtime":372,"items_purged":[],"score":102,"play_id":"bbe921d5-9766-4c9e-aeaf-c5d5b6aba620","local_time":"20210126021532","daily_mods":["Draft","Heirloom","Flight","DeadlyEvents","Elite Swarm"],"is_ascension_mode":true,"campfire_choices":[],"circlet_count":0,"master_deck":["Poisoned Stab","Bane","Dodge and Roll","Noxious Fumes","ReplayTheSpireMod:Speed Training","Cloak And Dagger","Prepared","Deadly Poison","Deadly Poison","Predator","Flying Knee","Dodge and Roll","Dodge and Roll","Dagger Spray","Corpse Explosion+1","Footwork","Adrenaline","Die Die Die"],"relics":["Ring of the Snake","Replay:Towering Pillar of Hats","betterThird:SlimedRelic","Akabeko","StuffTheSpire:MayFlowers","hubris:AstralHammer","hubris:FunFungus","Paper Crane"],"acts_visited":["Exordium"],"potions_floor_usage":[7],"damage_taken":[{"damage":2,"enemies":"2 Louse","floor":1,"turns":2},{"damage":11,"enemies":"Lagavulin","floor":6,"turns":6},{"damage":24,"enemies":"Gremlin Nob","floor":7,"turns":4},{"damage":4,"enemies":"Lagavulin","floor":8,"turns":5},{"damage":14,"enemies":"Gremlin Nob","floor":10,"turns":4},{"damage":0,"enemies":"Lagavulin","floor":11,"turns":2}],"seed_played":"6848091595745671120","potions_obtained":[{"floor":1,"key":"Fire Potion"},{"floor":6,"key":"Strength Potion"},{"floor":10,"key":"Poison Potion"}],"is_trial":true,"path_per_floor":["M","?","$","?","?","E","E","E","T","E","E"],"character_chosen":"THE_SILENT","items_purchased":["Footwork"],"campfire_rested":0,"item_purchase_floors":[3],"current_hp_per_floor":[68,68,68,57,57,46,22,21,21,8,8,8],"gold":170,"neow_bonus":"","is_daily":false,"chose_seed":false,"campfire_upgraded":0,"win_rate":0.0,"timestamp":1611623732,"path_taken":["M","?","$","?","?","E","?","E","T","E","E"],"items_purchased_type":["Card"],"build_version":"2020-12-22","purchased_purges":0,"victory":false,"max_hp_per_floor":[70,70,70,70,70,70,70,70,70,70,70,70],"card_choices":[{"not_picked":["Terror","StuffTheSpire:ClusterCrunch"],"picked":"Poisoned Stab","floor":0},{"not_picked":["Draining Mist","Reflex"],"picked":"Bane","floor":0},{"not_picked":["PiercingWail","All Out Attack"],"picked":"Blade Dance","floor":0},{"not_picked":["Deadly Poison","StuffTheSpire:ClusterCrunch"],"picked":"Poisoned Stab","floor":0},{"not_picked":["Slice","Flechettes"],"picked":"Dodge and Roll","floor":0},{"not_picked":["Eviscerate","StuffTheSpire:ClusterCrunch"],"picked":"Noxious Fumes","floor":0},{"not_picked":["PiercingWail","Distraction"],"picked":"ReplayTheSpireMod:Speed Training","floor":0},{"not_picked":["Deflect","Backflip"],"picked":"Cloak And Dagger","floor":0},{"not_picked":["Slice","hubris:TrickCloak"],"picked":"Prepared","floor":0},{"not_picked":["Toxin Wave","StuffTheSpire:Injection"],"picked":"Deadly Poison","floor":0},{"not_picked":["Predator","Eviscerate"],"picked":"Deadly Poison","floor":0},{"not_picked":["StuffTheSpire:BumpUp","Skewer"],"picked":"Predator","floor":0},{"not_picked":["Quick Slash","Flechettes"],"picked":"Flying Knee","floor":0},{"not_picked":["Sucker Punch","Bane"],"picked":"Dodge and Roll","floor":0},{"not_picked":["Slice","hubris:Sniper"],"picked":"Dodge and Roll","floor":0},{"not_picked":["conspire:DoublingDagger","ReplayTheSpireMod:The Works"],"picked":"Dagger Spray","floor":1},{"not_picked":["StuffTheSpire:FinalStruggle","Wraith Form v2","Malaise"],"picked":"SKIP","floor":6},{"not_picked":["Envenom","Poison Darts","StuffTheSpire:FinalStruggle"],"picked":"SKIP","floor":7},{"not_picked":["Die Die Die","Bullet Time"],"picked":"Adrenaline","floor":8},{"not_picked":["Atom Bomb","A Thousand Cuts"],"picked":"Die Die Die","floor":10}],"player_experience":703350,"relics_obtained":[{"floor":6,"key":"Akabeko"},{"floor":7,"key":"StuffTheSpire:MayFlowers"},{"floor":8,"key":"hubris:AstralHammer"},{"floor":9,"key":"hubris:FunFungus"},{"floor":10,"key":"Paper Crane"}],"event_choices":[{"damage_healed":0,"gold_gain":0,"player_choice":"Slimed","damage_taken":11,"max_hp_gain":0,"max_hp_loss":0,"event_name":"betterThird:BetterGoop","floor":4,"gold_loss":21},{"cards_removed":["Blade Dance"],"damage_healed":0,"gold_gain":0,"player_choice":"Purged","damage_taken":0,"max_hp_gain":0,"max_hp_loss":0,"event_name":"Purifier","floor":5,"gold_loss":0}],"is_beta":false,"boss_relics":[],"items_purged_floors":[],"is_endless":false,"potions_floor_spawned":[1,6,10],"killed_by":"Lagavulin","ascension_level":1}}