{"host":"9d9dhukr2jywmy0f","time":1611692571,"event":{"mods":["2.2 Compatiblity","Alarm Clock","BaseMod","Bestiary","Block Reminder","Colored Map","Colored Powertips","Curses Come First","DeckTracker","Displayed Cursed Tome","Highlight Path","Key Reminder","Minty Spire (QoL Compilation)","Quick Restart","Rare Cards Sparkle","Relic Sorter","Relic Stats","Reliquary","Spire Birthday Party","StSLib","SuperFastMode","Synergy Search","Unceasing Turn Reminder","Unknown Chances"],"gold_per_floor":[112,37,37,37,112,136,177,177,200,100,100,123,166,191,191,191,191],"floor_reached":16,"language":"ZHS","playtime":275,"items_purged":["Strike_R","Strike_R"],"score":262,"play_id":"092769d6-e091-4e1a-9339-edc56ba5cea5","local_time":"20210127042251","is_ascension_mode":true,"campfire_choices":[{"data":"Feed","floor":8.0,"key":"SMITH"},{"data":"Fire Breathing","floor":11.0,"key":"SMITH"},{"data":"Body Slam","floor":15.0,"key":"SMITH"}],"circlet_count":0,"master_deck":["AscendersBane","Strike_R","Strike_R","Strike_R","Defend_R","Defend_R","Defend_R","Defend_R","Bash","Fire Breathing+1","Evolve","Feed+1","Body Slam+1"],"relics":["Burning Blood","NeowsBlessing","Golden Idol","Pen Nib","keyreminder:keyreminder","Lantern"],"acts_visited":["Exordium"],"potions_floor_usage":[16],"damage_taken":[{"damage":0.0,"enemies":"Jaw Worm","floor":1.0,"turns":1.0},{"damage":0.0,"enemies":"2 Louse","floor":6.0,"turns":1.0},{"damage":0.0,"enemies":"Gremlin Nob","floor":7.0,"turns":1.0},{"damage":7.0,"enemies":"Cultist","floor":12.0,"turns":4.0},{"damage":40.0,"enemies":"Lagavulin","floor":13.0,"turns":6.0},{"damage":20,"enemies":"Hexaghost","floor":16,"turns":8}],"seed_played":"-5937393783604190026","potions_obtained":[{"floor":7.0,"key":"LiquidMemories"},{"floor":13.0,"key":"PowerPotion"}],"is_trial":false,"path_per_floor":["M","$","?","?","?","M","E","R","T","$","R","M","E","T","R","B"],"character_chosen":"IRONCLAD","items_purchased":[],"campfire_rested":0,"item_purchase_floors":[],"current_hp_per_floor":[74,74,79,51,40,46,52,52,52,52,52,55,21,21,21,1,1],"gold":191,"neow_bonus":"THREE_ENEMY_KILL","is_daily":false,"chose_seed":false,"campfire_upgraded":3,"win_rate":0.0,"timestamp":1611692571,"path_taken":["M","$","?","?","?","M","E","R","T","$","R","M","E","?","R","BOSS"],"items_purchased_type":[],"build_version":"2020-11-30","purchased_purges":2,"victory":false,"max_hp_per_floor":[75,75,80,80,80,80,80,80,80,80,80,84,84,84,84,84,84],"relic_stats":{"counters":[6,21],"Golden Idol":27,"Pen Nib":[3],"obtain_stats":[{"keyreminder:keyreminder":7,"Lantern":14,"NeowsBlessing":0,"Golden Idol":4,"Pen Nib":7,"Burning Blood":0},{"keyreminder:keyreminder":3,"Lantern":5,"NeowsBlessing":0,"Golden Idol":1,"Pen Nib":3,"Burning Blood":0},{"keyreminder:keyreminder":3,"Lantern":13,"NeowsBlessing":0,"Golden Idol":1,"Pen Nib":3,"Burning Blood":0}],"Burning Blood":30},"card_choices":[{"not_picked":["Shrug It Off","Metallicize"],"picked":"Fire Breathing","floor":1.0},{"not_picked":["Uppercut","Hemokinesis"],"picked":"Evolve","floor":6.0},{"not_picked":["Clothesline","Shrug It Off"],"picked":"Feed","floor":7.0},{"not_picked":["Evolve","True Grit"],"picked":"Body Slam","floor":12.0},{"not_picked":["Searing Blow","Cleave","Thunderclap"],"picked":"SKIP","floor":13.0}],"player_experience":861104,"relics_obtained":[{"floor":7.0,"key":"Pen Nib"},{"floor":14.0,"key":"Lantern"}],"event_choices":[{"damage_healed":0.0,"max_hp_gain":5.0,"max_hp_loss":0.0,"gold_gain":0.0,"event_name":"Big Fish","player_choice":"Donut","floor":3.0,"gold_loss":0.0,"damage_taken":0.0},{"damage_healed":0.0,"max_hp_gain":0.0,"max_hp_loss":0.0,"gold_gain":0.0,"event_name":"Golden Idol","player_choice":"Take Damage","floor":4.0,"gold_loss":0.0,"damage_taken":28.0,"relics_obtained":["Golden Idol"]},{"damage_healed":0.0,"max_hp_gain":0.0,"max_hp_loss":0.0,"gold_gain":75.0,"event_name":"World of Goop","player_choice":"Gather Gold","floor":5.0,"gold_loss":0.0,"damage_taken":11.0}],"is_beta":false,"boss_relics":[],"items_purged_floors":[2,10],"is_endless":false,"potions_floor_spawned":[7,13],"killed_by":"Hexaghost","ascension_level":20}}