{"host":"ifd7sfhtlbe34qll","time":1611621998,"event":{"mods":["2.2 Compatiblity","Act Like it!","BaseMod","Block Reminder","Colored Map","Curses Come First","Highlight Path","Minty Spire (QoL Compilation)","Potion Indicator Mod","Quick Restart","Random Character Button","Relic Stats","StSLib"],"gold_per_floor":[109,119,119,134,134,134,165,186,186,217,232,232,232,256,256,346,346,360,105,105,120,138,191,225,254,254,254,286,286,326,342,342,342,342],"floor_reached":33,"language":"ENG","playtime":2356,"items_purged":["Strike_R"],"score":602,"play_id":"1448f70e-bf8f-439b-bcdf-2d500b61f0a2","local_time":"20210125184638","is_ascension_mode":true,"campfire_choices":[{"floor":6,"key":"REST"},{"floor":12,"key":"REST"},{"floor":15,"key":"REST"},{"floor":27,"key":"REST"},{"floor":29,"key":"REST"},{"floor":32,"key":"REST"}],"circlet_count":0,"master_deck":["AscendersBane","Strike_R","Strike_R","Strike_R","Strike_R","Defend_R","Defend_R","Defend_R","Defend_R","Bash","Perfected Strike","Headbutt","Armaments","Shrug It Off","Battle Trance+1","Spot Weakness","Reaper","Feed+1","Power Through","Mayhem","Heavy Blade","Sword Boomerang","Thunderclap+1","Entrench+1","Heavy Blade+1","Ghostly Armor+1"],"relics":["Fusion Hammer","Golden Idol","Oddly Smooth Stone","Lizard Tail","InkBottle","Bag of Marbles","Velvet Choker","CeramicFish","Lantern","Frozen Egg 2"],"acts_visited":["Exordium","TheCity"],"potions_floor_usage":[10,22,23,24,25],"damage_taken":[{"damage":7,"enemies":"Small Slimes","floor":1,"turns":4},{"damage":8,"enemies":"2 Louse","floor":2,"turns":2},{"damage":2,"enemies":"Jaw Worm","floor":4,"turns":2},{"damage":36,"enemies":"3 Sentries","floor":7,"turns":9},{"damage":0,"enemies":"2 Fungi Beasts","floor":8,"turns":3},{"damage":4,"enemies":"Lagavulin","floor":10,"turns":4},{"damage":8,"enemies":"Red Slaver","floor":11,"turns":2},{"damage":6,"enemies":"Lots of Slimes","floor":14,"turns":3},{"damage":16,"enemies":"The Guardian","floor":16,"turns":9},{"damage":32,"enemies":"2 Thieves","floor":18,"turns":5},{"damage":21,"enemies":"Shell Parasite","floor":21,"turns":6},{"damage":26,"enemies":"3 Cultists","floor":22,"turns":7},{"damage":54,"enemies":"Slavers","floor":23,"turns":6},{"damage":31,"enemies":"Snecko","floor":24,"turns":4},{"damage":23,"enemies":"Shelled Parasite and Fungi","floor":25,"turns":4},{"damage":14,"enemies":"Centurion and Healer","floor":28,"turns":5},{"damage":42,"enemies":"Gremlin Leader","floor":30,"turns":7},{"damage":6,"enemies":"Snake Plant","floor":31,"turns":4},{"damage":87,"enemies":"Collector","floor":33,"turns":10}],"seed_played":"-115055440463218738","potions_obtained":[{"floor":2,"key":"Ancient Potion"},{"floor":7,"key":"Weak Potion"},{"floor":8,"key":"Energy Potion"},{"floor":11,"key":"Ancient Potion"},{"floor":22,"key":"Regen Potion"},{"floor":23,"key":"Fire Potion"},{"floor":25,"key":"Ancient Potion"}],"is_trial":false,"path_per_floor":["M","M","?","M","?","R","E","M","T","E","M","R","?","M","R","B",null,"M","$","?","M","M","E","M","M","T","R","M","R","E","M","R","B"],"character_chosen":"IRONCLAD","items_purchased":["Mayhem"],"campfire_rested":6,"item_purchase_floors":[19],"current_hp_per_floor":[61,53,53,51,40,60,24,24,24,20,12,32,32,56,68,68,68,43,43,43,34,30,12,42,31,31,56,59,84,56,57,83,0,0],"gold":342,"neow_bonus":"BOSS_RELIC","is_daily":false,"chose_seed":false,"campfire_upgraded":0,"win_rate":0.0,"timestamp":1611621998,"path_taken":["M","M","?","M","?","R","E","M","T","E","M","R","?","?","R","BOSS","M","$","?","M","M","E","M","?","T","R","M","R","E","M","R","BOSS"],"items_purchased_type":["Card"],"build_version":"2020-12-22","purchased_purges":1,"victory":false,"max_hp_per_floor":[75,75,68,68,68,68,68,68,68,68,68,68,68,68,68,68,68,68,68,68,72,76,76,80,84,84,84,84,84,88,88,88,88,88],"relic_stats":{"Lizard Tail":38,"counters":[19,96],"Golden Idol":87,"CeramicFish":45,"obtain_stats":[{"Lizard Tail":7,"Lantern":26,"Golden Idol":3,"CeramicFish":23,"Oddly Smooth Stone":5,"Velvet Choker":17,"Fusion Hammer":0,"Bag of Marbles":10,"Frozen Egg 2":30,"Burning Blood":0,"InkBottle":9},{"Lizard Tail":4,"Lantern":15,"Golden Idol":2,"CeramicFish":13,"Oddly Smooth Stone":3,"Velvet Choker":9,"Fusion Hammer":0,"Bag of Marbles":6,"Frozen Egg 2":17,"Burning Blood":0,"InkBottle":5},{"Lizard Tail":17,"Lantern":70,"Golden Idol":6,"CeramicFish":62,"Oddly Smooth Stone":8,"Velvet Choker":38,"Fusion Hammer":0,"Bag of Marbles":24,"Frozen Egg 2":82,"Burning Blood":0,"InkBottle":20}],"InkBottle":[19]},"card_choices":[{"not_picked":["Iron Wave","Rage"],"picked":"Perfected Strike","floor":1},{"not_picked":["Thunderclap","Ghostly Armor"],"picked":"Headbutt","floor":2},{"not_picked":["Heavy Blade","Bloodletting"],"picked":"Armaments","floor":4},{"not_picked":["Thunderclap","Heavy Blade"],"picked":"Shrug It Off","floor":7},{"not_picked":["Dark Embrace","True Grit"],"picked":"Battle Trance","floor":8},{"not_picked":["Intimidate","Blood for Blood"],"picked":"Spot Weakness","floor":10},{"not_picked":["Pommel Strike","Clothesline"],"picked":"Reaper","floor":11},{"not_picked":["Headbutt","Power Through","Body Slam"],"picked":"SKIP","floor":14},{"not_picked":["Reaper","Bludgeon"],"picked":"Feed","floor":16},{"not_picked":["Pommel Strike","Clash"],"picked":"Power Through","floor":18},{"not_picked":["True Grit","Cleave","Havoc"],"picked":"SKIP","floor":21},{"not_picked":["Twin Strike","Armaments"],"picked":"Heavy Blade","floor":22},{"not_picked":["Seeing Red+1","Anger"],"picked":"Sword Boomerang","floor":23},{"not_picked":["Wild Strike","Combust"],"picked":"Thunderclap+1","floor":24},{"not_picked":["Heavy Blade","Intimidate"],"picked":"Entrench+1","floor":25},{"not_picked":["Sword Boomerang","Intimidate"],"picked":"Heavy Blade+1","floor":28},{"not_picked":["Clothesline","Impervious"],"picked":"Ghostly Armor+1","floor":30},{"not_picked":["Body Slam","Thunderclap+1","Rage"],"picked":"SKIP","floor":31}],"player_experience":1451801,"relics_obtained":[{"floor":7,"key":"Lizard Tail"},{"floor":9,"key":"InkBottle"},{"floor":10,"key":"Bag of Marbles"},{"floor":23,"key":"CeramicFish"},{"floor":26,"key":"Lantern"},{"floor":30,"key":"Frozen Egg 2"}],"event_choices":[{"damage_healed":0,"gold_gain":0,"player_choice":"Lose Max HP","damage_taken":0,"relics_obtained":["Golden Idol"],"max_hp_gain":0,"max_hp_loss":7,"event_name":"Golden Idol","floor":3,"gold_loss":0},{"damage_healed":0,"gold_gain":0,"player_choice":"Success","damage_taken":11,"relics_obtained":["Oddly Smooth Stone"],"max_hp_gain":0,"max_hp_loss":0,"event_name":"Scrap Ooze","floor":5,"gold_loss":0},{"damage_healed":0,"gold_gain":0,"player_choice":"Grow","damage_taken":0,"max_hp_gain":0,"max_hp_loss":0,"event_name":"Living Wall","floor":13,"gold_loss":0,"cards_upgraded":["Battle Trance"]},{"damage_healed":0,"gold_gain":0,"player_choice":"Upgraded","damage_taken":0,"max_hp_gain":0,"max_hp_loss":0,"event_name":"Upgrade Shrine","floor":20,"gold_loss":0,"cards_upgraded":["Feed"]}],"is_beta":false,"boss_relics":[{"not_picked":["SacredBark","Busted Crown"],"picked":"Velvet Choker"}],"items_purged_floors":[19],"is_endless":false,"potions_floor_spawned":[2,7,8,11,22,23,25],"killed_by":"Collector","ascension_level":20}}