{"host":"70zhvo5nwrhp1mbg","time":1611688577,"event":{"mods":["BaseMod","Colored Map","Colored Powertips","Highlight Path","Minty Spire (QoL Compilation)","Rare Cards Sparkle","StSLib"],"gold_per_floor":[114,127,127,142,152,152,184,199,222,251,46,75,94,125,125,230,230,243,243,257,288,9,9,36,36,36,36,46,46,46,81,81,183,183,194,244,59,69,80,109,109,136,159,185,185,203,215,249,249,249],"floor_reached":51,"language":"ENG","playtime":6926,"items_purged":["Writhe"],"score":1277,"play_id":"a9240783-c232-49ec-9d6a-627ee9826d5c","local_time":"20210126141617","is_ascension_mode":true,"campfire_choices":[{"data":"Berserk","floor":6.0,"key":"SMITH"},{"floor":15,"key":"REST"},{"data":"Cleave","floor":23,"key":"SMITH"},{"data":"Demon Form","floor":25,"key":"SMITH"},{"data":"Shrug It Off","floor":27,"key":"SMITH"},{"data":"Spot Weakness","floor":29,"key":"SMITH"},{"data":"RitualDagger","floor":32,"key":"SMITH"},{"data":"Rage","floor":41,"key":"SMITH"},{"data":"Flame Barrier","floor":49,"key":"SMITH"}],"circlet_count":0,"master_deck":["AscendersBane","Strike_R","Strike_R","Strike_R","Strike_R","Defend_R","Defend_R","Defend_R","Defend_R","Bash","Berserk+1","Shrug It Off+1","Rupture","Iron Wave","Anger","Headbutt","Carnage","Anger","Demon Form+1","Infernal Blade","Fiend Fire","Inflame","Heavy Blade+1","Ghostly Armor","Cleave+1","Spot Weakness+1","Metallicize+1","RitualDagger+1","Barricade","Thunderclap+1","Armaments+1","True Grit","Rage+1","Whirlwind+1","Flame Barrier+1"],"relics":["Black Blood","Magic Flower","Juzu Bracelet","Regal Pillow","Vajra","Blood Vial","Red Skull","Lantern","Mark of Pain","Turnip","Red Mask","Pen Nib","PreservedInsect","Kunai","Bottled Tornado","Dead Branch","Membership Card","Omamori","Ornamental Fan","Bronze Scales","Mercury Hourglass","Darkstone Periapt"],"acts_visited":["Exordium","TheCity","TheBeyond"],"potions_floor_usage":[24,28,33,38,39,42,42,47],"damage_taken":[{"damage":14.0,"enemies":"2 Louse","floor":1.0,"turns":4.0},{"damage":4.0,"enemies":"Small Slimes","floor":2.0,"turns":3.0},{"damage":11.0,"enemies":"Jaw Worm","floor":4.0,"turns":4.0},{"damage":20.0,"enemies":"Red Slaver","floor":5.0,"turns":5.0},{"damage":49.0,"enemies":"3 Sentries","floor":7.0,"turns":12.0},{"damage":24.0,"enemies":"Lots of Slimes","floor":8.0,"turns":5.0},{"damage":28.0,"enemies":"Gremlin Nob","floor":10.0,"turns":4.0},{"damage":10.0,"enemies":"Lagavulin","floor":12.0,"turns":5.0},{"damage":16,"enemies":"Large Slime","floor":13,"turns":5},{"damage":16,"enemies":"Gremlin Nob","floor":14,"turns":4},{"damage":36,"enemies":"Slime Boss","floor":16,"turns":8},{"damage":25,"enemies":"Spheric Guardian","floor":18,"turns":4},{"damage":22,"enemies":"Shell Parasite","floor":20,"turns":5},{"damage":73,"enemies":"Masked Bandits","floor":21,"turns":5},{"damage":51,"enemies":"Slavers","floor":24,"turns":6},{"damage":4,"enemies":"3 Cultists","floor":28,"turns":4},{"damage":15,"enemies":"Gremlin Leader","floor":31,"turns":3},{"damage":38,"enemies":"Champ","floor":33,"turns":7},{"damage":19,"enemies":"Orb Walker","floor":35,"turns":3},{"damage":16,"enemies":"Mind Bloom Boss Battle","floor":36,"turns":4},{"damage":31,"enemies":"3 Shapes","floor":38,"turns":2},{"damage":34,"enemies":"3 Darklings","floor":39,"turns":4},{"damage":9,"enemies":"Reptomancer","floor":40,"turns":4},{"damage":64,"enemies":"Nemesis","floor":42,"turns":7},{"damage":59,"enemies":"Reptomancer","floor":44,"turns":4},{"damage":12,"enemies":"Transient","floor":46,"turns":3},{"damage":47,"enemies":"Spire Growth","floor":47,"turns":5},{"damage":18,"enemies":"Nemesis","floor":48,"turns":5},{"damage":30,"enemies":"Donu and Deca","floor":50,"turns":3}],"seed_played":"8994238532890919607","potions_obtained":[{"floor":2.0,"key":"PowerPotion"},{"floor":7.0,"key":"BloodPotion"},{"floor":8.0,"key":"BloodPotion"},{"floor":13,"key":"Ancient Potion"},{"floor":14,"key":"GamblersBrew"},{"floor":24,"key":"Fruit Juice"},{"floor":31,"key":"SkillPotion"},{"floor":33,"key":"DistilledChaos"},{"floor":38,"key":"ColorlessPotion"},{"floor":39,"key":"Block Potion"},{"floor":40,"key":"FearPotion"},{"floor":44,"key":"LiquidBronze"}],"is_trial":false,"path_per_floor":["M","M","?","M","M","R","E","M","T","E","$","E","M","E","R","B",null,"M","?","M","?","$","R","E","R","T","R","M","R","?","E","R","B",null,"M","?","$","M","M","E","R","E","T","E","?","M","M","E","R","B",null],"character_chosen":"IRONCLAD","items_purchased":["Blood Vial","Block Potion","Pen Nib","Ghostly Armor","Cleave","Strength Potion","Membership Card"],"campfire_rested":1,"item_purchase_floors":[11,11,22,22,22,22,37],"current_hp_per_floor":[64,66,54,52,41,41,40,49,49,54,54,56,52,48,80,53,73,60,60,50,27,27,27,43,43,43,43,51,51,45,42,42,54,77,79,84,84,72,59,71,71,28,28,28,28,85,56,59,59,73],"gold":249,"neow_bonus":"ONE_RANDOM_RARE_CARD","is_daily":false,"chose_seed":false,"campfire_upgraded":8,"win_rate":0.0,"timestamp":1611688577,"path_taken":["M","M","?","M","M","R","E","M","T","E","$","E","M","E","R","BOSS","M","?","M","?","$","R","E","R","T","R","M","R","?","E","R","BOSS","M","?","$","M","M","E","R","E","T","E","?","M","M","E","R","BOSS"],"items_purchased_type":["Relic","Potion","Relic","Card","Card","Potion","Relic"],"build_version":"2020-12-22","purchased_purges":1,"victory":true,"max_hp_per_floor":[80,80,80,80,80,80,80,80,80,80,80,80,80,80,80,80,80,80,80,80,80,80,80,85,85,85,85,85,85,85,85,85,85,85,85,85,85,85,85,85,85,85,85,85,85,85,85,85,85,85],"card_choices":[{"not_picked":["Havoc","Warcry"],"picked":"Shrug It Off","floor":1.0},{"not_picked":["Fire Breathing","Seeing Red"],"picked":"Rupture","floor":2.0},{"not_picked":["Dark Embrace","Perfected Strike"],"picked":"Iron Wave","floor":4.0},{"not_picked":["Warcry","Twin Strike"],"picked":"Anger","floor":5.0},{"not_picked":["Shrug It Off","Flex"],"picked":"Headbutt","floor":7.0},{"not_picked":["Warcry","Perfected Strike"],"picked":"Carnage","floor":8.0},{"not_picked":["Metallicize","Warcry"],"picked":"Anger","floor":10.0},{"not_picked":["Dropkick","Clash","Headbutt"],"picked":"SKIP","floor":12},{"not_picked":["Thunderclap","Warcry"],"picked":"Demon Form","floor":13},{"not_picked":["Body Slam","Pummel"],"picked":"Infernal Blade","floor":14},{"not_picked":["Impervious","Demon Form"],"picked":"Fiend Fire","floor":16},{"not_picked":["Wild Strike","Body Slam","Entrench"],"picked":"SKIP","floor":18},{"not_picked":["Power Through","Perfected Strike"],"picked":"Inflame","floor":20},{"not_picked":["Iron Wave","Rupture"],"picked":"Heavy Blade+1","floor":21},{"not_picked":["Sword Boomerang+1","Bloodletting"],"picked":"Spot Weakness","floor":24},{"not_picked":["Fiend Fire","Whirlwind"],"picked":"Metallicize+1","floor":28},{"not_picked":["Clash","Entrench","Carnage"],"picked":"SKIP","floor":31},{"not_picked":["Fiend Fire","Brutality"],"picked":"Barricade","floor":33},{"not_picked":["Clothesline","Perfected Strike+1"],"picked":"Thunderclap+1","floor":35},{"not_picked":["Flex","Thunderclap"],"picked":"Armaments+1","floor":36},{"not_picked":["Anger","Second Wind+1"],"picked":"True Grit","floor":38},{"not_picked":["Sword Boomerang+1","True Grit"],"picked":"Rage","floor":39},{"not_picked":["Flex+1","Anger"],"picked":"Whirlwind+1","floor":40},{"not_picked":["Battle Trance+1","Burning Pact"],"picked":"Flame Barrier","floor":42},{"not_picked":["Havoc+1","Fiend Fire","Carnage+1"],"picked":"SKIP","floor":44},{"not_picked":["Havoc+1","Clothesline+1","Heavy Blade+1"],"picked":"SKIP","floor":46},{"not_picked":["Warcry","Wild Strike","True Grit+1"],"picked":"SKIP","floor":47},{"not_picked":["Disarm","Sword Boomerang+1","Armaments+1"],"picked":"SKIP","floor":48}],"player_experience":513815,"relics_obtained":[{"floor":7.0,"key":"Juzu Bracelet"},{"floor":9.0,"key":"Regal Pillow"},{"floor":10.0,"key":"Vajra"},{"floor":12,"key":"Red Skull"},{"floor":14,"key":"Lantern"},{"floor":21,"key":"Red Mask"},{"floor":24,"key":"PreservedInsect"},{"floor":26,"key":"Kunai"},{"floor":31,"key":"Bottled Tornado"},{"floor":36,"key":"Dead Branch"},{"floor":40,"key":"Omamori"},{"floor":42,"key":"Ornamental Fan"},{"floor":43,"key":"Bronze Scales"},{"floor":44,"key":"Mercury Hourglass"},{"floor":48,"key":"Darkstone Periapt"}],"event_choices":[{"damage_healed":0.0,"max_hp_gain":0.0,"max_hp_loss":0.0,"gold_gain":0.0,"event_name":"Scrap Ooze","player_choice":"Success","floor":3.0,"gold_loss":0.0,"damage_taken":12.0,"relics_obtained":["Magic Flower"]},{"damage_healed":0,"gold_gain":0,"player_choice":"Opened","damage_taken":0,"relics_obtained":["Turnip"],"max_hp_gain":0,"max_hp_loss":0,"event_name":"The Mausoleum","floor":19,"gold_loss":0,"cards_obtained":["Writhe"]},{"damage_healed":0,"gold_gain":0,"player_choice":"Fought Bandits","damage_taken":0,"max_hp_gain":0,"max_hp_loss":0,"event_name":"Masked Bandits","floor":21,"gold_loss":0},{"damage_healed":0,"gold_gain":0,"player_choice":"Joined the Cult","damage_taken":6,"max_hp_gain":0,"max_hp_loss":0,"event_name":"Nest","floor":30,"gold_loss":0,"cards_obtained":["RitualDagger"]},{"damage_healed":0,"gold_gain":0,"player_choice":"Fight","damage_taken":0,"max_hp_gain":0,"max_hp_loss":0,"event_name":"MindBloom","floor":36,"gold_loss":0},{"cards_removed":["Strike_R"],"damage_healed":0,"gold_gain":0,"player_choice":"Removed Attack","damage_taken":0,"max_hp_gain":0,"max_hp_loss":0,"event_name":"Falling","floor":45,"gold_loss":0}],"is_beta":false,"boss_relics":[{"not_picked":["SacredBark","Runic Dome"],"picked":"Mark of Pain"},{"not_picked":["Pandora\u0027s Box","SlaversCollar"],"picked":"Black Blood"}],"items_purged_floors":[37],"is_endless":false,"potions_floor_spawned":[2,7,8,13,14,24,31,33,38,39,40,44],"ascension_level":11}}