{"host":"9jskdx4t2il7kdto","time":1611694224,"event":{"mods":["AchievementEnabler","Act Like it!","BaseMod","Card Forge","Colored Powertips","Highlight Path","Minty Spire (QoL Compilation)","Replay The Spire","StSLib","TheSurvivalist","UnlockEverythingMod"],"gold_per_floor":[117,117,135,135,11,42,42,217,217,235,246,146,165,178,178,275,275,285,285,233,312,88,416,416,416,416,416,483,483,495,511,511,616,616,635,556,573,623,639,639,665,683,708,720,720,720,731,750,750,750,750],"floor_reached":50,"language":"ENG","playtime":2890,"items_purged":["ReplayTheSpireMod:Splinters","Doubt"],"score":867,"play_id":"2b8fa0a4-881d-43bb-91df-ace65d10ac22","local_time":"20210126145024","is_ascension_mode":false,"campfire_choices":[{"floor":7,"key":"REST"},{"floor":15,"key":"REST"},{"data":"Fire Breathing","floor":24,"key":"SMITH"},{"data":"survmod:TwinShot","floor":27,"key":"SMITH"},{"data":"survmod:ComplexMutation","floor":32,"key":"SMITH"},{"data":"Electrodynamics","floor":40,"key":"SMITH"},{"floor":49,"key":"REST"}],"circlet_count":0,"master_deck":["survmod:Strike","survmod:Strike","survmod:Strike","survmod:Defend","survmod:Defend","survmod:Defend","survmod:Defend","survmod:VersatileOffense","survmod:Sprint","survmod:QuickDash","survmod:FlareQuiver","survmod:TwinShot+1","survmod:NockAnArrow","White Noise","FollowUp","Fire Breathing+1","survmod:VersatilePower","Overencumbered","Parasite","ReplayTheSpireMod:Faulty Equipment","survmod:LongShot","survmod:ComplexMutation+1","ReplayTheSpireMod:Splinters","Wireheading+1","Replay:Parry+1","Electrodynamics+1","survmod:FlashbangShot","Blade Dance+1","ReplayTheSpireMod:IOU","PiercingWail"],"relics":["Hammer of Thor","Seething Fire","Anvil of the Gods","SlaversCollar","PrismaticShard","Darkstone Periapt","HornCleat","Replay:Ancient Bell","Bag of Preparation","Meat on the Bone","TungstenRod","Replay:Bottled Snecko","OrangePellets","Old Coin","Boot","Art of War","Busted Crown","Ring of Greed","Ring of Searing","Replay:Wax Seal","The Courier","Ancient Tea Set","Gremlin Food"],"acts_visited":["Exordium","TheCity","TheBeyond"],"potions_floor_usage":[16,16,16,33,33,50,50],"damage_taken":[{"damage":0,"enemies":"2 Louse","floor":1,"turns":3},{"damage":4,"enemies":"Jaw Worm","floor":3,"turns":5},{"damage":14,"enemies":"3 Sentries","floor":6,"turns":10},{"damage":0,"enemies":"Small Slimes","floor":10,"turns":3},{"damage":17,"enemies":"2 Fungi Beasts","floor":11,"turns":5},{"damage":28,"enemies":"Exordium Thugs","floor":13,"turns":7},{"damage":2,"enemies":"Exordium Wildlife","floor":14,"turns":3},{"damage":0,"enemies":"Slime Boss","floor":16,"turns":6},{"damage":10,"enemies":"3 Byrds","floor":18,"turns":5},{"damage":3,"enemies":"Replay:Snechameleon","floor":23,"turns":10},{"damage":0,"enemies":"Chosen","floor":30,"turns":6},{"damage":1,"enemies":"Centurion and Healer","floor":31,"turns":6},{"damage":52,"enemies":"Pondfish","floor":33,"turns":13},{"damage":13,"enemies":"Orb Walker","floor":35,"turns":5},{"damage":15,"enemies":"3 Darklings","floor":37,"turns":7},{"damage":10,"enemies":"Spire Growth","floor":39,"turns":5},{"damage":24,"enemies":"R_Hoarder","floor":41,"turns":9},{"damage":16,"enemies":"Maw","floor":42,"turns":7},{"damage":9,"enemies":"Writhing Mass","floor":44,"turns":5},{"damage":17,"enemies":"Sphere and 2 Shapes","floor":47,"turns":5},{"damage":17,"enemies":"Spire Growth","floor":48,"turns":5},{"damage":83,"enemies":"Awakened One","floor":50,"turns":9}],"seed_played":"8704054372176059299","potions_obtained":[{"floor":3,"key":"LiquidMemories"},{"floor":6,"key":"Adrenaline Potion"},{"floor":10,"key":"Adrenaline Potion"},{"floor":23,"key":"Fire Potion"},{"floor":28,"key":"PowerPotion"},{"floor":31,"key":"SpeedPotion"},{"floor":39,"key":"Adrenaline Potion"},{"floor":41,"key":"Explosive Potion"}],"is_trial":false,"path_per_floor":["M","?","M","?","$","E","R","?","T","M","M","$","M","M","R","B",null,"M","?","$","T","$","E","R","?","T","R","?","?","M","M","R","B",null,"M","$","M","?","M","R","E","M","T","M","?","?","M","M","R","B"],"character_chosen":"THE_SURVIVOR","items_purchased":["survmod:TwinShot","survmod:LongShot","survmod:ComplexMutation","OrangePellets","survmod:FlashbangShot"],"campfire_rested":3,"item_purchase_floors":[5,20,22,22,36],"current_hp_per_floor":[50,55,51,51,51,37,53,59,59,59,42,42,14,12,30,30,79,69,69,69,69,69,66,66,66,66,66,72,57,57,56,56,16,90,77,77,62,62,52,52,40,36,36,39,39,79,68,51,76,0,0],"gold":750,"neow_bonus":"BOSS_RELIC","is_daily":false,"chose_seed":false,"campfire_upgraded":4,"win_rate":0.0,"timestamp":1611694224,"path_taken":["M","?","M","?","$","E","R","?","T","M","M","$","M","M","R","BOSS","M","?","$","?","?","E","R","?","T","R","?","?","M","M","R","BOSS","M","$","M","?","M","R","E","M","T","M","?","?","M","?","R","BOSS"],"items_purchased_type":["Card","Card","Card","Relic","Card"],"build_version":"2020-12-22","purchased_purges":2,"victory":false,"max_hp_per_floor":[50,55,55,55,55,55,55,61,61,61,61,61,61,61,61,61,79,79,79,79,79,79,79,79,79,79,79,85,90,90,90,90,90,90,90,90,90,90,90,90,90,90,90,90,90,79,85,85,85,85,85],"card_choices":[{"not_picked":["survmod:BearTrap","survmod:DuckAndFlare"],"picked":"survmod:QuickDash","floor":1},{"not_picked":["survmod:GoForFace","survmod:TacticalManeuver"],"picked":"survmod:FlareQuiver","floor":3},{"not_picked":["Rupture","Trip"],"picked":"survmod:NockAnArrow","floor":6},{"not_picked":["Replay:Undeath\u0027s Touch","Biased Cognition"],"picked":"White Noise","floor":10},{"not_picked":["Bouncing Flask","Well Laid Plans"],"picked":"FollowUp","floor":11},{"not_picked":["survmod:GoForFace","Twin Strike","Accuracy"],"picked":"SKIP","floor":13},{"not_picked":["survmod:QuickThinking","FTL"],"picked":"Fire Breathing","floor":14},{"not_picked":["survmod:DeadlyAim","Atom Bomb"],"picked":"survmod:VersatilePower","floor":16},{"not_picked":["Languid","Voices"],"picked":"Overencumbered","floor":17},{"not_picked":["CurseOfTheBell","Languid"],"picked":"Parasite","floor":17},{"not_picked":["Shame","Replay:Hysterical Blindness"],"picked":"ReplayTheSpireMod:Faulty Equipment","floor":17},{"not_picked":["survmod:GoForFace","Replay:Many Hands","Evolve"],"picked":"SKIP","floor":18},{"not_picked":["survmod:OverexertingShot","WreathOfFlame+1","Go for the Eyes"],"picked":"SKIP","floor":23},{"not_picked":["survmod:UnfortunateEscape","Go for the Eyes+1"],"picked":"Wireheading","floor":28},{"not_picked":["survmod:AimForTheLiver","Body Slam+1","Twin Strike"],"picked":"SKIP","floor":30},{"not_picked":["Replay:ManipulateFuture","survmod:LongShot+1"],"picked":"Replay:Parry+1","floor":31},{"not_picked":["Thinking Ahead","Offering"],"picked":"Electrodynamics","floor":33},{"not_picked":["survmod:NockAnArrow+1"],"picked":"SKIP","floor":35},{"not_picked":["Massacre"],"picked":"SKIP","floor":37},{"not_picked":[],"picked":"Blade Dance+1","floor":39},{"not_picked":["Accuracy"],"picked":"SKIP","floor":41},{"not_picked":["Weave+1"],"picked":"SKIP","floor":42},{"not_picked":["CutThroughFate"],"picked":"SKIP","floor":44},{"not_picked":["Cleave"],"picked":"SKIP","floor":47},{"not_picked":[],"picked":"PiercingWail","floor":48}],"player_experience":372867,"relics_obtained":[{"floor":6,"key":"Darkstone Periapt"},{"floor":9,"key":"HornCleat"},{"floor":21,"key":"Replay:Bottled Snecko"},{"floor":23,"key":"Old Coin"},{"floor":26,"key":"Boot"},{"floor":28,"key":"Art of War"},{"floor":38,"key":"Ring of Greed"},{"floor":38,"key":"Ring of Searing"},{"floor":38,"key":"Replay:Wax Seal"},{"floor":38,"key":"The Courier"},{"floor":41,"key":"Ancient Tea Set"},{"floor":43,"key":"Gremlin Food"}],"event_choices":[{"damage_healed":0,"gold_gain":0,"player_choice":"Donut","damage_taken":0,"max_hp_gain":5,"max_hp_loss":0,"event_name":"Big Fish","floor":2,"gold_loss":0},{"damage_healed":0,"gold_gain":175,"player_choice":"AGREE","damage_taken":0,"max_hp_gain":0,"max_hp_loss":0,"event_name":"Liars Game","floor":8,"gold_loss":0,"cards_obtained":["Doubt"]},{"damage_healed":0,"gold_gain":0,"player_choice":"Ignored","damage_taken":0,"max_hp_gain":0,"max_hp_loss":0,"event_name":"Fountain of Cleansing","floor":19,"gold_loss":0},{"damage_healed":0,"gold_gain":0,"player_choice":"Ignored","damage_taken":0,"max_hp_gain":0,"max_hp_loss":0,"event_name":"Ghosts","floor":25,"gold_loss":0},{"damage_healed":0,"gold_gain":0,"player_choice":"Shed Blood","damage_taken":21,"max_hp_gain":5,"max_hp_loss":0,"event_name":"Forgotten Altar","floor":29,"gold_loss":0},{"cards_removed":["survmod:Strike"],"damage_healed":0,"gold_gain":0,"player_choice":"Removed Attack","damage_taken":0,"max_hp_gain":0,"max_hp_loss":0,"event_name":"Falling","floor":45,"gold_loss":0},{"damage_healed":79,"gold_gain":0,"player_choice":"Heal","damage_taken":0,"max_hp_gain":0,"max_hp_loss":11,"event_name":"The Moai Head","floor":46,"gold_loss":0}],"is_beta":false,"boss_relics":[{"not_picked":["Black Star","Snecko Eye"],"picked":"Replay:Ancient Bell"},{"not_picked":["Replay:Rubber Ducky","Centennial Puzzle"],"picked":"Bag of Preparation"},{"not_picked":["ReplayTheSpireMod:Ninjato","Kunai"],"picked":"Meat on the Bone"},{"not_picked":["Torii","WingedGreaves"],"picked":"TungstenRod"},{"not_picked":["ReplayTheSpireMod:DimensionalGlitch","Runic Pyramid"],"picked":"Busted Crown"}],"items_purged_floors":[5,12],"is_endless":false,"potions_floor_spawned":[3,6,10,23,31,39,41,44],"killed_by":"Awakened One","ascension_level":0}}