{"host":"c6u7e77myxvw4d0m","time":1611661164,"event":{"mods":["AchievementEnabler","BaseMod","Bestiary","Colored Map","Colored Powertips","Minty Spire (QoL Compilation)","Rare Cards Sparkle","Relic Stats","everything is the same but u backflip on backflip"],"gold_per_floor":[214,214,228,18,41,82,112,155,155,155,199,124,124,148,148,271,271,294,317,68,68,82,182,198,198,225,250,295,55,84,102,102,234,234,258,281,30,30,49,49,88,88,113,122,147,170,170,90,99,99],"floor_reached":51,"language":"ENG","playtime":9228,"items_purged":["Injury","Strike_R","Strike_R","Strike_R"],"score":1212,"play_id":"38896ca2-4af6-43e4-87e4-e0a76950ce4f","local_time":"20210126133924","is_ascension_mode":true,"campfire_choices":[{"floor":10.0,"key":"REST"},{"data":"Apotheosis","floor":13.0,"key":"SMITH"},{"floor":15.0,"key":"REST"},{"floor":25,"key":"REST"},{"floor":32,"key":"REST"},{"floor":40,"key":"REST"},{"floor":44,"key":"REST"},{"floor":47,"key":"REST"},{"floor":49,"key":"REST"}],"circlet_count":0,"master_deck":["AscendersBane","Strike_R","Strike_R","Defend_R","Defend_R","Defend_R","Defend_R","Bash","Sword Boomerang","Hemokinesis","Apotheosis+1","Clothesline","Thunderclap","Shockwave","Whirlwind","Heavy Blade","Immolate","Battle Trance","Bludgeon","Headbutt","Inflame","Inflame","Flame Barrier+1","Uppercut","Spot Weakness","Entrench","Shrug It Off","Feel No Pain","Spot Weakness","Limit Break","Feel No Pain+1","Disarm","True Grit+1"],"relics":["Burning Blood","Golden Idol","Orichalcum","Odd Mushroom","Letter Opener","Bottled Lightning","Sundial","Snecko Eye","Orrery","Dream Catcher","CeramicFish","Sozu","Paper Frog","Pantograph","Smiling Mask"],"acts_visited":["Exordium","TheCity","TheBeyond"],"potions_floor_usage":[45],"damage_taken":[{"damage":11.0,"enemies":"Jaw Worm","floor":1.0,"turns":6.0},{"damage":9.0,"enemies":"Small Slimes","floor":3.0,"turns":4.0},{"damage":2.0,"enemies":"Cultist","floor":5.0,"turns":2.0},{"damage":26.0,"enemies":"Gremlin Nob","floor":6.0,"turns":4.0},{"damage":12.0,"enemies":"The Mushroom Lair","floor":7.0,"turns":3.0},{"damage":20.0,"enemies":"Lagavulin","floor":8.0,"turns":6.0},{"damage":8.0,"enemies":"Gremlin Nob","floor":11.0,"turns":3.0},{"damage":5.0,"enemies":"Large Slime","floor":14.0,"turns":3.0},{"damage":4.0,"enemies":"Slime Boss","floor":16.0,"turns":4.0},{"damage":18.0,"enemies":"2 Thieves","floor":18.0,"turns":2.0},{"damage":4.0,"enemies":"Shell Parasite","floor":19.0,"turns":2.0},{"damage":7,"enemies":"Centurion and Healer","floor":22,"turns":4},{"damage":4,"enemies":"Cultist and Chosen","floor":24,"turns":3},{"damage":18,"enemies":"Snake Plant","floor":27,"turns":4},{"damage":20,"enemies":"Slavers","floor":28,"turns":2},{"damage":21,"enemies":"Shelled Parasite and Fungi","floor":30,"turns":3},{"damage":2,"enemies":"Snecko","floor":31,"turns":3},{"damage":20,"enemies":"Automaton","floor":33,"turns":6},{"damage":6,"enemies":"Orb Walker","floor":35,"turns":2},{"damage":0,"enemies":"3 Darklings","floor":36,"turns":3},{"damage":13,"enemies":"Writhing Mass","floor":39,"turns":4},{"damage":37,"enemies":"Nemesis","floor":41,"turns":7},{"damage":0,"enemies":"Transient","floor":45,"turns":5},{"damage":0,"enemies":"Sphere and 2 Shapes","floor":46,"turns":2},{"damage":14,"enemies":"Time Eater","floor":50,"turns":9}],"seed_played":"-3232282359721643128","potions_obtained":[{"floor":3.0,"key":"Strength Potion"},{"floor":5.0,"key":"Swift Potion"},{"floor":11.0,"key":"DuplicationPotion"},{"floor":16.0,"key":"FairyPotion"},{"floor":19.0,"key":"Fire Potion"},{"floor":31,"key":"SneckoOil"}],"is_trial":false,"path_per_floor":["M","?","M","$","M","E","?","E","T","R","E","$","R","M","R","B",null,"M","M","$","?","M","?","M","R","T","M","E","$","M","M","R","B",null,"M","M","$","?","M","R","E","?","T","R","M","M","R","$","R","B",null],"character_chosen":"IRONCLAD","items_purchased":["Apotheosis","Clothesline","Orrery","Shrug It Off","Feel No Pain","Paper Frog","Disarm"],"campfire_rested":8,"item_purchase_floors":[4,4,20,29,29,37,48],"current_hp_per_floor":[67,67,64,64,68,48,42,28,28,52,50,50,50,51,75,77,79,67,69,69,69,68,68,70,80,80,68,54,54,39,43,67,53,73,73,79,79,79,72,80,49,49,49,73,79,80,80,80,80,72],"gold":99,"neow_bonus":"HUNDRED_GOLD","is_daily":false,"chose_seed":false,"campfire_upgraded":1,"win_rate":0.0,"timestamp":1611661164,"path_taken":["M","?","M","$","M","E","?","E","T","R","E","$","R","M","R","BOSS","M","M","$","?","M","?","?","R","T","M","E","$","M","M","R","BOSS","M","M","$","?","?","R","E","?","T","R","?","M","R","$","R","BOSS"],"items_purchased_type":["Card","Card","Relic","Card","Card","Relic","Card"],"build_version":"2020-12-22","purchased_purges":4,"victory":true,"max_hp_per_floor":[80,80,80,80,80,80,80,80,80,80,80,80,80,80,80,80,80,80,80,80,80,80,80,80,80,80,80,80,80,80,80,80,80,80,80,80,80,80,80,80,80,80,80,80,80,80,80,80,80,80],"relic_stats":{"counters":[25,96],"Golden Idol":189,"CeramicFish":72,"Letter Opener":[36],"Orichalcum":[204],"Smiling Mask":100,"Burning Blood":145,"Sozu":3,"Dream Catcher":5,"Sundial":[4],"Pantograph":0,"Snecko Eye":[94,123,103,96],"obtain_stats":[{"Golden Idol":2,"CeramicFish":28,"Letter Opener":8,"Orichalcum":6,"Odd Mushroom":7,"Smiling Mask":43,"Burning Blood":0,"Sozu":34,"Dream Catcher":26,"Sundial":11,"Pantograph":41,"Snecko Eye":17,"Orrery":20,"Bottled Lightning":9,"Paper Frog":37},{"Golden Idol":1,"CeramicFish":15,"Letter Opener":6,"Orichalcum":4,"Odd Mushroom":5,"Smiling Mask":22,"Burning Blood":0,"Sozu":18,"Dream Catcher":13,"Sundial":7,"Pantograph":22,"Snecko Eye":9,"Orrery":11,"Bottled Lightning":6,"Paper Frog":20},{"Golden Idol":6,"CeramicFish":52,"Letter Opener":25,"Orichalcum":16,"Odd Mushroom":19,"Smiling Mask":80,"Burning Blood":0,"Sozu":64,"Dream Catcher":46,"Sundial":28,"Pantograph":80,"Snecko Eye":35,"Orrery":39,"Bottled Lightning":25,"Paper Frog":69}]},"card_choices":[{"not_picked":["Entrench","Second Wind"],"picked":"Sword Boomerang","floor":1.0},{"not_picked":["Wild Strike","Disarm"],"picked":"Hemokinesis","floor":3.0},{"not_picked":["Uppercut","Feel No Pain"],"picked":"Thunderclap","floor":5.0},{"not_picked":["Perfected Strike","Exhume"],"picked":"Shockwave","floor":6.0},{"not_picked":["Flex","True Grit"],"picked":"Whirlwind","floor":7.0},{"not_picked":["Intimidate","Clothesline"],"picked":"Heavy Blade","floor":8.0},{"not_picked":["Clash","Wild Strike"],"picked":"Immolate","floor":11.0},{"not_picked":["Thunderclap","Body Slam"],"picked":"Battle Trance","floor":14.0},{"not_picked":["Immolate","Juggernaut"],"picked":"Bludgeon","floor":16.0},{"not_picked":["Intimidate","Cleave"],"picked":"Headbutt","floor":18.0},{"not_picked":["Carnage","Headbutt"],"picked":"Inflame","floor":19.0},{"not_picked":["Body Slam+1","Wild Strike+1"],"picked":"Inflame","floor":20.0},{"not_picked":["Feel No Pain","Power Through"],"picked":"Flame Barrier+1","floor":20.0},{"not_picked":["Anger","True Grit"],"picked":"Uppercut","floor":20.0},{"not_picked":["Rampage","Armaments+1"],"picked":"Spot Weakness","floor":22},{"not_picked":["Infernal Blade","Dropkick","Feed"],"picked":"SKIP","floor":24},{"not_picked":["Clash","Armaments","Uppercut"],"picked":"SKIP","floor":27},{"not_picked":["Clash","Pummel"],"picked":"Entrench","floor":28},{"not_picked":["Wild Strike","Flex"],"picked":"Spot Weakness","floor":30},{"not_picked":["Headbutt","Thunderclap","Combust"],"picked":"SKIP","floor":31},{"not_picked":["Juggernaut","Berserk"],"picked":"Limit Break","floor":33},{"not_picked":["Intimidate+1","Iron Wave","Sword Boomerang"],"picked":"SKIP","floor":35},{"not_picked":["Clothesline+1","Searing Blow","Thunderclap"],"picked":"SKIP","floor":36},{"not_picked":["Flex+1","Heavy Blade+1","Searing Blow"],"picked":"SKIP","floor":39},{"not_picked":["Anger","Dual Wield","Twin Strike"],"picked":"SKIP","floor":41},{"not_picked":["Sword Boomerang+1","Infernal Blade+1"],"picked":"Feel No Pain+1","floor":44},{"not_picked":["Perfected Strike","Feel No Pain+1","Sword Boomerang"],"picked":"SKIP","floor":45},{"not_picked":["Fiend Fire","Dropkick+1","True Grit"],"picked":"SKIP","floor":46},{"not_picked":["Twin Strike","Inflame"],"picked":"True Grit+1","floor":49}],"player_experience":501377,"relics_obtained":[{"floor":6.0,"key":"Orichalcum"},{"floor":7.0,"key":"Odd Mushroom"},{"floor":8.0,"key":"Letter Opener"},{"floor":9.0,"key":"Bottled Lightning"},{"floor":11.0,"key":"Sundial"},{"floor":26,"key":"Dream Catcher"},{"floor":28,"key":"CeramicFish"},{"floor":41,"key":"Pantograph"},{"floor":43,"key":"Smiling Mask"}],"event_choices":[{"damage_healed":0.0,"max_hp_gain":0.0,"max_hp_loss":0.0,"gold_gain":0.0,"event_name":"Golden Idol","player_choice":"Take Wound","floor":2.0,"gold_loss":0.0,"damage_taken":0.0,"relics_obtained":["Golden Idol"],"cards_obtained":["Injury"]},{"damage_healed":0.0,"max_hp_gain":0.0,"max_hp_loss":0.0,"gold_gain":0.0,"event_name":"Mushrooms","player_choice":"Fought Mushrooms","floor":7.0,"gold_loss":0.0,"damage_taken":0.0},{"damage_healed":0.0,"max_hp_gain":0.0,"max_hp_loss":0.0,"gold_gain":0.0,"event_name":"The Mausoleum","player_choice":"Ignored","floor":21.0,"gold_loss":0.0,"damage_taken":0.0},{"damage_healed":0,"gold_gain":100,"player_choice":"Pray","damage_taken":0,"max_hp_gain":0,"max_hp_loss":0,"event_name":"Golden Shrine","floor":23,"gold_loss":0},{"damage_healed":0,"gold_gain":0,"player_choice":"Ignored","damage_taken":0,"max_hp_gain":0,"max_hp_loss":0,"event_name":"SecretPortal","floor":38,"gold_loss":0},{"damage_healed":0,"gold_gain":0,"player_choice":"Bought 0 Potions","damage_taken":0,"max_hp_gain":0,"max_hp_loss":0,"event_name":"The Woman in Blue","floor":42,"gold_loss":0}],"is_beta":false,"boss_relics":[{"not_picked":["Tiny House","Mark of Pain"],"picked":"Snecko Eye"},{"not_picked":["SlaversCollar","Astrolabe"],"picked":"Sozu"}],"items_purged_floors":[12,20,29,48],"is_endless":false,"potions_floor_spawned":[3,5,7,11,16,19,27,31,33,35,39,45],"ascension_level":12}}