{"host":"x3xr1fzypq6qqz5s","time":1611686601,"event":{"mods":["BaseMod","Better Vampires","Colored Powertips","DeckTracker","Highlight Path","Minty Spire (QoL Compilation)","Quick Restart","Rare Cards Sparkle","Relic Stats"],"gold_per_floor":[115,135,135,66,76,102,102,64,64,64,64,78,78,89,89,185,185,203,218,143,160,180,180,180,180,180,214,214,232,250,250,250,353,353,366,61,71,85,96,96,127,127,127,127,127,146,0,0,0,0,0,0,0,28,28,28],"floor_reached":55,"language":"ZHS","playtime":2458,"items_purged":["Strike_G","Neutralize"],"score":692,"play_id":"7f56e87a-a363-4f7d-9d6d-7bf3c3ce50d2","local_time":"20210127024321","is_ascension_mode":false,"campfire_choices":[{"data":"Noxious Fumes","floor":7.0,"key":"SMITH"},{"data":"Footwork","floor":11.0,"key":"SMITH"},{"data":"Footwork","floor":13.0,"key":"SMITH"},{"data":"Noxious Fumes","floor":15.0,"key":"SMITH"},{"floor":23.0,"key":"REST"},{"data":"Footwork","floor":25.0,"key":"SMITH"},{"data":"Bullet Time","floor":28.0,"key":"SMITH"},{"data":"Catalyst","floor":32.0,"key":"SMITH"},{"floor":40.0,"key":"REST"},{"floor":45.0,"key":"RECALL"},{"data":"Corpse Explosion","floor":49.0,"key":"SMITH"},{"data":"Expertise","floor":52.0,"key":"SMITH"}],"circlet_count":0,"master_deck":["Defend_G","Defend_G","Defend_G","Defend_G","Survivor","Expertise+1","Leg Sweep+1","Noxious Fumes+1","Footwork+1","Footwork+1","Noxious Fumes+1","Footwork+1","Malaise+1","Bite","Bite","Bite","Bullet Time+1","Catalyst+1","Corpse Explosion+1","Bane","Setup+1","Leg Sweep"],"relics":["Ring of the Snake","Eternal Feather","Nunchaku","Juzu Bracelet","Sozu","War Paint","Mercury Hourglass","Ginger","Blue Candle","Red Mask","StrikeDummy"],"acts_visited":["Exordium","TheCity","TheBeyond","TheEnding"],"potions_floor_usage":[],"damage_taken":[{"damage":0.0,"enemies":"Small Slimes","floor":1.0,"turns":3.0},{"damage":2.0,"enemies":"Jaw Worm","floor":2.0,"turns":7.0},{"damage":0.0,"enemies":"Cultist","floor":5.0,"turns":5.0},{"damage":12.0,"enemies":"Lagavulin","floor":6.0,"turns":9.0},{"damage":15.0,"enemies":"Gremlin Gang","floor":12.0,"turns":5.0},{"damage":12.0,"enemies":"Large Slime","floor":14.0,"turns":7.0},{"damage":8.0,"enemies":"The Guardian","floor":16.0,"turns":11.0},{"damage":0.0,"enemies":"Spheric Guardian","floor":18.0,"turns":6.0},{"damage":17.0,"enemies":"3 Byrds","floor":19.0,"turns":4.0},{"damage":34.0,"enemies":"Cultist and Chosen","floor":21.0,"turns":9.0},{"damage":10.0,"enemies":"Snake Plant","floor":22.0,"turns":7.0},{"damage":8.0,"enemies":"Book of Stabbing","floor":27.0,"turns":10.0},{"damage":13.0,"enemies":"Sentry and Sphere","floor":29.0,"turns":7.0},{"damage":0.0,"enemies":"Snecko","floor":30.0,"turns":6.0},{"damage":47.0,"enemies":"Collector","floor":33.0,"turns":10.0},{"damage":3.0,"enemies":"Orb Walker","floor":35.0,"turns":4.0},{"damage":4.0,"enemies":"3 Shapes","floor":37.0,"turns":4.0},{"damage":20.0,"enemies":"Writhing Mass","floor":38.0,"turns":7.0},{"damage":21.0,"enemies":"Maw","floor":39.0,"turns":8.0},{"damage":11.0,"enemies":"Nemesis","floor":41.0,"turns":9.0},{"damage":21.0,"enemies":"4 Shapes","floor":46.0,"turns":3.0},{"damage":59.0,"enemies":"Awakened One","floor":50.0,"turns":17.0},{"damage":52,"enemies":"Shield and Spear","floor":54,"turns":8},{"damage":12,"enemies":"The Heart","floor":55,"turns":2}],"seed_played":"8265360822213934952","potions_obtained":[{"floor":2.0,"key":"Energy Potion"},{"floor":5.0,"key":"Poison Potion"},{"floor":14.0,"key":"PowerPotion"},{"floor":19.0,"key":"CunningPotion"},{"floor":22.0,"key":"AttackPotion"},{"floor":27.0,"key":"Dexterity Potion"},{"floor":30.0,"key":"Fire Potion"},{"floor":31.0,"key":"DuplicationPotion"},{"floor":31.0,"key":"GhostInAJar"}],"is_trial":false,"path_per_floor":["M","M","?","$","M","E","R","$","T","?","R","M","R","M","R","B",null,"M","M","$","M","M","R","?","R","T","E","R","M","M","?","R","B",null,"M","$","M","M","M","R","E","T","T","?","R","M","?","?","R","B",null,"R","$","E","B"],"character_chosen":"THE_SILENT","items_purchased":["Footwork","Footwork","War Paint","Bane"],"campfire_rested":2,"item_purchase_floors":[4,8,36,36],"current_hp_per_floor":[70,68,61,61,61,49,58,58,58,63,72,57,66,54,63,55,75,75,58,58,24,14,45,45,54,54,57,57,50,57,57,57,20,57,54,54,55,43,34,57,54,54,54,54,57,40,40,40,52,17,54,54,54,8,0,0],"gold":28,"neow_bonus":"THREE_CARDS","is_daily":false,"chose_seed":false,"campfire_upgraded":9,"win_rate":0.0,"timestamp":1611686601,"path_taken":["M","M","?","$","M","E","R","$","T","?","R","M","R","M","R","BOSS","M","M","$","M","M","R","?","R","T","E","R","M","M","?","R","BOSS","M","$","M","M","M","R","E","?","T","?","R","M","?","?","R","BOSS","R","$","E","BOSS"],"items_purchased_type":["Card","Card","Relic","Card"],"build_version":"2020-12-22","purchased_purges":2,"victory":false,"max_hp_per_floor":[70,70,70,70,70,70,70,70,70,75,75,75,75,75,75,75,75,75,75,75,75,75,75,57,57,57,57,57,57,57,57,57,57,57,57,57,57,57,57,57,57,57,57,57,57,57,57,54,54,54,54,54,54,54,54,54],"relic_stats":{"Sozu":3,"Nunchaku":[8],"counters":[24,168],"Blue Candle":[0],"Eternal Feather":81,"Juzu Bracelet":1,"Ginger":[2],"War Paint":["Leg Sweep","Malaise"],"obtain_stats":[{"Sozu":34,"Nunchaku":26,"Blue Candle":43,"Eternal Feather":6,"Juzu Bracelet":27,"Red Mask":47,"Ginger":42,"War Paint":36,"StrikeDummy":54,"Ring of the Snake":0,"Mercury Hourglass":41},{"Sozu":15,"Nunchaku":11,"Blue Candle":20,"Eternal Feather":4,"Juzu Bracelet":12,"Red Mask":21,"Ginger":20,"War Paint":16,"StrikeDummy":23,"Ring of the Snake":0,"Mercury Hourglass":20},{"Sozu":106,"Nunchaku":73,"Blue Candle":138,"Eternal Feather":24,"Juzu Bracelet":83,"Red Mask":141,"Ginger":138,"War Paint":110,"StrikeDummy":166,"Ring of the Snake":0,"Mercury Hourglass":138}],"Ring of the Snake":[48],"Mercury Hourglass":[141]},"card_choices":[{"not_picked":["Prepared","Dodge and Roll"],"picked":"Expertise","floor":0.0},{"not_picked":["PiercingWail","Eviscerate"],"picked":"Leg Sweep","floor":1.0},{"not_picked":["Dodge and Roll","Acrobatics"],"picked":"Noxious Fumes","floor":2.0},{"not_picked":["Backflip","Calculated Gamble","Acrobatics"],"picked":"SKIP","floor":5.0},{"not_picked":["Quick Slash","Flechettes","Sucker Punch"],"picked":"SKIP","floor":6.0},{"not_picked":["Prepared","Dodge and Roll"],"picked":"Noxious Fumes","floor":12.0},{"not_picked":["Dodge and Roll","Backflip"],"picked":"Footwork","floor":14.0},{"not_picked":["Tools of the Trade","Phantasmal Killer"],"picked":"Malaise","floor":16.0},{"not_picked":["Backflip","PiercingWail+1","Dagger Throw+1"],"picked":"SKIP","floor":18.0},{"not_picked":["Outmaneuver","Infinite Blades","Prepared"],"picked":"SKIP","floor":19.0},{"not_picked":["Blade Dance+1","Choke","PiercingWail"],"picked":"SKIP","floor":21.0},{"not_picked":["Flying Knee","Quick Slash","Expertise"],"picked":"SKIP","floor":22.0},{"not_picked":["Underhanded Strike","Flechettes"],"picked":"Bullet Time","floor":27.0},{"not_picked":["Underhanded Strike","Deflect"],"picked":"Catalyst","floor":29.0},{"not_picked":["Cloak And Dagger","Underhanded Strike","Dagger Throw+1"],"picked":"SKIP","floor":30.0},{"not_picked":["A Thousand Cuts","Die Die Die"],"picked":"Corpse Explosion","floor":33.0},{"not_picked":["Quick Slash","Masterful Stab","All Out Attack"],"picked":"SKIP","floor":35.0},{"not_picked":["Finisher","Predator+1","Deadly Poison+1"],"picked":"SKIP","floor":37.0},{"not_picked":["Acrobatics+1","Slice+1","Reflex"],"picked":"SKIP","floor":38.0},{"not_picked":["All Out Attack","Quick Slash","Cloak And Dagger+1"],"picked":"SKIP","floor":39.0},{"not_picked":["Bane","Skewer+1"],"picked":"Setup+1","floor":41.0},{"not_picked":["Cloak And Dagger","Dagger Throw","Quick Slash"],"picked":"SKIP","floor":46.0},{"not_picked":["Riddle With Holes+1","Poisoned Stab+1"],"picked":"Leg Sweep","floor":54}],"player_experience":640253,"relics_obtained":[{"floor":6.0,"key":"Eternal Feather"},{"floor":26.0,"key":"Nunchaku"},{"floor":27.0,"key":"Juzu Bracelet"},{"floor":41.0,"key":"Mercury Hourglass"},{"floor":42.0,"key":"Ginger"},{"floor":43.0,"key":"Blue Candle"},{"floor":54,"key":"StrikeDummy"}],"event_choices":[{"cards_removed":["Defend_G"],"damage_healed":0.0,"max_hp_gain":0.0,"max_hp_loss":0.0,"gold_gain":0.0,"event_name":"Golden Wing","player_choice":"Card Removal","floor":3.0,"gold_loss":0.0,"damage_taken":7.0},{"damage_healed":0.0,"max_hp_gain":5.0,"max_hp_loss":0.0,"gold_gain":0.0,"event_name":"Big Fish","player_choice":"Donut","floor":10.0,"gold_loss":0.0,"damage_taken":0.0},{"damage_healed":0.0,"max_hp_gain":0.0,"max_hp_loss":18.0,"gold_gain":0.0,"event_name":"Vampires","player_choice":"Became a vampire","floor":24.0,"gold_loss":0.0,"damage_taken":0.0,"cards_obtained":["Bite","Bite","Bite","Bite"]},{"damage_healed":0.0,"max_hp_gain":0.0,"max_hp_loss":0.0,"gold_gain":0.0,"event_name":"Lab","player_choice":"Got Potions","floor":31.0,"gold_loss":0.0,"damage_taken":0.0},{"cards_removed":["Bite"],"damage_healed":0.0,"max_hp_gain":0.0,"max_hp_loss":0.0,"gold_gain":0.0,"event_name":"Falling","player_choice":"Removed Attack","floor":44.0,"gold_loss":0.0,"damage_taken":0.0},{"damage_healed":0.0,"max_hp_gain":0.0,"max_hp_loss":0.0,"gold_gain":0.0,"event_name":"Tomb of Lord Red Mask","player_choice":"Paid","floor":47.0,"gold_loss":146.0,"damage_taken":0.0,"relics_obtained":["Red Mask"]},{"cards_removed":["Parasite"],"damage_healed":0.0,"max_hp_gain":0.0,"max_hp_loss":0.0,"gold_gain":0.0,"event_name":"Purifier","player_choice":"Purged","floor":48.0,"gold_loss":0.0,"damage_taken":0.0}],"is_beta":false,"boss_relics":[{"not_picked":["WristBlade","Calling Bell","Snecko Eye"]},{"not_picked":["Coffee Dripper","Fusion Hammer"],"picked":"Sozu"}],"items_purged_floors":[20,36],"is_endless":false,"potions_floor_spawned":[2,5,14,19,22,27,30,35,39,41],"killed_by":"The Heart","ascension_level":0}}