{"host":"4myl0piycjadqnwl","time":1611622232,"event":{"mods":["BaseMod","Colored Map","Downfall","Minty Spire (QoL Compilation)","StSLib"],"gold_per_floor":[99,99,99,199,199,224,224,250,250,350,525,525,23,43,57,156,156,56,71,81,81,81,81,106,106,10,43,76,13,13,24,40,135,135,135,151,168,181,106,106,106,6,6,6,6,6,6,31,45,45],"floor_reached":51,"language":"ENG","playtime":2205,"items_purged":["Doubt","bronze:Strike","bronze:Strike","bronze:Strike"],"score":1001,"play_id":"a5570ee6-bf10-4b30-a848-826f15afc03e","local_time":"20210126015032","is_ascension_mode":true,"campfire_choices":[{"data":"bronze:Goto","floor":1.0,"key":"SMITH"},{"floor":9.0,"key":"RECALL"},{"data":"bronze:Iterate","floor":12.0,"key":"SMITH"},{"data":"bronze:Repulsor","floor":18.0,"key":"SMITH"},{"data":"bronze:FineTuning","floor":25.0,"key":"SMITH"},{"data":"bronze:Virus","floor":30,"key":"SMITH"},{"data":"bronze:Flail","floor":35,"key":"SMITH"},{"floor":42,"key":"REST"},{"data":"bronze:Flail","floor":47,"key":"SMITH"}],"circlet_count":0,"master_deck":["bronze:Defend","bronze:Defend","bronze:Defend","bronze:Defend","bronze:Replicate","bronze:Goto+1","bronze:Iterate+1","bronze:Invalidate","CurseOfTheBell","CurseOfTheBell","bronze:ItsAFeature","bronze:Repulsor+1","bronze:Iterate","bronze:Verify","bronze:Iterate","bronze:FineTuning+1","bronze:Flail+1","bronze:BronzeOrb","bronze:Iterate","bronze:Virus+1","bronze:Flail+1","bronze:Verify","bronze:Constructor","bronze:Frontload+1","expansioncontent:AwakenDeath","bronze:BronzeOrb+1","bronze:Shield"],"relics":["bronze:BronzeCore","downfall:HeartsMalice","Mummified Hand","Pear","Question Card","downfall:ExtraCursedBell","Bronze Scales","The Courier","Pocketwatch","Membership Card","champ:DuelingGlove","Anchor","Pen Nib","Tiny Chest","Sozu","downfall:HeartBlessingRed","Letter Opener","PreservedInsect","Vajra","WingedGreaves","Lantern","hexamod:CandleOfCauterizing","Dream Catcher","StoneCalendar","bronze:ElectromagneticCoil","downfall:HeartBlessingBlue","Bag of Marbles","Molten Egg 2"],"acts_visited":["Exordium","TheCity","TheBeyond"],"potions_floor_usage":[],"damage_taken":[{"damage":0.0,"enemies":"2 Louse","floor":2.0,"turns":1.0},{"damage":0.0,"enemies":"Jaw Worm","floor":3.0,"turns":1.0},{"damage":0.0,"enemies":"Lagavulin","floor":6.0,"turns":1.0},{"damage":20.0,"enemies":"3 Sentries","floor":8.0,"turns":9.0},{"damage":5.0,"enemies":"downfall:FleeingMerchant","floor":13.0,"turns":4.0},{"damage":2.0,"enemies":"Small Slimes","floor":14.0,"turns":3.0},{"damage":6.0,"enemies":"Blue Slaver","floor":15.0,"turns":3.0},{"damage":43.0,"enemies":"IC_STATUS_ARCHETYPE","floor":16.0,"turns":5.0},{"damage":7.0,"enemies":"Shell Parasite","floor":19.0,"turns":3.0},{"damage":0.0,"enemies":"Spheric Guardian","floor":20.0,"turns":3.0},{"damage":15.0,"enemies":"downfall:FleeingMerchant","floor":26.0,"turns":4.0},{"damage":3,"enemies":"Gremlin Leader","floor":27,"turns":2},{"damage":0,"enemies":"Slavers","floor":28,"turns":2},{"damage":0,"enemies":"Centurion and Healer","floor":31,"turns":2},{"damage":8,"enemies":"Snake Plant","floor":32,"turns":2},{"damage":13,"enemies":"WA_ARCHETYPE_CALM","floor":33,"turns":4},{"damage":56,"enemies":"3 Shapes","floor":36,"turns":2},{"damage":0,"enemies":"Orb Walker","floor":37,"turns":1},{"damage":21,"enemies":"4 Shapes","floor":38,"turns":3},{"damage":0,"enemies":"Reptomancer","floor":48,"turns":1},{"damage":26,"enemies":"Sphere and 2 Shapes","floor":49,"turns":4},{"damage":13,"enemies":"SI_POISON_ARCHETYPE","floor":50,"turns":5}],"seed_played":"-8897091687370896151","potions_obtained":[{"floor":8.0,"key":"LiquidMemories"},{"floor":16.0,"key":"GamblersBrew"}],"is_trial":false,"path_per_floor":["R","M","M","?","?","E","T","E","R","?","?","R","$","M","M","B",null,"R","M","M","?","?","T","T","R","$","E","E","$","R","M","M","B",null,"R","M","M","M","$","$","T","R","?","?","T","?","R","E","M","B",null],"character_chosen":"THE_AUTOMATON","items_purchased":["Membership Card","champ:DuelingGlove","Anchor","bronze:ItsAFeature","Pen Nib","Tiny Chest","Vajra","bronze:Iterate","WingedGreaves","Lantern","hexamod:CandleOfCauterizing"],"campfire_rested":1,"item_purchase_floors":[13,13,13,13,13,13,26,26,26,26,26],"current_hp_per_floor":[70,70,70,70,70,70,80,60,60,60,60,60,55,53,47,4,80,80,73,73,73,73,73,73,73,58,55,55,55,55,55,47,34,80,80,24,24,3,3,3,3,40,79,79,79,79,79,79,53,40],"gold":45,"neow_bonus":"THREE_ENEMY_KILL","is_daily":false,"chose_seed":false,"campfire_upgraded":7,"win_rate":0.0,"timestamp":1611622232,"path_taken":["R","M","M","?","?","E","T","E","R","?","?","R","$","?","M","BOSS","R","M","M","?","?","?","T","R","$","E","E","?","R","M","M","BOSS","R","M","M","M","$","$","T","R","?","?","?","?","R","E","M","BOSS"],"items_purchased_type":["Relic","Relic","Relic","Card","Relic","Relic","Relic","Card","Relic","Relic","Relic"],"build_version":"2020-12-22","purchased_purges":4,"victory":true,"max_hp_per_floor":[70,70,70,70,70,70,80,80,80,80,80,80,80,80,80,80,80,80,80,80,80,80,80,80,80,80,80,80,80,80,80,80,80,80,80,80,80,80,80,80,80,90,79,79,79,79,79,79,79,79],"card_choices":[{"not_picked":["bronze:DelayedSlice","bronze:Branch"],"picked":"bronze:Iterate","floor":2.0},{"not_picked":["bronze:Safeguard","bronze:CutThrough","bronze:Overheat"],"picked":"SKIP","floor":3.0},{"not_picked":["bronze:Safeguard","bronze:WildBeam","bronze:OilSpill"],"picked":"SKIP","floor":6.0},{"not_picked":["bronze:OilSpill","bronze:CutThrough"],"picked":"bronze:Invalidate","floor":8.0},{"not_picked":["bronze:WildBeam","bronze:BuggyMess","bronze:Return","bronze:DelayedSlice"],"picked":"SKIP","floor":13.0},{"not_picked":["bronze:BitShift","bronze:CutThrough","bronze:Deprecate"],"picked":"bronze:Repulsor","floor":14.0},{"not_picked":["bronze:Break","bronze:CloningBeam","bronze:Invalidate"],"picked":"bronze:Iterate","floor":15.0},{"not_picked":["bronze:ThunderWave","bronze:Assembly","bronze:Format"],"picked":"bronze:Verify","floor":16.0},{"not_picked":["bronze:ChildClass","bronze:Branch","bronze:Invalidate"],"picked":"bronze:Iterate","floor":19.0},{"not_picked":["bronze:ClassDefault+1","bronze:Optimize","bronze:Turbo"],"picked":"bronze:FineTuning","floor":20.0},{"not_picked":["bronze:CutThrough","bronze:GetLatest+1","bronze:FineTuning"],"picked":"bronze:BronzeOrb","floor":26.0},{"not_picked":["bronze:Refactor","bronze:WildBeam","bronze:DarkDash+1"],"picked":"bronze:Virus","floor":27},{"not_picked":["bronze:Shell","bronze:MaxOutput","bronze:ItsAFeature","bronze:Return+1"],"picked":"SKIP","floor":28},{"not_picked":["bronze:Frontload+1","bronze:ForceShield","bronze:BuggyMess"],"picked":"bronze:Flail","floor":31},{"not_picked":["bronze:ItsAFeature","bronze:FollowUp","bronze:BitShift","bronze:Boost"],"picked":"SKIP","floor":32},{"not_picked":["bronze:HardenedForm","bronze:Format","bronze:InfiniteLoop"],"picked":"bronze:Verify","floor":33},{"not_picked":["bronze:Repulsor+1","bronze:ChildClass","bronze:InfiniteBeams"],"picked":"bronze:Constructor","floor":36},{"not_picked":["bronze:WildBeam+1","bronze:BuggyMess+1","bronze:Shield","bronze:BitShift+1"],"picked":"SKIP","floor":37},{"not_picked":["bronze:Refactor+1","bronze:CloningBeam+1","bronze:Overheat"],"picked":"bronze:Frontload+1","floor":38},{"not_picked":["expansioncontent:Chronoboost","expansioncontent:PolyBeam","expansioncontent:PrepareCrush"],"picked":"expansioncontent:AwakenDeath","floor":46},{"not_picked":["bronze:DelayedGuard+1","bronze:OilSpill+1","bronze:Overload+1"],"picked":"bronze:BronzeOrb+1","floor":48},{"not_picked":["bronze:ChosenStrike+1","bronze:WhirlingStrike+1","bronze:Turbo"],"picked":"bronze:Shield","floor":49}],"player_experience":1463726,"relics_obtained":[{"floor":6.0,"key":"Mummified Hand"},{"floor":7.0,"key":"Pear"},{"floor":8.0,"key":"Question Card"},{"floor":10.0,"key":"Bronze Scales"},{"floor":10.0,"key":"The Courier"},{"floor":10.0,"key":"Pocketwatch"},{"floor":23.0,"key":"Letter Opener"},{"floor":24.0,"key":"PreservedInsect"},{"floor":27,"key":"Dream Catcher"},{"floor":28,"key":"StoneCalendar"},{"floor":45,"key":"Bag of Marbles"},{"floor":48,"key":"Molten Egg 2"}],"event_choices":[{"cards_removed":["bronze:Strike"],"damage_healed":0.0,"max_hp_gain":0.0,"max_hp_loss":0.0,"gold_gain":0.0,"event_name":"The Cleric","player_choice":"Card Removal","floor":5.0,"gold_loss":0.0,"damage_taken":0.0},{"damage_healed":0.0,"max_hp_gain":0.0,"max_hp_loss":0.0,"gold_gain":0.0,"event_name":"The Library","player_choice":"Read","floor":22.0,"gold_loss":0.0,"damage_taken":0.0,"cards_obtained":["bronze:Flail"]}],"is_beta":false,"boss_relics":[{"not_picked":["Tiny House","bronze:MakeshiftBattery"],"picked":"Sozu"},{"not_picked":["Cursed Key","Empty Cage"],"picked":"bronze:ElectromagneticCoil"}],"items_purged_floors":[13,26,29,39],"is_endless":false,"potions_floor_spawned":[8,16,20,31,32,37,38],"ascension_level":3}}