{"host":"1pwde2j81wdvsae3","time":1611636419,"event":{"mods":["BaseMod","Minty Spire (QoL Compilation)","Replay The Spire","Shop Mod","StSLib"],"gold_per_floor":[119,13,13,28,28,62,62,96,96,96,117,157,176,217,217,313,313,332,332,82,11,11,44,57,57,84,128,128,167,167,0,0,93,93,112,143,0,0,0,0],"floor_reached":39,"language":"ZHS","playtime":1237,"items_purged":[],"score":916,"play_id":"6f9ea512-24f5-4107-a1b2-0ff8a3658f29","local_time":"20210126124659","is_ascension_mode":true,"campfire_choices":[{"data":"Bash","floor":7.0,"key":"SMITH"},{"floor":15.0,"key":"REST"},{"floor":28.0,"key":"REST"}],"circlet_count":0,"master_deck":["AscendersBane","Strike_R","Strike_R","Strike_R","Strike_R","Defend_R+1","Defend_R","Defend_R","Defend_R+1","Bash+1","Rampage","Flame Barrier","Uppercut+1","Clothesline","Armaments","Hemokinesis","Sword Boomerang","Anger","Shrug It Off","Bludgeon","Dark Embrace","Reaper","Havoc+1","Inflame","Inflame","Shrug It Off","Immolate","Replay:Undeath\u0027s Touch","Good Instincts","Warcry+1","Evolve","J.A.X.","Body Slam+1","Replay:Undeath\u0027s Touch+1","Sword Boomerang+1","Bloodletting","Pummel","Sword Boomerang","Exhume","Heavy Blade","Wild Strike+1","Enlightenment"],"relics":["Burning Blood","NeowsBlessing","Golden Idol","Garlic","Replay:WaspNest","Replay:Wax Seal","Matryoshka","Gremlin Food","ChewingGum","BargainBundle","Bag of Marbles","Enchiridion","ReplayTheSpireMod:Shallot","Nunchaku","Ancient Tea Set","War Paint","Replay:Baseball","Replay:Bronze Core","Incense Burner","Red Mask"],"acts_visited":["Exordium","TheCity","TheBeyond"],"potions_floor_usage":[36],"damage_taken":[{"damage":0.0,"enemies":"2 Louse","floor":1.0,"turns":1.0},{"damage":0.0,"enemies":"Cultist","floor":4.0,"turns":1.0},{"damage":0.0,"enemies":"Lagavulin","floor":6.0,"turns":1.0},{"damage":20.0,"enemies":"Replay:BlueRogue","floor":8.0,"turns":6.0},{"damage":3.0,"enemies":"Jaw Worm","floor":11.0,"turns":3.0},{"damage":25.0,"enemies":"Gremlin Nob","floor":12.0,"turns":3.0},{"damage":7.0,"enemies":"Looter","floor":13.0,"turns":3.0},{"damage":19.0,"enemies":"3 Sentries","floor":14.0,"turns":7.0},{"damage":24.0,"enemies":"Hexaghost","floor":16.0,"turns":6.0},{"damage":23.0,"enemies":"Shell Parasite","floor":18.0,"turns":5.0},{"damage":18.0,"enemies":"Gremlin Leader","floor":23.0,"turns":6.0},{"damage":0.0,"enemies":"3 Byrds","floor":24.0,"turns":4.0},{"damage":11.0,"enemies":"Replay:Snechameleon","floor":27.0,"turns":4.0},{"damage":6.0,"enemies":"Book of Stabbing","floor":29.0,"turns":4.0},{"damage":83.0,"enemies":"Automaton","floor":33.0,"turns":8.0},{"damage":26.0,"enemies":"3 Shapes","floor":35.0,"turns":4.0},{"damage":35,"enemies":"Mind Bloom Boss Battle","floor":36,"turns":7},{"damage":13,"enemies":"Orb Walker","floor":39,"turns":2}],"seed_played":"-1220937040482514374","potions_obtained":[{"floor":4.0,"key":"PowerPotion"},{"floor":6.0,"key":"ElixirPotion"},{"floor":11.0,"key":"BlessingOfTheForge"},{"floor":23.0,"key":"BlessingOfTheForge"}],"is_trial":false,"path_per_floor":["M","$","?","M","?","E","R","E","T","?","M","E","M","E","R","B",null,"M","?","$","$","?","E","M","?","T","E","R","E","?","$","R","B",null,"M","?","?","?","M"],"character_chosen":"IRONCLAD","items_purchased":["Flame Barrier","Uppercut","BargainBundle","Inflame","Shrug It Off","Immolate","Replay:Undeath\u0027s Touch","Good Instincts","EntropicBrew","Warcry","Evolve","Replay:Baseball","Sword Boomerang"],"campfire_rested":2,"item_purchase_floors":[2,2,20,20,20,20,20,20,20,20,21,31,31],"current_hp_per_floor":[74,74,74,75,75,75,75,61,61,61,64,45,44,31,53,35,65,52,52,52,52,52,66,72,51,51,46,68,75,75,75,75,10,59,39,10,10,10,0,0],"gold":0,"neow_bonus":"THREE_ENEMY_KILL","is_daily":false,"chose_seed":false,"campfire_upgraded":1,"win_rate":0.0,"timestamp":1611636419,"path_taken":["M","$","?","?","?","E","R","E","T","?","M","E","M","E","R","BOSS","M","?","?","$","?","E","M","?","T","E","R","E","?","$","R","BOSS","M","?","?","?","M"],"items_purchased_type":["Card","Card","Relic","Card","Card","Card","Card","Card","Potion","Card","Card","Relic","Card"],"build_version":"2020-12-22","purchased_purges":0,"victory":false,"max_hp_per_floor":[75,75,75,75,75,75,75,75,75,75,75,75,75,75,75,75,75,75,75,75,75,75,75,75,75,75,75,75,75,75,75,75,75,75,75,75,75,75,75,75],"card_choices":[{"not_picked":["Pommel Strike","Flex"],"picked":"Rampage","floor":1.0},{"not_picked":["Body Slam","Pommel Strike"],"picked":"Armaments","floor":4.0},{"not_picked":["ReplayTheSpireMod:LeadingStrike","Dark Embrace"],"picked":"Hemokinesis","floor":6.0},{"not_picked":["Havoc","Clash"],"picked":"Sword Boomerang","floor":8.0},{"not_picked":["Thunderclap","ReplayTheSpireMod:Corrosion Curse"],"picked":"Anger","floor":11.0},{"not_picked":["Clothesline","Flex"],"picked":"Shrug It Off","floor":12.0},{"not_picked":["Run Through","Life Link"],"picked":"Bludgeon","floor":13.0},{"not_picked":["Rampage","Perfected Strike"],"picked":"Dark Embrace","floor":14.0},{"not_picked":["Double Tap","Limit Break"],"picked":"Reaper","floor":16.0},{"not_picked":["Rampage","Wild Strike"],"picked":"Havoc+1","floor":18.0},{"not_picked":["ReplayTheSpireMod:Strike From Hell","Clothesline"],"picked":"Body Slam+1","floor":23.0},{"not_picked":["Flame Barrier","Demonic Infusion"],"picked":"Replay:Undeath\u0027s Touch+1","floor":24.0},{"not_picked":["Iron Wave","ReplayReversal"],"picked":"Sword Boomerang+1","floor":27.0},{"not_picked":["Heavy Blade","Iron Wave"],"picked":"Bloodletting","floor":29.0},{"not_picked":["Replay:Many Hands","Hemogenesis"],"picked":"Exhume","floor":33.0},{"not_picked":["Twin Strike+1","Run Through+1"],"picked":"Heavy Blade","floor":35},{"not_picked":["Iron Wave+1","ReplayTheSpireMod:Limb From Limb+1"],"picked":"Wild Strike+1","floor":36},{"not_picked":["Replay:Parry","Metamorphosis"],"picked":"Enlightenment","floor":38}],"player_experience":239837,"relics_obtained":[{"floor":6.0,"key":"Garlic"},{"floor":8.0,"key":"Replay:WaspNest"},{"floor":9.0,"key":"Replay:Wax Seal"},{"floor":12.0,"key":"Matryoshka"},{"floor":14.0,"key":"Gremlin Food"},{"floor":23.0,"key":"Bag of Marbles"},{"floor":25.0,"key":"Enchiridion"},{"floor":26.0,"key":"ReplayTheSpireMod:Shallot"},{"floor":26.0,"key":"Nunchaku"},{"floor":27.0,"key":"Ancient Tea Set"},{"floor":29.0,"key":"War Paint"},{"floor":36,"key":"Incense Burner"}],"event_choices":[{"damage_healed":0.0,"max_hp_gain":0.0,"max_hp_loss":0.0,"gold_gain":0.0,"cards_transformed":["Strike_R"],"event_name":"Transmorgrifier","player_choice":"Transformed","floor":3.0,"gold_loss":0.0,"damage_taken":0.0,"cards_obtained":["Clothesline"]},{"damage_healed":0.0,"max_hp_gain":0.0,"max_hp_loss":0.0,"gold_gain":0.0,"event_name":"Golden Idol","player_choice":"Take Wound","floor":5.0,"gold_loss":0.0,"damage_taken":0.0,"relics_obtained":["Golden Idol"],"cards_obtained":["Injury"]},{"cards_removed":["Injury"],"damage_healed":0.0,"max_hp_gain":0.0,"max_hp_loss":0.0,"gold_gain":0.0,"event_name":"Fountain of Cleansing","player_choice":"Removed Curses","floor":19.0,"gold_loss":0.0,"damage_taken":0.0},{"damage_healed":0.0,"max_hp_gain":0.0,"max_hp_loss":0.0,"gold_gain":0.0,"event_name":"Drug Dealer","player_choice":"Obtain J.A.X.","floor":22.0,"gold_loss":0.0,"damage_taken":0.0,"cards_obtained":["J.A.X."]},{"damage_healed":0.0,"max_hp_gain":0.0,"max_hp_loss":0.0,"gold_gain":0.0,"event_name":"Cursed Tome","player_choice":"Obtained Book","floor":25.0,"gold_loss":0.0,"damage_taken":21.0},{"damage_healed":0.0,"max_hp_gain":0.0,"max_hp_loss":0.0,"gold_gain":0.0,"event_name":"The Library","player_choice":"Read","floor":30.0,"gold_loss":0.0,"damage_taken":0.0,"cards_obtained":["Pummel"]},{"damage_healed":0.0,"max_hp_gain":0.0,"max_hp_loss":0.0,"gold_gain":0.0,"event_name":"Ghosts","player_choice":"Ignored","floor":32.0,"gold_loss":0.0,"damage_taken":0.0},{"damage_healed":0,"gold_gain":0,"player_choice":"Fight","damage_taken":0,"max_hp_gain":0,"max_hp_loss":0,"event_name":"MindBloom","floor":36,"gold_loss":0},{"damage_healed":0,"gold_gain":0,"player_choice":"Paid","damage_taken":0,"relics_obtained":["Red Mask"],"max_hp_gain":0,"max_hp_loss":0,"event_name":"Tomb of Lord Red Mask","floor":37,"gold_loss":143},{"damage_healed":0,"gold_gain":0,"player_choice":"Memory 1","damage_taken":0,"max_hp_gain":0,"max_hp_loss":0,"event_name":"SensoryStone","floor":38,"gold_loss":0}],"is_beta":false,"boss_relics":[{"not_picked":["Ooze Armor","Replay:Drink Me"],"picked":"ChewingGum"},{"not_picked":["Busted Crown","Philosopher\u0027s Stone"],"picked":"Replay:Bronze Core"}],"items_purged_floors":[],"is_endless":false,"potions_floor_spawned":[4,6,8,11,14,23,24,35],"killed_by":"Orb Walker","ascension_level":15}}