{"host":"qekv59dthhdg54sz","time":1611643818,"event":{"mods":["AchievementEnabler","BaseMod","Colored Map","DeckTracker","KOR Keyword Fix","Minty Spire (QoL Compilation)","Rare Cards Sparkle","StSLib","SuperFastMode"],"gold_per_floor":[117,117,117,117,140,178,148,192,192,192,34,47,47,35,35,35,35],"floor_reached":16,"language":"KOR","playtime":209,"items_purged":[],"score":206,"play_id":"91c27f77-8a06-4bae-b8e7-b11a8c24f06a","local_time":"20210126155018","is_ascension_mode":true,"campfire_choices":[{"data":"Shrug It Off","floor":10,"key":"SMITH"},{"data":"Limit Break","floor":13,"key":"SMITH"},{"data":"Feed","floor":15,"key":"SMITH"}],"circlet_count":0,"master_deck":["AscendersBane","Strike_R","Strike_R","Strike_R","Strike_R","Defend_R","Defend_R","Defend_R","Defend_R","Bash","Shrug It Off+1","Carnage","Feed+1","Limit Break+1","Power Through"],"relics":["Burning Blood","NeowsBlessing","Golden Idol","Strawberry","Pen Nib","Magic Flower","Bottled Lightning"],"acts_visited":["Exordium"],"potions_floor_usage":[16],"damage_taken":[{"damage":0,"enemies":"2 Louse","floor":1,"turns":1},{"damage":0,"enemies":"Small Slimes","floor":5,"turns":1},{"damage":0,"enemies":"3 Sentries","floor":6,"turns":2},{"damage":40,"enemies":"Lagavulin","floor":8,"turns":7},{"damage":0,"enemies":"Cultist","floor":12,"turns":3},{"damage":16,"enemies":"Exordium Thugs","floor":14,"turns":4},{"damage":38,"enemies":"Slime Boss","floor":16,"turns":4}],"seed_played":"-2740809569155343839","potions_obtained":[{"floor":7,"key":"LiquidBronze"},{"floor":7,"key":"Ancient Potion"},{"floor":8,"key":"ColorlessPotion"}],"is_trial":false,"path_per_floor":["M","?","?","?","M","E","?","E","T","R","$","M","R","M","R","B"],"character_chosen":"IRONCLAD","items_purchased":["Limit Break"],"campfire_rested":0,"item_purchase_floors":[11],"current_hp_per_floor":[78,58,51,55,61,67,67,33,33,33,33,42,42,40,40,2,2],"gold":35,"neow_bonus":"THREE_ENEMY_KILL","is_daily":false,"chose_seed":false,"campfire_upgraded":3,"win_rate":0.0,"timestamp":1611643818,"path_taken":["M","?","?","?","M","E","?","E","T","R","$","M","R","M","R","BOSS"],"items_purchased_type":["Card"],"build_version":"2020-12-22","purchased_purges":0,"victory":false,"max_hp_per_floor":[80,80,80,87,87,87,87,87,87,87,87,87,87,90,90,90,90],"card_choices":[{"not_picked":["Havoc","Anger","Body Slam"],"picked":"SKIP","floor":1},{"not_picked":["Clothesline","Twin Strike"],"picked":"Shrug It Off","floor":5},{"not_picked":["Intimidate","Armaments"],"picked":"Carnage","floor":6},{"not_picked":["Berserk","Warcry"],"picked":"Feed","floor":8},{"not_picked":["Heavy Blade","Sentinel","Shockwave"],"picked":"SKIP","floor":12},{"not_picked":["Entrench","Wild Strike"],"picked":"Power Through","floor":14}],"player_experience":843398,"relics_obtained":[{"floor":6,"key":"Pen Nib"},{"floor":8,"key":"Magic Flower"},{"floor":9,"key":"Bottled Lightning"}],"event_choices":[{"damage_healed":0,"gold_gain":0,"player_choice":"Take Damage","damage_taken":20,"relics_obtained":["Golden Idol"],"max_hp_gain":0,"max_hp_loss":0,"event_name":"Golden Idol","floor":2,"gold_loss":0},{"cards_removed":["Strike_R"],"damage_healed":0,"gold_gain":0,"player_choice":"Card Removal","damage_taken":7,"max_hp_gain":0,"max_hp_loss":0,"event_name":"Golden Wing","floor":3,"gold_loss":0},{"damage_healed":0,"gold_gain":0,"player_choice":"Success","damage_taken":3,"relics_obtained":["Strawberry"],"max_hp_gain":0,"max_hp_loss":0,"event_name":"Scrap Ooze","floor":4,"gold_loss":0},{"damage_healed":0,"gold_gain":0,"player_choice":"Bought 2 Potions","damage_taken":0,"max_hp_gain":0,"max_hp_loss":0,"event_name":"The Woman in Blue","floor":7,"gold_loss":0}],"is_beta":false,"boss_relics":[],"items_purged_floors":[],"is_endless":false,"potions_floor_spawned":[8],"killed_by":"Slime Boss","ascension_level":11}}