{"host":"86exz9sc3zcspcml","time":1611697710,"event":{"mods":["AchievementEnabler","BaseMod","Better Third Choice","Colored Map","Colored Powertips","Gold Saver","Minty Spire (QoL Compilation)","Quick Restart","Rare Cards Sparkle","Spire Birthday Party","StSLib"],"gold_per_floor":[472,472,120,140,5,33,33,60,60,60,60,16,49,69,69,174,174,188,188,203,37,49,49,64,64,64],"floor_reached":25,"language":"ENG","playtime":1069,"items_purged":[],"score":269,"play_id":"eef7ba28-a6c7-41a1-87c4-baa3657cf97a","local_time":"20210126154830","is_ascension_mode":false,"campfire_choices":[{"floor":10,"key":"RECALL"},{"floor":11,"key":"REST"},{"floor":15,"key":"REST"}],"circlet_count":0,"master_deck":["Strike_P","Strike_P","Strike_P","Strike_P","Defend_P","Defend_P","Defend_P","Defend_P","Eruption","Vigilance","Conclude+1","Consecrate","Flash of Steel","The Bomb","Protect","Burn","JustLucky","Flash of Steel","JustLucky","FlyingSleeves","Devotion","Consecrate+1","Madness","JustLucky","Conclude","Conclude+1","Prostrate","Prostrate"],"relics":["HolyWater","Membership Card","Orichalcum","InkBottle","Sundial","WingedGreaves","Bag of Marbles","Letter Opener","Bronze Scales","DollysMirror"],"acts_visited":["Exordium","TheCity"],"potions_floor_usage":[6,13,13,24],"damage_taken":[{"damage":7,"enemies":"Cultist","floor":1,"turns":3},{"damage":4,"enemies":"2 Louse","floor":4,"turns":3},{"damage":0,"enemies":"Gremlin Nob","floor":6,"turns":2},{"damage":36,"enemies":"3 Sentries","floor":8,"turns":3},{"damage":0,"enemies":"Gremlin Nob","floor":13,"turns":1},{"damage":10,"enemies":"Jaw Worm","floor":14,"turns":2},{"damage":48,"enemies":"Hexaghost","floor":16,"turns":10},{"damage":0,"enemies":"Chosen","floor":18,"turns":4},{"damage":38,"enemies":"Spheric Guardian","floor":20,"turns":4},{"damage":19,"enemies":"Centurion and Healer","floor":22,"turns":5},{"damage":9,"enemies":"Snake Plant","floor":24,"turns":4},{"damage":42,"enemies":"Shelled Parasite and Fungi","floor":25,"turns":3}],"seed_played":"1071974547793142996","potions_obtained":[{"floor":4,"key":"AttackPotion"},{"floor":6,"key":"FearPotion"},{"floor":8,"key":"DuplicationPotion"},{"floor":14,"key":"FairyPotion"},{"floor":22,"key":"Swift Potion"}],"is_trial":false,"path_per_floor":["M","?","$","M","$","E","?","E","T","R","R","$","E","M","R","B",null,"M","?","M","$","M","?","M","M"],"character_chosen":"WATCHER","items_purchased":["Membership Card","Orichalcum","InkBottle","Flash of Steel","The Bomb","Flash of Steel","Bronze Scales","Conclude","DollysMirror"],"campfire_rested":2,"item_purchase_floors":[3,3,3,5,5,12,21,21,21],"current_hp_per_floor":[65,65,65,61,61,61,61,25,25,25,46,46,46,36,57,9,72,72,60,22,22,3,3,21,0,0],"gold":64,"neow_bonus":"HUNDRED_GOLD","is_daily":false,"chose_seed":false,"campfire_upgraded":0,"win_rate":0.0,"timestamp":1611697710,"path_taken":["M","?","$","M","$","E","?","E","T","R","R","?","E","M","R","BOSS","M","?","?","$","M","?","M","M"],"items_purchased_type":["Relic","Relic","Relic","Card","Card","Card","Relic","Card","Relic"],"build_version":"2020-12-22","purchased_purges":0,"victory":false,"max_hp_per_floor":[72,72,72,72,72,72,72,72,72,72,72,72,72,72,72,72,72,72,72,72,72,72,72,72,72,72],"card_choices":[{"not_picked":["Crescendo","Consecrate"],"picked":"Conclude","floor":1},{"not_picked":["EmptyFist","Collect"],"picked":"Consecrate","floor":4},{"not_picked":["WheelKick","Wallop"],"picked":"Protect","floor":6},{"not_picked":["EmptyFist","FlyingSleeves"],"picked":"JustLucky","floor":8},{"not_picked":["FlyingSleeves","Collect"],"picked":"JustLucky","floor":13},{"not_picked":["TalkToTheHand","PathToVictory"],"picked":"FlyingSleeves","floor":14},{"not_picked":["Vault","Establishment"],"picked":"Devotion","floor":16},{"not_picked":["PathToVictory+1","Halt"],"picked":"Consecrate+1","floor":18},{"not_picked":["EmptyBody","InnerPeace"],"picked":"JustLucky","floor":20},{"not_picked":["EmptyFist","Protect"],"picked":"Prostrate","floor":22},{"not_picked":["SashWhip","WindmillStrike"],"picked":"Prostrate","floor":24}],"player_experience":96959,"relics_obtained":[{"floor":6,"key":"Sundial"},{"floor":8,"key":"WingedGreaves"},{"floor":9,"key":"Bag of Marbles"},{"floor":13,"key":"Letter Opener"}],"event_choices":[{"damage_healed":0,"gold_gain":0,"player_choice":"Grow","damage_taken":0,"max_hp_gain":0,"max_hp_loss":0,"event_name":"Living Wall","floor":2,"gold_loss":0,"cards_upgraded":["Conclude"]},{"damage_healed":61,"gold_gain":0,"player_choice":"Embrace Burn","damage_taken":0,"max_hp_gain":0,"max_hp_loss":72,"event_name":"betterThird:BetterShining","floor":7,"gold_loss":0},{"damage_healed":0,"gold_gain":0,"player_choice":"CARD ","damage_taken":12,"max_hp_gain":0,"max_hp_loss":0,"event_name":"Knowing Skull","floor":19,"potions_obtained":[],"gold_loss":0,"cards_obtained":["Madness"]},{"damage_healed":0,"gold_gain":0,"player_choice":"Ignored","damage_taken":0,"max_hp_gain":0,"max_hp_loss":0,"event_name":"Vampires","floor":23,"gold_loss":0}],"is_beta":false,"boss_relics":[{"not_picked":["Velvet Choker","Runic Dome"],"picked":"HolyWater"}],"items_purged_floors":[],"is_endless":false,"potions_floor_spawned":[4,6,8,14,22],"killed_by":"Shelled Parasite and Fungi","ascension_level":0}}