{"host":"6hyess0ebv7cxwmj","time":1611650381,"event":{"mods":["Act Like it!","BaseMod","Gensokyo","HololiveMod","Koishi","Marisa（F雨　魔理沙）","Minty Spire (QoL Compilation)","Quick Restart","Reimu（博丽灵梦）","Shop Mod","StSLib","The Animator","The Servant 0.9.4","篝火指南"],"gold_per_floor":[11400,11400,11417,10475,9591,9591,9617,9617,9643,9643,9643,9671,8804,8760,8760,8861,8861,8874,8974,7999,8017,7203,7203,7216,7246,7246,7281,7281,7295,7295,7305,6725,6825,6825,6840,6851,5871,5881,5080,5109,5459,5459,5459,4636,4074,4099,4109,4141,3580,3580],"floor_reached":51,"language":"ZHS","playtime":5158,"items_purged":["Eruption","Strike_P","Strike_P","Defend_P","Defend_P","Defend_P+1","FollowUp+1","ClearTheMind+1"],"score":1152,"play_id":"a7d9337b-252c-4dd8-bd7b-fdcb2f05ae1a","local_time":"20210126163941","is_ascension_mode":true,"campfire_choices":[{"data":"Tantrum","floor":6.0,"key":"SMITH"},{"data":"1","floor":15.0,"key":"LIFT"},{"data":"2","floor":23.0,"key":"LIFT"},{"data":"3","floor":28.0,"key":"LIFT"}],"circlet_count":0,"master_deck":["Vigilance+1","Tantrum+1","Vengeance+1","FlurryOfBlows+1","Impatience+1","EmptyMind+1","Madness+1","Madness+1","LessonLearned+1","JustLucky+1","Wallop+1","Sanctity+1","LikeWater+1","Ragnarok+1","Madness+1","Madness+1","WheelKick+1","InnerPeace+1","Scrawl+1","Finesse+1"],"relics":["PureWater","MerchantsRug","CrazyTorch:ReiMu","GoldenEye","OrangePellets","Omamori","Girya","Sling","Lantern","Juzu Bracelet","White Beast Statue","YidongShenshe:ReiMu","Lizard Tail","Ornamental Fan","Molten Egg 2","DollysMirror","Philosopher\u0027s Stone","Pocketwatch","Gambling Chip","Melange","PureWhite:ReiMu","Art of War","HandDrill","Torii","HornCleat","Meat on the Bone","Necronomicon","Oddly Smooth Stone","Bag of Preparation","SlaversCollar","TungstenRod","ClockworkSouvenir","Prayer Wheel","Blue Candle","Blood Vial","Toolbox","InkBottle","Old Coin","Peace Pipe","Turnip","StoneCalendar","Frozen Eye","Toxic Egg 2","Kunai","Centennial Puzzle","Singing Bowl","Bronze Scales","Shuriken"],"acts_visited":["Exordium","TheCity","TheBeyond"],"potions_floor_usage":[40,50,50],"damage_taken":[{"damage":6.0,"enemies":"Jaw Worm","floor":1.0,"turns":3.0},{"damage":0.0,"enemies":"Small Slimes","floor":3.0,"turns":2.0},{"damage":0.0,"enemies":"3 Sentries","floor":7.0,"turns":4.0},{"damage":0.0,"enemies":"Gremlin Nob","floor":12.0,"turns":1.0},{"damage":12.0,"enemies":"The Guardian","floor":16.0,"turns":5.0},{"damage":4.0,"enemies":"Shell Parasite","floor":18.0,"turns":3.0},{"damage":12.0,"enemies":"3 Byrds","floor":21.0,"turns":3.0},{"damage":0.0,"enemies":"Centurion and Healer","floor":24.0,"turns":2.0},{"damage":0.0,"enemies":"Slavers","floor":25.0,"turns":1.0},{"damage":0.0,"enemies":"Book of Stabbing","floor":27.0,"turns":2.0},{"damage":0.0,"enemies":"Shelled Parasite and Fungi","floor":29.0,"turns":2.0},{"damage":0.0,"enemies":"Snake Plant","floor":31.0,"turns":1.0},{"damage":0.0,"enemies":"Champ","floor":33.0,"turns":3.0},{"damage":0,"enemies":"3 Darklings","floor":35,"turns":2},{"damage":0,"enemies":"3 Shapes","floor":36,"turns":1},{"damage":0,"enemies":"Jaw Worm Horde","floor":38,"turns":1},{"damage":10,"enemies":"Giant Head","floor":40,"turns":2},{"damage":0,"enemies":"Mind Bloom Boss Battle","floor":41,"turns":1},{"damage":0,"enemies":"Reptomancer","floor":46,"turns":2},{"damage":2,"enemies":"4 Shapes","floor":47,"turns":1},{"damage":0,"enemies":"Giant Head","floor":48,"turns":1},{"damage":0,"enemies":"Donu and Deca","floor":50,"turns":2}],"seed_played":"-6370342334195131392","potions_obtained":[{"floor":1.0,"key":"LiquidMemories"},{"floor":12.0,"key":"FearPotion"},{"floor":16.0,"key":"Dexterity Potion"},{"floor":18.0,"key":"Strength Potion"},{"floor":40,"key":"AttackPotion"},{"floor":46,"key":"CultistPotion"}],"is_trial":false,"path_per_floor":["M","?","M","$","$","R","E","?","T","?","?","E","R","?","R","B",null,"M","?","$","M","$","R","M","E","T","E","R","M","?","M","R","B",null,"M","M","$","M","$","E","?","?","T","R","$","E","M","E","R","B",null],"character_chosen":"WATCHER","items_purchased":["MerchantsRug","CrazyTorch:ReiMu","GoldenEye","OrangePellets","Omamori","Girya","Sling","FlurryOfBlows","ClearTheMind","Impatience","Ornamental Fan","Molten Egg 2","Madness","DollysMirror","Pocketwatch","Gambling Chip","Melange","Wallop+1","PureWhite:ReiMu","Art of War","HandDrill","FollowUp+1","Oddly Smooth Stone","Bag of Preparation","LikeWater","TungstenRod","ClockworkSouvenir","Prayer Wheel","Blue Candle","Blood Vial","Toolbox","Turnip","StoneCalendar","Frozen Eye","WheelKick+1","Toxic Egg 2","Kunai","InnerPeace+1","Bronze Scales","Shuriken","Finesse+1","Regen Potion"],"campfire_rested":0,"item_purchase_floors":[4,4,4,4,5,5,5,5,5,5,13,13,13,13,20,20,20,20,22,22,22,22,32,32,32,37,37,37,39,39,39,44,44,44,44,45,45,45,49,49,49,49],"current_hp_per_floor":[59,46,46,46,46,46,46,39,39,36,36,36,36,36,36,24,65,61,61,61,49,49,49,49,49,49,49,49,49,33,33,33,33,65,65,65,65,65,65,55,57,50,50,50,50,52,52,54,54,56],"gold":3580,"neow_bonus":"TRANSFORM_TWO_CARDS","is_daily":false,"chose_seed":false,"campfire_upgraded":1,"win_rate":0.0,"timestamp":1611650381,"path_taken":["M","?","M","?","$","R","E","?","T","?","?","E","R","?","R","BOSS","M","?","$","M","?","R","M","E","T","E","R","M","?","M","R","BOSS","M","M","$","M","$","E","?","?","T","R","$","E","M","E","R","BOSS"],"items_purchased_type":["Relic","Relic","Relic","Relic","Relic","Relic","Relic","Card","Card","Card","Relic","Relic","Card","Relic","Relic","Relic","Relic","Card","Relic","Relic","Relic","Card","Relic","Relic","Card","Relic","Relic","Relic","Relic","Relic","Relic","Relic","Relic","Relic","Card","Relic","Relic","Card","Relic","Relic","Card","Potion"],"build_version":"2020-12-22","purchased_purges":8,"victory":true,"max_hp_per_floor":[65,65,65,65,65,65,65,65,65,65,65,65,65,65,65,65,65,65,65,65,65,65,65,65,65,65,65,65,65,65,65,65,65,65,65,65,65,65,65,65,65,65,65,65,65,65,65,65,65,65],"card_choices":[{"not_picked":["Nirvana","SignatureMove","FlyingSleeves"],"picked":"SKIP","floor":1.0},{"not_picked":["EmptyFist","SashWhip","BowlingBash"],"picked":"SKIP","floor":3.0},{"not_picked":["ClearTheMind","Prostrate","WindmillStrike"],"picked":"SKIP","floor":7.0},{"not_picked":["CrushJoints","WheelKick"],"picked":"EmptyMind","floor":12.0},{"not_picked":["MasterReality","Devotion"],"picked":"LessonLearned+1","floor":16.0},{"not_picked":["Vengeance+1","Evaluate"],"picked":"JustLucky+1","floor":18.0},{"not_picked":["ClearTheMind","FlyingSleeves+1","WaveOfTheHand+1"],"picked":"SKIP","floor":21.0},{"not_picked":["BowlingBash+1","EmptyBody","ThirdEye"],"picked":"SKIP","floor":24.0},{"not_picked":["Devotion","Consecrate+1","EmptyFist+1"],"picked":"SKIP","floor":25.0},{"not_picked":["BowlingBash+1","CrushJoints+1","Nirvana+1"],"picked":"SKIP","floor":27.0},{"not_picked":["Brilliance+1","EmptyFist+1"],"picked":"Sanctity","floor":29.0},{"not_picked":["ClearTheMind","FollowUp+1","SashWhip+1"],"picked":"SKIP","floor":31.0},{"not_picked":["Devotion","Judgement"],"picked":"Ragnarok+1","floor":33.0},{"not_picked":["EmptyBody+1","Swivel","Protect+1"],"picked":"SKIP","floor":35},{"not_picked":["FollowUp+1","Evaluate+1","Adaptation"],"picked":"SKIP","floor":36},{"not_picked":["JustLucky+1","Tantrum+1","FlurryOfBlows+1"],"picked":"SKIP","floor":38},{"not_picked":["ClearTheMind+1","FearNoEvil+1","Weave+1"],"picked":"SKIP","floor":38},{"not_picked":["FlurryOfBlows+1","Crescendo","CrushJoints+1"],"picked":"SKIP","floor":40},{"not_picked":["SashWhip+1","FollowUp+1","Halt+1"],"picked":"SKIP","floor":46},{"not_picked":["Blasphemy+1","FlurryOfBlows+1","EmptyBody+1"],"picked":"SKIP","floor":47},{"not_picked":["Study+1","Nirvana","ThirdEye+1"],"picked":"SKIP","floor":47},{"not_picked":["Prostrate+1","Consecrate+1"],"picked":"Scrawl+1","floor":48}],"player_experience":510067,"relics_obtained":[{"floor":7.0,"key":"Lantern"},{"floor":9.0,"key":"Juzu Bracelet"},{"floor":12.0,"key":"Lizard Tail"},{"floor":25.0,"key":"Torii"},{"floor":26.0,"key":"HornCleat"},{"floor":27.0,"key":"Meat on the Bone"},{"floor":30.0,"key":"Necronomicon"},{"floor":40,"key":"InkBottle"},{"floor":41,"key":"Old Coin"},{"floor":43,"key":"Peace Pipe"},{"floor":46,"key":"Centennial Puzzle"},{"floor":48,"key":"Singing Bowl"}],"event_choices":[{"damage_healed":0.0,"max_hp_gain":0.0,"max_hp_loss":0.0,"gold_gain":0.0,"event_name":"Shining Light","player_choice":"Entered Light","floor":2.0,"gold_loss":0.0,"damage_taken":13.0,"cards_upgraded":["Vengeance","Vigilance"]},{"cards_removed":["Strike_P"],"damage_healed":0.0,"max_hp_gain":0.0,"max_hp_loss":0.0,"gold_gain":0.0,"event_name":"Golden Wing","player_choice":"Card Removal","floor":8.0,"gold_loss":0.0,"damage_taken":7.0},{"damage_healed":0.0,"max_hp_gain":0.0,"max_hp_loss":0.0,"gold_gain":0.0,"event_name":"Scrap Ooze","player_choice":"Success","floor":10.0,"gold_loss":0.0,"damage_taken":3.0,"relics_obtained":["White Beast Statue"]},{"damage_healed":0.0,"max_hp_gain":0.0,"max_hp_loss":0.0,"gold_gain":0.0,"event_name":"yidonshenshe","player_choice":"带走神社","floor":11.0,"gold_loss":0.0,"damage_taken":0.0,"relics_obtained":["YidongShenshe:ReiMu"],"cards_obtained":["Poor:ReiMu"]},{"damage_healed":0.0,"max_hp_gain":0.0,"max_hp_loss":0.0,"gold_gain":0.0,"event_name":"World of Goop","player_choice":"Left Gold","floor":14.0,"gold_loss":44.0,"damage_taken":0.0},{"damage_healed":0.0,"max_hp_gain":0.0,"max_hp_loss":0.0,"gold_gain":100.0,"event_name":"Golden Shrine","player_choice":"Pray","floor":19.0,"gold_loss":0.0,"damage_taken":0.0},{"damage_healed":0.0,"max_hp_gain":0.0,"max_hp_loss":0.0,"gold_gain":0.0,"event_name":"Cursed Tome","player_choice":"Obtained Book","floor":30.0,"gold_loss":0.0,"damage_taken":16.0},{"damage_healed":0,"gold_gain":0,"player_choice":"Fight","damage_taken":0,"max_hp_gain":0,"max_hp_loss":0,"event_name":"MindBloom","floor":41,"gold_loss":0},{"damage_healed":0,"gold_gain":0,"player_choice":"Embrace Madness","damage_taken":8,"max_hp_gain":0,"max_hp_loss":0,"event_name":"Winding Halls","floor":42,"gold_loss":0,"cards_obtained":["Madness","Madness"]}],"is_beta":false,"boss_relics":[{"not_picked":["Hololive_ChaosS","Hololive_Finger"],"picked":"Philosopher\u0027s Stone"},{"not_picked":["VioletLotus","Sozu"],"picked":"SlaversCollar"}],"items_purged_floors":[4,5,13,20,22,32,37,39],"is_endless":false,"potions_floor_spawned":[1,12,16,18,21,24,25,27,29,31,33,35,36,38,40,41,46,47,48],"ascension_level":1}}