{"host":"dm4yvegl9um2tlqd","time":1611670197,"event":{"mods":["2.2 Compatiblity","AchievementEnabler","BaseMod","Colored Map","DeckTracker","Highlight Path","KOR Keyword Fix","Keyboard Shortcuts","Minty Spire (QoL Compilation)","Permanent Neow","Quick Restart","Random Character Button","StSLib","SuperFastMode","everything is the same but u backflip on backflip"],"gold_per_floor":[118,130,150,162,132,157,174,174,197,197,4,4,14,67,67,67,67],"floor_reached":16,"language":"KOR","playtime":569,"items_purged":[],"score":148,"play_id":"c86b6886-cde2-42cf-9602-ee1197421873","local_time":"20210126230957","is_ascension_mode":true,"campfire_choices":[{"floor":8.0,"key":"REST"},{"data":"Dagger Spray","floor":10.0,"key":"SMITH"},{"data":"Cloak And Dagger","floor":12.0,"key":"SMITH"},{"data":"Choke","floor":15.0,"key":"SMITH"}],"circlet_count":0,"master_deck":["Strike_G","Strike_G","Strike_G","Strike_G","Strike_G","Defend_G","Defend_G","Defend_G","Defend_G","Defend_G","Survivor","Neutralize","Wraith Form v2","Flying Knee","Choke+1","Dagger Spray+1","Quick Slash","PiercingWail","Die Die Die","Cloak And Dagger+1","Noxious Fumes"],"relics":["Ring of the Snake","Bottled Flame","Regal Pillow"],"acts_visited":["Exordium"],"potions_floor_usage":[16,16,16],"damage_taken":[{"damage":2.0,"enemies":"Cultist","floor":1.0,"turns":6.0},{"damage":3.0,"enemies":"Jaw Worm","floor":2.0,"turns":5.0},{"damage":2.0,"enemies":"2 Louse","floor":3.0,"turns":4.0},{"damage":17.0,"enemies":"Lots of Slimes","floor":4.0,"turns":5.0},{"damage":22.0,"enemies":"3 Sentries","floor":6.0,"turns":8.0},{"damage":7.0,"enemies":"Looter","floor":7.0,"turns":4.0},{"damage":0.0,"enemies":"2 Fungi Beasts","floor":13.0,"turns":2.0},{"damage":37,"enemies":"Slime Boss","floor":16,"turns":7}],"seed_played":"-4658212490726436771","potions_obtained":[{"floor":1.0,"key":"Weak Potion"},{"floor":2.0,"key":"Block Potion"},{"floor":5.0,"key":"FearPotion"}],"is_trial":false,"path_per_floor":["M","M","M","M","?","E","M","R","T","R","$","R","M","?","R","B"],"character_chosen":"THE_SILENT","items_purchased":["Die Die Die","Cloak And Dagger"],"campfire_rested":1,"item_purchase_floors":[11,11],"current_hp_per_floor":[61,58,56,39,39,17,10,31,31,31,31,31,31,31,31,0,0],"gold":67,"neow_bonus":"ONE_RANDOM_RARE_CARD","is_daily":false,"chose_seed":false,"campfire_upgraded":3,"win_rate":0.0,"timestamp":1611670197,"path_taken":["M","M","M","?","?","E","M","R","T","R","$","R","?","?","R","BOSS"],"items_purchased_type":["Card","Card"],"build_version":"2020-12-22","purchased_purges":0,"victory":false,"max_hp_per_floor":[70,70,70,70,70,70,70,70,70,70,70,70,70,70,70,70,70],"card_choices":[{"not_picked":["Bouncing Flask","Acrobatics"],"picked":"Flying Knee","floor":1.0},{"not_picked":["Noxious Fumes","Backflip"],"picked":"Choke","floor":2.0},{"not_picked":["Riddle With Holes","PiercingWail"],"picked":"Dagger Spray","floor":3.0},{"not_picked":["Footwork","Dagger Throw"],"picked":"Quick Slash","floor":4.0},{"not_picked":["Sucker Punch","Reflex","Predator"],"picked":"SKIP","floor":6.0},{"not_picked":["Finisher","Acrobatics"],"picked":"PiercingWail","floor":7.0},{"not_picked":["PiercingWail","Outmaneuver"],"picked":"Noxious Fumes","floor":13.0}],"player_experience":88299,"relics_obtained":[{"floor":6.0,"key":"Bottled Flame"},{"floor":9.0,"key":"Regal Pillow"}],"event_choices":[{"damage_healed":0.0,"max_hp_gain":0.0,"max_hp_loss":0.0,"gold_gain":0.0,"event_name":"The Woman in Blue","player_choice":"Bought 2 Potions","floor":5.0,"gold_loss":0.0,"damage_taken":0.0},{"damage_healed":0.0,"max_hp_gain":0.0,"max_hp_loss":0.0,"gold_gain":53.0,"event_name":"Golden Wing","player_choice":"Gained Gold","floor":14.0,"gold_loss":0.0,"damage_taken":0.0}],"is_beta":false,"boss_relics":[],"items_purged_floors":[],"is_endless":false,"potions_floor_spawned":[1,2],"killed_by":"Slime Boss","ascension_level":9}}