{"host":"yvsfsto0agm53yt2","time":1611636885,"event":{"mods":["AchievementEnabler","Aspiration","BaseMod","Bestiary","Ironclad Rager","Minty Spire (QoL Compilation)","Practice Mode","Rare Cards Sparkle","Relic Stats","Spicy Shops","Spire Arcade","StSLib","everything is the same but u backflip on backflip"],"gold_per_floor":[117,127,144,13,13,47,59,71,106,132,144,186,215,227,239,328,640,664,696,728,740,740],"floor_reached":21,"language":"ENG","playtime":1199,"items_purged":[],"score":315,"play_id":"27bb5576-b847-4f8e-85c3-5f5957c4c93b","local_time":"20210126145445","is_ascension_mode":true,"campfire_choices":[{"data":"Deadly Poison","floor":7.0,"key":"SMITH"},{"floor":11.0,"key":"REST"},{"floor":15,"key":"REST"}],"circlet_count":0,"master_deck":["AscendersBane","Survivor","Neutralize","ICR:VenomStrike","ICR:VenomStrike","ICR:VenomStrike+1","ICR:VenomStrike","ICR:VenomStrike","ICR:Dodge","ICR:Dodge","ICR:Dodge+1","ICR:Dodge","ICR:Dodge","Bane","Catalyst+1","Deadly Poison+1","Riddle With Holes","Leg Sweep","Malaise","CurseOfTheBell","Footwork","Envenom"],"relics":["Ring of the Snake","Medical Kit","MawBank","Strawberry","Mummified Hand","Calling Bell","Orichalcum","Ninja Scroll","Old Coin"],"acts_visited":["Exordium","TheCity"],"potions_floor_usage":[16,16],"damage_taken":[{"damage":0.0,"enemies":"Small Slimes","floor":1.0,"turns":4.0},{"damage":2.0,"enemies":"2 Louse","floor":2.0,"turns":3.0},{"damage":1.0,"enemies":"Cultist","floor":3.0,"turns":4.0},{"damage":20.0,"enemies":"Lagavulin","floor":6.0,"turns":7.0},{"damage":7.0,"enemies":"Lots of Slimes","floor":10.0,"turns":5.0},{"damage":42,"enemies":"3 Sentries","floor":12,"turns":11},{"damage":0,"enemies":"2 Fungi Beasts","floor":13,"turns":3},{"damage":1,"enemies":"Hexaghost","floor":16,"turns":10},{"damage":10,"enemies":"Spheric Guardian","floor":18,"turns":6},{"damage":16,"enemies":"Chosen","floor":19,"turns":5},{"damage":9,"enemies":"Snake Plant","floor":20,"turns":7},{"damage":44,"enemies":"3 Cultists","floor":21,"turns":5}],"seed_played":"267641482306869011","potions_obtained":[{"floor":2.0,"key":"SneckoOil"},{"floor":6.0,"key":"Strength Potion"},{"floor":12,"key":"SkillPotion"},{"floor":14,"key":"Poison Potion"},{"floor":16,"key":"Poison Potion"},{"floor":18,"key":"CultistPotion"},{"floor":20,"key":"LiquidBronze"}],"is_trial":false,"path_per_floor":["M","M","M","$","?","E","R","?","T","M","R","E","M","?","R","B",null,"M","M","M","M"],"character_chosen":"THE_SILENT","items_purchased":["Medical Kit","Deadly Poison"],"campfire_rested":2,"item_purchase_floors":[4,4],"current_hp_per_floor":[63,61,60,60,60,40,40,26,33,26,49,7,7,7,30,29,65,55,39,30,0,0],"gold":740,"neow_bonus":"SILENT_POISONER","is_daily":false,"chose_seed":false,"campfire_upgraded":1,"win_rate":0.0,"timestamp":1611636885,"path_taken":["M","M","M","$","?","E","R","?","T","M","R","E","M","?","R","BOSS","M","M","M","M"],"items_purchased_type":["Relic","Card"],"build_version":"2020-12-22","purchased_purges":0,"victory":false,"max_hp_per_floor":[70,70,70,70,70,70,70,70,77,77,77,77,77,77,77,77,77,77,77,77,77,77],"relic_stats":{"counters":[12,70],"Mummified Hand":[4],"Orichalcum":[54],"Medical Kit":[0],"MawBank":180,"obtain_stats":[{"Calling Bell":17,"Mummified Hand":12,"Ninja Scroll":17,"Strawberry":9,"Orichalcum":17,"Medical Kit":4,"MawBank":6,"Ring of the Snake":0,"Old Coin":17},{"Calling Bell":8,"Mummified Hand":6,"Ninja Scroll":8,"Strawberry":4,"Orichalcum":8,"Medical Kit":3,"MawBank":4,"Ring of the Snake":0,"Old Coin":8},{"Calling Bell":47,"Mummified Hand":34,"Ninja Scroll":47,"Strawberry":18,"Orichalcum":47,"Medical Kit":11,"MawBank":18,"Ring of the Snake":0,"Old Coin":47}],"Ring of the Snake":[24]},"card_choices":[{"not_picked":["Slice","Outmaneuver"],"picked":"Bane","floor":1.0},{"not_picked":["Cloak And Dagger","Blade Dance","Sucker Punch"],"picked":"SKIP","floor":2.0},{"not_picked":["Blur","Backflip"],"picked":"Catalyst","floor":3.0},{"not_picked":["Dagger Throw","Cloak And Dagger"],"picked":"Riddle With Holes","floor":6.0},{"not_picked":["Acrobatics","Skewer","Poisoned Stab"],"picked":"SKIP","floor":10.0},{"not_picked":["Expertise","Sucker Punch"],"picked":"Leg Sweep","floor":12},{"not_picked":["Phantasmal Killer","Quick Slash","Acrobatics"],"picked":"SKIP","floor":13},{"not_picked":["Die Die Die","Glass Knife"],"picked":"Malaise","floor":16},{"not_picked":["Underhanded Strike+1","Dagger Throw","Sucker Punch"],"picked":"SKIP","floor":18},{"not_picked":["Cloak And Dagger","Blur"],"picked":"Footwork","floor":19},{"not_picked":["Acrobatics+1","Flechettes+1"],"picked":"Envenom","floor":20}],"player_experience":278209,"relics_obtained":[{"floor":6.0,"key":"MawBank"},{"floor":9.0,"key":"Strawberry"},{"floor":12,"key":"Mummified Hand"},{"floor":17,"key":"Orichalcum"},{"floor":17,"key":"Ninja Scroll"},{"floor":17,"key":"Old Coin"}],"event_choices":[{"damage_healed":0.0,"max_hp_gain":0.0,"max_hp_loss":0.0,"gold_gain":0.0,"event_name":"Living Wall","player_choice":"Grow","floor":5.0,"gold_loss":0.0,"damage_taken":0.0,"cards_upgraded":["Catalyst"]},{"damage_healed":0.0,"max_hp_gain":0.0,"max_hp_loss":0.0,"gold_gain":0.0,"event_name":"Shining Light","player_choice":"Entered Light","floor":8.0,"gold_loss":0.0,"damage_taken":14.0,"cards_upgraded":["ICR:VenomStrike","ICR:Dodge"]},{"damage_healed":0,"gold_gain":0,"player_choice":"Got Potions","damage_taken":0,"max_hp_gain":0,"max_hp_loss":0,"event_name":"Lab","floor":14,"gold_loss":0}],"is_beta":false,"boss_relics":[{"not_picked":["aspiration:PoetsPen_weak","WristBlade"],"picked":"Calling Bell"}],"items_purged_floors":[],"is_endless":false,"potions_floor_spawned":[2,6,12,16,18,20],"killed_by":"3 Cultists","ascension_level":13}}