{"host":"0kk91h4bq4kgfj0u","time":1611628314,"event":{"mods":["BaseMod","Minty Spire (QoL Compilation)","StSLib"],"gold_per_floor":[110,110,124,399,25,37,37,56,56,56,89,109,57,85,85,189,189,202,202,202,202],"floor_reached":20,"language":"ENG","playtime":586,"items_purged":["Regret"],"score":255,"play_id":"8c73d240-a03c-4a32-b34a-9f0b6d5a83c6","local_time":"20210125213154","is_ascension_mode":true,"campfire_choices":[{"floor":15.0,"key":"REST"}],"circlet_count":0,"master_deck":["Strike_R+1","Strike_R","Strike_R","Strike_R","Strike_R","Defend_R","Defend_R","Defend_R","Defend_R","Bash+1","Inflame","Intimidate","Armaments+1","Iron Wave","Twin Strike","Searing Blow","Cleave","Pummel","Demon Form","Clothesline"],"relics":["Black Blood","Whetstone","Nunchaku","Omamori","Blue Candle","WingedGreaves"],"acts_visited":["Exordium","TheCity"],"potions_floor_usage":[],"damage_taken":[{"damage":7.0,"enemies":"2 Louse","floor":1.0,"turns":3.0},{"damage":7.0,"enemies":"Jaw Worm","floor":3.0,"turns":3.0},{"damage":1.0,"enemies":"Cultist","floor":6.0,"turns":3.0},{"damage":17.0,"enemies":"Exordium Wildlife","floor":8.0,"turns":7.0},{"damage":15.0,"enemies":"Gremlin Nob","floor":11.0,"turns":4.0},{"damage":6.0,"enemies":"Looter","floor":12.0,"turns":3.0},{"damage":32.0,"enemies":"3 Sentries","floor":14.0,"turns":7.0},{"damage":46.0,"enemies":"Slime Boss","floor":16.0,"turns":10.0},{"damage":54.0,"enemies":"Shell Parasite","floor":18.0,"turns":8.0},{"damage":33,"enemies":"Spheric Guardian","floor":20,"turns":5}],"seed_played":"155782747081094568","potions_obtained":[{"floor":1.0,"key":"SteroidPotion"},{"floor":6.0,"key":"Strength Potion"},{"floor":10.0,"key":"DuplicationPotion"},{"floor":10.0,"key":"SteroidPotion"},{"floor":16.0,"key":"Weak Potion"}],"is_trial":false,"path_per_floor":["M","?","M","?","$","M","?","M","T","?","E","M","$","E","R","B",null,"M","?","M"],"character_chosen":"IRONCLAD","items_purchased":["Nunchaku","Fruit Juice","Armaments","Cleave"],"campfire_rested":1,"item_purchase_floors":[5,5,5,13],"current_hp_per_floor":[71,76,75,75,80,85,85,74,74,74,65,65,65,39,66,26,74,32,32,0,0],"gold":202,"neow_bonus":"RANDOM_COMMON_RELIC","is_daily":false,"chose_seed":false,"campfire_upgraded":0,"win_rate":0.0,"timestamp":1611628314,"path_taken":["M","?","M","?","$","?","?","M","T","?","E","M","$","E","R","BOSS","M","?","M"],"items_purchased_type":["Relic","Potion","Card","Card"],"build_version":"2020-12-22","purchased_purges":1,"victory":false,"max_hp_per_floor":[80,85,85,85,90,90,90,90,90,90,90,90,90,90,90,90,90,90,90,90,90],"card_choices":[{"not_picked":["Hemokinesis","Rampage"],"picked":"Inflame","floor":1.0},{"not_picked":["True Grit","Warcry"],"picked":"Intimidate","floor":3.0},{"not_picked":["Dark Embrace","Offering"],"picked":"Iron Wave","floor":6.0},{"not_picked":["Havoc","Rupture"],"picked":"Twin Strike","floor":8.0},{"not_picked":["Fire Breathing","Perfected Strike"],"picked":"Searing Blow","floor":11.0},{"not_picked":["Iron Wave","Twin Strike","Havoc"],"picked":"SKIP","floor":12.0},{"not_picked":["Hemokinesis","Burning Pact"],"picked":"Pummel","floor":14.0},{"not_picked":["Corruption","Fiend Fire"],"picked":"Demon Form","floor":16.0},{"not_picked":["Headbutt+1","Blood for Blood+1"],"picked":"Clothesline","floor":18.0}],"player_experience":807779,"relics_obtained":[{"floor":9.0,"key":"Omamori"},{"floor":11.0,"key":"Blue Candle"},{"floor":14.0,"key":"WingedGreaves"}],"event_choices":[{"damage_healed":0.0,"max_hp_gain":5.0,"max_hp_loss":0.0,"gold_gain":0.0,"event_name":"Big Fish","player_choice":"Donut","floor":2.0,"gold_loss":0.0,"damage_taken":0.0},{"damage_healed":0.0,"max_hp_gain":0.0,"max_hp_loss":0.0,"gold_gain":275.0,"event_name":"Golden Shrine","player_choice":"Desecrate","floor":4.0,"gold_loss":0.0,"damage_taken":0.0,"cards_obtained":["Regret"]},{"damage_healed":0.0,"max_hp_gain":0.0,"max_hp_loss":0.0,"gold_gain":0.0,"event_name":"Living Wall","player_choice":"Grow","floor":7.0,"gold_loss":0.0,"damage_taken":0.0,"cards_upgraded":["Armaments"]},{"damage_healed":0.0,"max_hp_gain":0.0,"max_hp_loss":0.0,"gold_gain":0.0,"event_name":"Lab","player_choice":"Got Potions","floor":10.0,"gold_loss":0.0,"damage_taken":0.0},{"damage_healed":0.0,"max_hp_gain":0.0,"max_hp_loss":0.0,"gold_gain":0.0,"event_name":"Ghosts","player_choice":"Ignored","floor":19.0,"gold_loss":0.0,"damage_taken":0.0}],"is_beta":false,"boss_relics":[{"not_picked":["Runic Cube","Calling Bell"],"picked":"Black Blood"}],"items_purged_floors":[5],"is_endless":false,"potions_floor_spawned":[1,6,11,16],"killed_by":"Spheric Guardian","ascension_level":8}}