{"host":"oz0i1fpezyhy8r2h","time":1611660194,"event":{"mods":["ATMod(°¢èªMod)","Act Like it!","Arknights The Spire","BaseMod","KinomotoSakuraMod(Ä¾Ö®±¾Ó£)","Minty Spire (QoL Compilation)","StSLib","The Bug Knight","¡¾ÒÅÎï¿¨ÅÆ¡¿REMEMod"],"gold_per_floor":[113,132,132,147,166,166,166,196,250,264,111,131,306,323,323,424,424,441,103,118,133,144,178,190,190,190,209,236,253,264,264,264,363,363,378,398,398,411,467,499,523,537,537,0,31,31,78,124,136,247,259,291,303,390,402,414,426,469,500,512,585,628,640,123,137,137,244,294,306,320,245,254,47,78,109,126,154,1684,318,360,159,174,174,277,277,287,302,302,524,66,66,66,85,153,153,215,280,289,38,38,275,275,311,48,48,93,93],"floor_reached":106,"language":"ZHS","playtime":4329,"items_purged":["ClowCardTheThunder","ClowCardTheThrough"],"score":3012,"play_id":"830903fc-f45e-46e3-a42f-e284a161e897","local_time":"20210126192314","daily_mods":["Shiny","Vintage","Heirloom","Time Dilation","Flight"],"is_ascension_mode":false,"campfire_choices":[{"data":"ClowCardTheFight","floor":6.0,"key":"SMITH"},{"data":"ClowCardTheLight","floor":7.0,"key":"SMITH"},{"floor":15.0,"key":"DIG"},{"floor":25.0,"key":"REST"},{"floor":32.0,"key":"DIG"},{"floor":49.0,"key":"REST"},{"floor":57.0,"key":"DIG"},{"data":"ClowCardTheFly","floor":63.0,"key":"SMITH"},{"data":"SakuraCardTheTwin+","floor":66.0,"key":"PURGE"},{"floor":83.0,"key":"DIG"},{"data":"ClowCardTheMirror","floor":91.0,"key":"PURGE"},{"data":"SakuraCardTheEarthy+","floor":92.0,"key":"PURGE"},{"floor":95.0,"key":"DIG"},{"floor":100,"key":"DIG"}],"circlet_count":0,"master_deck":["ClowCardTheTime+1","ClowCardTheFight+1","ClowCardTheDash+1","ClowCardTheLight+1","ClowCardTheFly+1","ClowCardTheFlower+1","ClowCardTheFly+1","ClowCardTheFly+1","SakuraCardTheLove+","ClowCardTheTime+1","ClowCardTheBubbles+1"],"relics":["KSMOD_SealedBook","KSMOD_UltimateWand","AT_ATBox","REME_ComplimentaryCards","Shovel","REME_HourglassOfDeath","War Paint","Singing Bowl","Bottled Tornado","AT_DeathDance","AT_SeraphEmbrace","Dream Catcher","AT_RedTearstoneRing","Lee\u0027s Waffle","Omamori","KSMOD_RollerSkates","AT_GuinsooRageblade","HollowMod:PaleOreRelic","AT_TrinityForce","White Beast Statue","REME_CardOfGreed","Ancient Tea Set","Bottled Flame","KSMOD_MoonBell","Shuriken","Prayer Wheel","CeramicFish","StoneCalendar","Tiny Chest","KSMOD_TomoyosHeart","REME_LimitBreaker","Gremlin Horn","Pear","Pen Nib","Enchiridion","HollowMod:StagPassRelic","Runic Dome","AT_BellDemon","Bronze Scales","Regal Pillow","KSMOD_YukitosBentoBox","Calipers","Unceasing Top","Art of War","Nunchaku","AT_BellowingDragoncrestRing","Darkstone Periapt","AT_SunfireAegis","Red Mask","Sundial","Vajra","MawBank","Turnip","AT_ChloranthyRing","PreservedInsect","REME_LowDesire","MealTicket","Boot","Orichalcum","Strawberry","AT_EbonyIvory","The Courier","AT_RedNoBalance","Oddly Smooth Stone","AT_TimeSand","Smiling Mask","AT_RabadonDeathcap","Odd Mushroom","Juzu Bracelet","Peace Pipe","Orrery","Pantograph","HollowMod:QueensCombRelic","TungstenRod","Tiny House","AT_ForceNature","Potion Belt","Matryoshka","Blue Candle","AT_BladeRuinedKing","StrikeDummy","Gambling Chip","Lantern","KSMOD_SwordJade","AT_ImmortalShieldbow","KSMOD_TaoistSuit","Anchor","Frozen Egg 2","HandDrill","Bird Faced Urn","Mummified Hand","Bag of Marbles","KSMOD_TeddyBear","Letter Opener","Torii","Molten Egg 2","Toy Ornithopter","Centennial Puzzle","Bag of Preparation","Du-Vu Doll","Black Star","FossilizedHelix","Ornamental Fan","Mercury Hourglass","KSMOD_Compass","Frozen Eye","AT_SilvercatRing","AT_SpeedBoots","REME_ArchaeologicalTools","AT_LudenTempest","KSMOD_TouyasBicycle","Akabeko","Mango","Meat on the Bone","Toxic Egg 2","InkBottle","AT_TheCollector","Eternal Feather","AT_GoldPhoenixTree","Bottled Lightning","Whetstone","KSMOD_GemBrooch","AT_ArchangelStaff","AT_SilverBalance","Happy Flower","KSMOD_Yue","AT_MibuBalloonWealth"],"acts_visited":["Exordium","TheCity","TheBeyond","Exordium","TheCity","TheBeyond","Exordium"],"potions_floor_usage":[101],"damage_taken":[{"damage":0.0,"enemies":"Small Slimes","floor":1.0,"turns":2.0},{"damage":11.0,"enemies":"Jaw Worm","floor":2.0,"turns":3.0},{"damage":0.0,"enemies":"2 Louse","floor":4.0,"turns":1.0},{"damage":11.0,"enemies":"Exordium Wildlife","floor":5.0,"turns":2.0},{"damage":16.0,"enemies":"3 Sentries","floor":8.0,"turns":5.0},{"damage":7.0,"enemies":"Red Slaver","floor":10.0,"turns":4.0},{"damage":0.0,"enemies":"3 Louse","floor":12.0,"turns":1.0},{"damage":4.0,"enemies":"Exordium Thugs","floor":14.0,"turns":2.0},{"damage":38.0,"enemies":"Hexaghost","floor":16.0,"turns":6.0},{"damage":0.0,"enemies":"Chosen","floor":18.0,"turns":2.0},{"damage":0.0,"enemies":"Shell Parasite","floor":20.0,"turns":2.0},{"damage":0.0,"enemies":"Snecko","floor":21.0,"turns":3.0},{"damage":30.0,"enemies":"Snake Plant","floor":22.0,"turns":3.0},{"damage":53.0,"enemies":"Book of Stabbing","floor":23.0,"turns":5.0},{"damage":18.0,"enemies":"Centurion and Healer","floor":24.0,"turns":5.0},{"damage":0.0,"enemies":"Cultist and Chosen","floor":27.0,"turns":1.0},{"damage":35.0,"enemies":"REME_1_Revenger","floor":28.0,"turns":4.0},{"damage":0.0,"enemies":"3 Cultists","floor":29.0,"turns":2.0},{"damage":0.0,"enemies":"Chosen and Byrds","floor":30.0,"turns":2.0},{"damage":2.0,"enemies":"Collector","floor":33.0,"turns":3.0},{"damage":9.0,"enemies":"3 Shapes","floor":35.0,"turns":1.0},{"damage":0.0,"enemies":"Orb Walker","floor":36.0,"turns":1.0},{"damage":4.0,"enemies":"Writhing Mass","floor":38.0,"turns":2.0},{"damage":0.0,"enemies":"2 Orb Walkers","floor":39.0,"turns":2.0},{"damage":0.0,"enemies":"HollowMod:StalkingDevout","floor":40.0,"turns":2.0},{"damage":0.0,"enemies":"Spire Growth","floor":42.0,"turns":2.0},{"damage":0.0,"enemies":"Giant Head","floor":45.0,"turns":4.0},{"damage":69.0,"enemies":"Nemesis","floor":48.0,"turns":3.0},{"damage":0.0,"enemies":"Awakened One","floor":50.0,"turns":2.0},{"damage":0.0,"enemies":"Cultist","floor":52.0,"turns":1.0},{"damage":0.0,"enemies":"3 Sentries","floor":58.0,"turns":1.0},{"damage":0.0,"enemies":"Small Slimes","floor":59.0,"turns":1.0},{"damage":0.0,"enemies":"Lagavulin Event","floor":61.0,"turns":1.0},{"damage":0.0,"enemies":"The Mushroom Lair","floor":62.0,"turns":1.0},{"damage":0.0,"enemies":"Jaw Worm","floor":65.0,"turns":1.0},{"damage":0.0,"enemies":"Slime Boss","floor":67.0,"turns":1.0},{"damage":0.0,"enemies":"3 Byrds","floor":69.0,"turns":1.0},{"damage":0.0,"enemies":"Spheric Guardian","floor":70.0,"turns":1.0},{"damage":0.0,"enemies":"HollowMod:Nosk","floor":74.0,"turns":1.0},{"damage":0.0,"enemies":"Slavers","floor":75.0,"turns":1.0},{"damage":0.0,"enemies":"Chosen and Byrds","floor":76.0,"turns":1.0},{"damage":0.0,"enemies":"Book of Stabbing","floor":77.0,"turns":1.0},{"damage":0.0,"enemies":"Slavers","floor":80.0,"turns":1.0},{"damage":0.0,"enemies":"Cultist and Chosen","floor":82.0,"turns":1.0},{"damage":0.0,"enemies":"Collector","floor":84.0,"turns":1.0},{"damage":0.0,"enemies":"3 Shapes","floor":86.0,"turns":1.0},{"damage":0.0,"enemies":"3 Darklings","floor":87.0,"turns":1.0},{"damage":0.0,"enemies":"Spire Growth","floor":93.0,"turns":1.0},{"damage":0.0,"enemies":"Nemesis","floor":94.0,"turns":1.0},{"damage":0.0,"enemies":"Reptomancer","floor":96.0,"turns":1.0},{"damage":0.0,"enemies":"Giant Head","floor":97.0,"turns":1.0},{"damage":0,"enemies":"Time Eater","floor":101,"turns":1},{"damage":0,"enemies":"Small Slimes","floor":103,"turns":1},{"damage":0,"enemies":"Cultist","floor":106,"turns":1}],"seed_played":"-7090417225364689535","potions_obtained":[{"floor":1.0,"key":"Weak Potion"},{"floor":2.0,"key":"Swift Potion"},{"floor":8.0,"key":"FearPotion"},{"floor":16.0,"key":"SkillPotion"},{"floor":18.0,"key":"Explosive Potion"},{"floor":20.0,"key":"Strength Potion"},{"floor":21.0,"key":"SteroidPotion"},{"floor":22.0,"key":"Block Potion"},{"floor":33.0,"key":"Explosive Potion"},{"floor":36.0,"key":"REME_GoldPotion"},{"floor":38.0,"key":"LiquidMemories"},{"floor":48.0,"key":"FairyPotion"},{"floor":69.0,"key":"DistilledChaos"},{"floor":70.0,"key":"Fruit Juice"},{"floor":74.0,"key":"Strength Potion"},{"floor":75.0,"key":"Fruit Juice"},{"floor":76.0,"key":"Weak Potion"},{"floor":87.0,"key":"FairyPotion"},{"floor":96.0,"key":"Fruit Juice"},{"floor":97.0,"key":"Fruit Juice"},{"floor":101,"key":"Fruit Juice"},{"floor":103,"key":"DistilledChaos"}],"is_trial":true,"path_per_floor":["M","M","?","M","M","R","R","E","T","M","$","M","?","M","R","B",null,"M","$","M","M","M","E","M","R","T","M","E","M","M","?","R","B",null,"M","M","?","M","?","E","T","M","T","?","E","$","T","E","R","B",null,"M","$","?","?","?","R","E","M","T","?","?","R","$","M","R","B",null,"M","M","?","?","$","E","E","M","E","?","$","E","$","M","R","B",null,"M","M","?","?","$","R","R","M","E","R","E","E","?","$","R","B",null,"M","$","?","M"],"character_chosen":"KINOMOTOSAKURA","items_purchased":["Lee\u0027s Waffle","ClowCardTheMirror","REME_CardOfGreed","Ancient Tea Set","ClowCardTheFlower","ClowCardTheFly","ClowCardTheFly","Peace Pipe","Orrery","Blue Candle","Anchor","Frozen Egg 2","HandDrill","Bird Faced Urn","Mummified Hand","Bag of Marbles","KSMOD_TeddyBear","Letter Opener","Molten Egg 2","Frozen Eye","AT_SilvercatRing","AT_SpeedBoots","AT_TheCollector","KSMOD_GemBrooch","AT_ArchangelStaff","ClowCardTheBubbles+1"],"campfire_rested":2,"item_purchase_floors":[11,19,19,19,64,64,64,64,64,73,79,79,79,79,79,79,79,79,81,90,90,90,99,104,104,104],"current_hp_per_floor":[70,59,41,41,30,30,30,16,16,16,79,79,79,75,75,63,79,79,79,79,79,79,47,30,56,56,56,24,35,36,20,20,21,97,88,90,92,90,94,99,99,101,101,101,103,103,103,40,88,90,109,116,116,109,114,110,110,112,112,112,64,64,64,87,87,87,88,95,95,100,100,100,100,102,109,109,111,11,26,36,51,60,60,98,113,113,113,115,115,119,119,119,119,135,135,142,149,149,149,149,154,154,154,154,154,154,154],"gold":93,"neow_bonus":"","is_daily":false,"chose_seed":false,"campfire_upgraded":3,"win_rate":0.0,"timestamp":1611660194,"path_taken":["M","M","?","M","M","R","R","E","T","M","$","M","?","M","R","BOSS","M","$","M","M","M","E","M","R","T","M","E","M","M","?","R","BOSS","M","M","?","M","?","E","?","?","T","?","E","?","?","E","R","BOSS","M","$","?","?","?","R","?","?","T","?","?","R","$","M","R","BOSS","M","M","?","?","?","E","E","M","E","?","$","E","$","M","R","BOSS","M","M","?","?","$","R","R","M","E","R","E","E","?","$","R","BOSS","M","$","?","M"],"items_purchased_type":["Relic","Card","Relic","Relic","Card","Card","Card","Relic","Relic","Relic","Relic","Relic","Relic","Relic","Relic","Relic","Relic","Relic","Relic","Relic","Relic","Relic","Relic","Relic","Relic","Card"],"build_version":"2020-12-22","purchased_purges":2,"victory":false,"max_hp_per_floor":[70,70,70,70,70,70,70,72,72,72,79,79,79,79,79,79,79,79,79,79,79,79,81,81,83,83,83,85,95,95,95,95,97,97,97,97,99,99,99,101,101,101,101,101,103,103,103,105,107,109,109,116,116,116,121,121,121,123,123,123,125,125,125,133,88,88,88,95,95,100,100,100,100,102,109,109,111,111,111,111,111,111,111,113,113,113,113,119,119,119,119,119,119,135,135,142,149,149,149,149,154,154,154,154,154,154,154],"card_choices":[{"not_picked":["ClowCardTheWatery","ClowCardTheTwin","ClowCardTheStorm"],"picked":"Singing Bowl","floor":8.0},{"not_picked":["ClowCardTheLight","ClowCardTheTime"],"picked":"ClowCardTheCreate","floor":16.0},{"not_picked":["ClowCardTheWatery","ClowCardTheFloat","ClowCardTheRain"],"picked":"Singing Bowl","floor":23.0},{"not_picked":["ClowCardTheSilent","ClowCardTheWatery","ClowCardTheMist"],"picked":"Singing Bowl","floor":25.0},{"not_picked":["ClowCardTheLoop","ClowCardTheSnow+1","ClowCardTheIllusion"],"picked":"Singing Bowl","floor":28.0},{"not_picked":["ClowCardTheThrough","ClowCardTheFight","ClowCardTheLight"],"picked":"Singing Bowl","floor":33.0},{"not_picked":["Impatience","Dramatic Entrance","Finesse"],"picked":"Singing Bowl","floor":37.0},{"not_picked":["ClowCardTheShadow","ClowCardTheSleep"],"picked":"ClowCardTheEarthy","floor":39.0},{"not_picked":["ClowCardTheDream","ClowCardTheRain+1","ClowCardTheBubbles"],"picked":"Singing Bowl","floor":40.0},{"not_picked":["ClowCardThePower","ClowCardTheWatery+1","ClowCardTheDark"],"picked":"Singing Bowl","floor":45.0},{"not_picked":["ClowCardTheFloat+1","ClowCardTheCloud","ClowCardTheWatery"],"picked":"Singing Bowl","floor":48.0},{"not_picked":["ClowCardTheLittle","ClowCardTheJump+1","ClowCardTheSilent+1"],"picked":"Singing Bowl","floor":49.0},{"not_picked":["ClowCardTheTime","ClowCardTheTwin","ClowCardTheThrough"],"picked":"Singing Bowl","floor":50.0},{"not_picked":["ClowCardTheMirror","ClowCardTheJump","ClowCardTheTime","Violence"],"picked":"Singing Bowl","floor":58.0},{"not_picked":["ClowCardTheSilent","ClowCardTheArrow","ClowCardTheGlow","AT_FalsePromise"],"picked":"Singing Bowl","floor":61.0},{"not_picked":["ClowCardTheSong","ClowCardTheFloat","Discovery"],"picked":"ClowCardTheFly","floor":62.0},{"not_picked":["ClowCardTheSand","ClowCardTheDark","ClowCardTheSleep","Mayhem"],"picked":"Singing Bowl","floor":64.0},{"not_picked":["ClowCardTheSong","ClowCardTheLock","ClowCardThePower","Panacea"],"picked":"Singing Bowl","floor":64.0},{"not_picked":["ClowCardTheSand","ClowCardTheShot","ClowCardTheRain","Blind"],"picked":"Singing Bowl","floor":64.0},{"not_picked":["ClowCardTheWatery","ClowCardTheSweet","ClowCardTheMirror","AT_FamilyPortrait"],"picked":"Singing Bowl","floor":64.0},{"not_picked":["ClowCardTheSong","ClowCardTheVoice","REME_TheoryOfElimination"],"picked":"ClowCardTheFly","floor":64.0},{"not_picked":["ClowCardTheLight","ClowCardTheFight","REME_FirmDetermination"],"picked":"ClowCardTheCreate","floor":67.0},{"not_picked":["ClowCardTheShot","ClowCardTheErase","ClowCardTheIllusion","Master of Strategy"],"picked":"Singing Bowl","floor":68.0},{"not_picked":["ClowCardTheLight","ClowCardTheChange","ClowCardTheMirror","REME_BuildACard"],"picked":"Singing Bowl","floor":74.0},{"not_picked":["ClowCardTheSand","ClowCardTheIllusion","ClowCardTheWave","REME_TheoryOfElimination+1"],"picked":"Singing Bowl","floor":75.0},{"not_picked":["ClowCardTheShot","ClowCardTheFight","ClowCardTheBubbles","Metamorphosis"],"picked":"Singing Bowl","floor":77.0},{"not_picked":["ClowCardTheLittle+1","ClowCardTheFight","Apotheosis"],"picked":"ClowCardTheCreate","floor":80.0},{"not_picked":["ClowCardTheThrough+1","ClowCardTheTime","ClowCardTheThunder+1","Swift Strike+1"],"picked":"Singing Bowl","floor":84.0},{"not_picked":["Enlightenment","HandOfGreed+1","AT_PowerWithin+1"],"picked":"Singing Bowl","floor":88.0},{"not_picked":["AT_BreakingExtremeWeapon+1","Trip","Finesse"],"picked":"Singing Bowl","floor":88.0},{"not_picked":["Bandage Up","Purity","Panache+1"],"picked":"Singing Bowl","floor":88.0},{"not_picked":["ClowCardTheLittle+1","ClowCardTheMove+1","ClowCardTheThrough+1","REME_ProfessionalPlagiarism"],"picked":"Singing Bowl","floor":94.0},{"not_picked":["ClowCardTheShot+1","ClowCardTheTwin+1","ClowCardTheCloud+1","AT_FalsePromise+1"],"picked":"Singing Bowl","floor":96.0},{"not_picked":["ClowCardTheSweet+1","ClowCardTheRain+1","ClowCardTheDream+1","Purity+1"],"picked":"Singing Bowl","floor":97.0},{"not_picked":["ClowCardTheTime+1","ClowCardTheTwin+1","AT_BreakingExtremeWeapon+1"],"picked":"ClowCardTheCreate","floor":101}],"player_experience":84499,"relics_obtained":[{"floor":1.0,"key":"REME_HourglassOfDeath"},{"floor":2.0,"key":"War Paint"},{"floor":4.0,"key":"Bottled Tornado"},{"floor":5.0,"key":"AT_DeathDance"},{"floor":8.0,"key":"AT_ArchangelStaff"},{"floor":9.0,"key":"Dream Catcher"},{"floor":10.0,"key":"AT_RedTearstoneRing"},{"floor":12.0,"key":"Omamori"},{"floor":14.0,"key":"KSMOD_Cerberus"},{"floor":14.0,"key":"KSMOD_RollerSkates"},{"floor":14.0,"key":"AT_GuinsooRageblade"},{"floor":15.0,"key":"HollowMod:PaleOreRelic"},{"floor":18.0,"key":"White Beast Statue"},{"floor":20.0,"key":"Bottled Flame"},{"floor":21.0,"key":"KSMOD_MoonBell"},{"floor":22.0,"key":"Shuriken"},{"floor":23.0,"key":"Prayer Wheel"},{"floor":24.0,"key":"CeramicFish"},{"floor":26.0,"key":"StoneCalendar"},{"floor":27.0,"key":"Tiny Chest"},{"floor":27.0,"key":"KSMOD_TomoyosHeart"},{"floor":27.0,"key":"REME_LimitBreaker"},{"floor":28.0,"key":"Gremlin Horn"},{"floor":29.0,"key":"Pear"},{"floor":30.0,"key":"Pen Nib"},{"floor":31.0,"key":"Enchiridion"},{"floor":32.0,"key":"HollowMod:StagPassRelic"},{"floor":35.0,"key":"AT_BellDemon"},{"floor":36.0,"key":"Bronze Scales"},{"floor":36.0,"key":"Regal Pillow"},{"floor":38.0,"key":"KSMOD_YukitosBentoBox"},{"floor":39.0,"key":"Calipers"},{"floor":40.0,"key":"Unceasing Top"},{"floor":40.0,"key":"Art of War"},{"floor":41.0,"key":"Nunchaku"},{"floor":42.0,"key":"AT_BellowingDragoncrestRing"},{"floor":42.0,"key":"Darkstone Periapt"},{"floor":43.0,"key":"AT_SunfireAegis"},{"floor":45.0,"key":"Sundial"},{"floor":45.0,"key":"Vajra"},{"floor":47.0,"key":"MawBank"},{"floor":48.0,"key":"Turnip"},{"floor":48.0,"key":"AT_ChloranthyRing"},{"floor":50.0,"key":"PreservedInsect"},{"floor":51.0,"key":"MealTicket"},{"floor":51.0,"key":"Boot"},{"floor":52.0,"key":"Orichalcum"},{"floor":52.0,"key":"Strawberry"},{"floor":57.0,"key":"AT_EbonyIvory"},{"floor":58.0,"key":"The Courier"},{"floor":59.0,"key":"AT_SilverBalance"},{"floor":59.0,"key":"Oddly Smooth Stone"},{"floor":60.0,"key":"AT_TimeSand"},{"floor":61.0,"key":"Smiling Mask"},{"floor":61.0,"key":"AT_RabadonDeathcap"},{"floor":62.0,"key":"Odd Mushroom"},{"floor":62.0,"key":"Juzu Bracelet"},{"floor":65.0,"key":"Pantograph"},{"floor":65.0,"key":"HollowMod:QueensCombRelic"},{"floor":67.0,"key":"TungstenRod"},{"floor":69.0,"key":"AT_ForceNature"},{"floor":69.0,"key":"Potion Belt"},{"floor":70.0,"key":"KSMOD_Yue"},{"floor":70.0,"key":"Matryoshka"},{"floor":74.0,"key":"AT_BladeRuinedKing"},{"floor":75.0,"key":"StrikeDummy"},{"floor":76.0,"key":"Gambling Chip"},{"floor":76.0,"key":"Lantern"},{"floor":77.0,"key":"KSMOD_SwordJade"},{"floor":77.0,"key":"AT_ImmortalShieldbow"},{"floor":77.0,"key":"KSMOD_TaoistSuit"},{"floor":80.0,"key":"Torii"},{"floor":82.0,"key":"Toy Ornithopter"},{"floor":82.0,"key":"Centennial Puzzle"},{"floor":83.0,"key":"Bag of Preparation"},{"floor":84.0,"key":"Du-Vu Doll"},{"floor":86.0,"key":"FossilizedHelix"},{"floor":86.0,"key":"Ornamental Fan"},{"floor":87.0,"key":"Mercury Hourglass"},{"floor":87.0,"key":"KSMOD_Compass"},{"floor":93.0,"key":"REME_ArchaeologicalTools"},{"floor":93.0,"key":"AT_LudenTempest"},{"floor":93.0,"key":"KSMOD_TouyasBicycle"},{"floor":93.0,"key":"Akabeko"},{"floor":94.0,"key":"Mango"},{"floor":95.0,"key":"Meat on the Bone"},{"floor":96.0,"key":"Toxic Egg 2"},{"floor":97.0,"key":"InkBottle"},{"floor":100,"key":"Eternal Feather"},{"floor":101,"key":"AT_GoldPhoenixTree"},{"floor":103,"key":"Bottled Lightning"},{"floor":103,"key":"Whetstone"},{"floor":106,"key":"AT_SilverBalance"},{"floor":106,"key":"Happy Flower"},{"floor":106,"key":"KSMOD_Yue"},{"floor":106,"key":"AT_MibuBalloonWealth"}],"event_choices":[{"damage_healed":0.0,"max_hp_gain":0.0,"max_hp_loss":0.0,"gold_gain":0.0,"event_name":"Scrap Ooze","player_choice":"Success","floor":3.0,"gold_loss":0.0,"damage_taken":18.0,"relics_obtained":["Singing Bowl"]},{"damage_healed":0.0,"max_hp_gain":0.0,"max_hp_loss":0.0,"gold_gain":175.0,"event_name":"Liars Game","player_choice":"AGREE","floor":13.0,"gold_loss":0.0,"damage_taken":0.0,"cards_obtained":["Doubt"]},{"damage_healed":0.0,"max_hp_gain":0.0,"max_hp_loss":0.0,"gold_gain":0.0,"event_name":"Cursed Tome","player_choice":"Obtained Book","floor":31.0,"gold_loss":0.0,"damage_taken":16.0},{"damage_healed":0.0,"max_hp_gain":0.0,"max_hp_loss":0.0,"gold_gain":0.0,"event_name":"SensoryStone","player_choice":"Memory 1","floor":37.0,"gold_loss":0.0,"damage_taken":0.0},{"damage_healed":0.0,"max_hp_gain":0.0,"max_hp_loss":0.0,"gold_gain":0.0,"event_name":"Mysterious Sphere","player_choice":"Fight","floor":39.0,"gold_loss":0.0,"damage_taken":0.0},{"damage_healed":0.0,"max_hp_gain":0.0,"max_hp_loss":0.0,"gold_gain":0.0,"event_name":"Tomb of Lord Red Mask","player_choice":"Paid","floor":44.0,"gold_loss":537.0,"damage_taken":0.0,"relics_obtained":["Red Mask"]},{"damage_healed":0.0,"max_hp_gain":0.0,"max_hp_loss":0.0,"gold_gain":75.0,"event_name":"World of Goop","player_choice":"Gather Gold","floor":54.0,"gold_loss":0.0,"damage_taken":11.0},{"damage_healed":0.0,"max_hp_gain":5.0,"max_hp_loss":0.0,"gold_gain":0.0,"event_name":"Big Fish","player_choice":"Donut","floor":55.0,"gold_loss":0.0,"damage_taken":0.0},{"cards_removed":["ClowCardTheDark"],"damage_healed":0.0,"max_hp_gain":0.0,"max_hp_loss":0.0,"gold_gain":0.0,"event_name":"Golden Wing","player_choice":"Card Removal","floor":56.0,"gold_loss":0.0,"damage_taken":7.0},{"damage_healed":0.0,"max_hp_gain":0.0,"max_hp_loss":0.0,"gold_gain":0.0,"event_name":"Dead Adventurer","player_choice":"Searched \u00271\u0027 times","floor":61.0,"gold_loss":0.0,"damage_taken":0.0},{"damage_healed":0.0,"max_hp_gain":0.0,"max_hp_loss":0.0,"gold_gain":0.0,"event_name":"Mushrooms","player_choice":"Fought Mushrooms","floor":62.0,"gold_loss":0.0,"damage_taken":0.0},{"cards_removed":["ClowCardTheReturn"],"damage_healed":0.0,"max_hp_gain":0.0,"max_hp_loss":0.0,"gold_gain":0.0,"event_name":"Beggar","player_choice":"Gave Gold","floor":71.0,"gold_loss":75.0,"damage_taken":0.0},{"damage_healed":0.0,"max_hp_gain":0.0,"max_hp_loss":0.0,"gold_gain":1530.0,"event_name":"Knowing Skull","player_choice":"GOLD GOLD GOLD GOLD GOLD GOLD GOLD GOLD GOLD GOLD GOLD GOLD GOLD GOLD GOLD GOLD GOLD ","floor":78.0,"potions_obtained":[],"gold_loss":0.0,"damage_taken":244.0,"cards_obtained":[]},{"damage_healed":0.0,"max_hp_gain":0.0,"max_hp_loss":0.0,"gold_gain":0.0,"event_name":"SensoryStone","player_choice":"Memory 3","floor":88.0,"gold_loss":0.0,"damage_taken":10.0},{"damage_healed":0.0,"max_hp_gain":0.0,"max_hp_loss":0.0,"gold_gain":222.0,"event_name":"Tomb of Lord Red Mask","player_choice":"Wore Mask","floor":89.0,"gold_loss":0.0,"damage_taken":0.0},{"damage_healed":0.0,"max_hp_gain":0.0,"max_hp_loss":0.0,"gold_gain":0.0,"event_name":"Duplicator","player_choice":"Copied","floor":98.0,"gold_loss":0.0,"damage_taken":0.0,"cards_obtained":["ClowCardTheTime"]},{"cards_removed":["ClowCardTheFly"],"damage_healed":0,"gold_gain":0,"player_choice":"Forget","damage_taken":0,"max_hp_gain":0,"max_hp_loss":0,"event_name":"Living Wall","floor":105,"gold_loss":0}],"is_beta":false,"boss_relics":[{"not_picked":["Fusion Hammer","Runic Pyramid"],"picked":"AT_TrinityForce"},{"not_picked":["AT_MortalBlade","Velvet Choker"],"picked":"Runic Dome"},{"not_picked":["Empty Cage","SlaversCollar"],"picked":"REME_LowDesire"},{"not_picked":["SlaversCollar","REME_DemonsWealth"],"picked":"Tiny House"},{"not_picked":["Calling Bell","Astrolabe"],"picked":"Black Star"},{"not_picked":["REME_ChargedStone","Runic Pyramid"],"picked":"KSMOD_StarWand"}],"items_purged_floors":[64,79],"is_endless":true,"potions_floor_spawned":[1,2,8,16,18,20,21,22,23,24,27,28,29,30,33,35,36,38,39,40,42,45,48,50,52,58,59,61,62,65,67,69,70,74,75,76,77,80,82,84,86,87,93,94,96,97,101,103,106],"killed_by":"Cultist","ascension_level":0}}