{"host":"kpyoctgc7jne3jiy","time":1611657233,"event":{"mods":["AchievementEnabler","BaseMod","Minty Spire (QoL Compilation)","Relic Stats"],"gold_per_floor":[111,126,142,142,162,187,203,235,281,281,300,334,334,314,314,417,417,458,25,75,117,162,194,238,266,340,340,50,50,50,75,75,195,195,215,235,235,278,296,353,353,415,415,456,456,492,149,193,193,193,193,193,38,72,72],"floor_reached":56,"language":"ENG","playtime":3925,"items_purged":["Strike_P","Strike_P","Strike_P"],"score":1801,"play_id":"503c8974-6631-4b8a-8865-f7d5fa69136a","local_time":"20210126113353","is_ascension_mode":true,"campfire_choices":[{"floor":10.0,"key":"REST"},{"data":"Wallop","floor":13.0,"key":"SMITH"},{"floor":15.0,"key":"REST"},{"floor":27.0,"key":"REST"},{"floor":30.0,"key":"REST"},{"floor":32.0,"key":"REST"},{"floor":41.0,"key":"RECALL"},{"data":"Ghostly","floor":45.0,"key":"SMITH"},{"data":"Ghostly","floor":49,"key":"SMITH"},{"data":"Ghostly","floor":52,"key":"SMITH"}],"circlet_count":0,"master_deck":["Strike_P","Defend_P","Defend_P","Defend_P","Defend_P","Eruption","Vigilance","ThirdEye","SashWhip","DevaForm","Tantrum","Consecrate","Prostrate","Protect","WheelKick","WaveOfTheHand","Wallop+1","Wish","Adaptation","Apotheosis","Wallop+1","SpiritShield","Meditate","CutThroughFate+1","SandsOfTime+1","TalkToTheHand+1","Ghostly+1","Ghostly+1","Ghostly+1","Ghostly","Ghostly","Conclude","Scrawl","EmptyBody+1","WheelKick+1","FlurryOfBlows+1","LikeWater+1","ReachHeaven+1","MentalFortress+1","CutThroughFate+1"],"relics":["Snecko Eye","Ancient Tea Set","Boot","Centennial Puzzle","Matryoshka","Black Star","Strawberry","Juzu Bracelet","Unceasing Top","Happy Flower","Singing Bowl","Potion Belt","Sundial","Vajra","Lantern","Meat on the Bone","SlaversCollar","MealTicket","Molten Egg 2","Frozen Egg 2","Prayer Wheel","Pantograph","Sling","Whetstone","Pen Nib"],"acts_visited":["Exordium","TheCity","TheBeyond","TheEnding"],"potions_floor_usage":[50,55,55],"damage_taken":[{"damage":0.0,"enemies":"Small Slimes","floor":1.0,"turns":2.0},{"damage":0.0,"enemies":"Cultist","floor":2.0,"turns":3.0},{"damage":0.0,"enemies":"2 Louse","floor":3.0,"turns":3.0},{"damage":0.0,"enemies":"Gremlin Gang","floor":5.0,"turns":2.0},{"damage":34.0,"enemies":"3 Sentries","floor":6.0,"turns":7.0},{"damage":5.0,"enemies":"Red Slaver","floor":7.0,"turns":3.0},{"damage":2.0,"enemies":"Lagavulin","floor":8.0,"turns":6.0},{"damage":21.0,"enemies":"3 Louse","floor":11.0,"turns":3.0},{"damage":17.0,"enemies":"3 Sentries","floor":12.0,"turns":10.0},{"damage":0.0,"enemies":"Slime Boss","floor":16.0,"turns":4.0},{"damage":22.0,"enemies":"2 Thieves","floor":18.0,"turns":3.0},{"damage":0.0,"enemies":"Chosen","floor":20.0,"turns":4.0},{"damage":0.0,"enemies":"Snecko","floor":21.0,"turns":3.0},{"damage":6.0,"enemies":"Shelled Parasite and Fungi","floor":22.0,"turns":3.0},{"damage":29.0,"enemies":"Gremlin Leader","floor":23.0,"turns":5.0},{"damage":1.0,"enemies":"Sentry and Sphere","floor":24.0,"turns":4.0},{"damage":28.0,"enemies":"Slavers","floor":25.0,"turns":7.0},{"damage":14.0,"enemies":"Book of Stabbing","floor":31.0,"turns":6.0},{"damage":0.0,"enemies":"Champ","floor":33.0,"turns":7.0},{"damage":0.0,"enemies":"3 Shapes","floor":35.0,"turns":8.0},{"damage":0.0,"enemies":"Orb Walker","floor":36.0,"turns":2.0},{"damage":0.0,"enemies":"Writhing Mass","floor":38.0,"turns":5.0},{"damage":2.0,"enemies":"Spire Growth","floor":39.0,"turns":5.0},{"damage":0.0,"enemies":"Reptomancer","floor":40.0,"turns":5.0},{"damage":0.0,"enemies":"Giant Head","floor":42.0,"turns":6.0},{"damage":0.0,"enemies":"Transient","floor":44.0,"turns":5.0},{"damage":1.0,"enemies":"4 Shapes","floor":46.0,"turns":7.0},{"damage":1,"enemies":"Writhing Mass","floor":48,"turns":6},{"damage":12,"enemies":"Awakened One","floor":50,"turns":10},{"damage":0,"enemies":"Shield and Spear","floor":54,"turns":5},{"damage":7,"enemies":"The Heart","floor":55,"turns":11}],"seed_played":"8726147171595092292","potions_obtained":[{"floor":1.0,"key":"Explosive Potion"},{"floor":5.0,"key":"Explosive Potion"},{"floor":6.0,"key":"LiquidMemories"},{"floor":11.0,"key":"FearPotion"},{"floor":12.0,"key":"Fire Potion"},{"floor":14.0,"key":"Fire Potion"},{"floor":16.0,"key":"AttackPotion"},{"floor":21.0,"key":"Fruit Juice"},{"floor":22.0,"key":"Strength Potion"},{"floor":23.0,"key":"Regen Potion"},{"floor":31.0,"key":"Ambrosia"},{"floor":33.0,"key":"Strength Potion"},{"floor":35.0,"key":"Swift Potion"},{"floor":39.0,"key":"Explosive Potion"},{"floor":42.0,"key":"ColorlessPotion"},{"floor":48,"key":"EssenceOfSteel"}],"is_trial":false,"path_per_floor":["M","M","M","?","M","E","M","E","T","R","M","E","R","?","R","B",null,"M","$","M","M","M","E","M","E","T","R","$","?","R","E","R","B",null,"M","M","?","M","M","E","R","E","T","M","R","M","$","M","R","B",null,"R","$","E","B",null],"character_chosen":"WATCHER","items_purchased":["Apotheosis","Wallop","Strawberry","TalkToTheHand","Vajra","LikeWater+1","Sling","MentalFortress+1","DistilledChaos"],"campfire_rested":5,"item_purchase_floors":[19,19,19,28,28,47,47,53,53],"current_hp_per_floor":[72,72,72,72,72,38,33,31,31,52,31,14,14,14,35,35,63,41,48,48,48,42,13,24,3,3,28,28,28,40,26,38,38,42,44,44,44,46,46,48,48,48,48,50,50,53,57,58,58,47,56,56,59,59,52],"gold":72,"neow_bonus":"BOSS_RELIC","is_daily":false,"chose_seed":false,"campfire_upgraded":4,"win_rate":0.0,"timestamp":1611657233,"path_taken":["M","M","M","?","M","E","?","E","T","R","M","E","R","?","R","BOSS","M","$","M","?","M","E","M","E","T","R","?","?","R","E","R","BOSS","M","M","?","M","M","E","R","E","T","M","R","M","$","M","R","BOSS","R","$","E","BOSS"],"items_purchased_type":["Card","Card","Relic","Card","Relic","Card","Relic","Card","Potion"],"build_version":"2020-12-22","purchased_purges":3,"victory":true,"max_hp_per_floor":[72,72,72,72,72,72,72,72,72,72,72,72,72,72,72,72,72,72,79,79,79,79,79,79,86,86,86,86,43,43,43,43,43,43,45,45,45,47,49,51,51,51,51,53,53,57,57,59,59,59,59,59,59,59,59],"relic_stats":{"Happy Flower":[29],"Singing Bowl":18,"counters":[31,160],"Pen Nib":[3],"Juzu Bracelet":0,"Whetstone":["CutThroughFate","Wallop"],"Boot":[106],"Centennial Puzzle":[37],"Sundial":[10],"Pantograph":1,"Snecko Eye":[308,306,301,328],"MealTicket":7,"Prayer Wheel":3,"Black Star":6,"obtain_stats":[{"Lantern":31,"Singing Bowl":25,"Vajra":28,"Juzu Bracelet":23,"Whetstone":54,"Ancient Tea Set":6,"Boot":8,"Sling":47,"Centennial Puzzle":9,"Matryoshka":12,"Sundial":26,"Strawberry":19,"Pantograph":43,"MealTicket":40,"Prayer Wheel":42,"Potion Belt":26,"Happy Flower":25,"Pen Nib":54,"Frozen Egg 2":42,"SlaversCollar":34,"Snecko Eye":0,"Molten Egg 2":40,"Black Star":17,"PureWater":0,"Unceasing Top":23,"Meat on the Bone":31},{"Lantern":18,"Singing Bowl":17,"Vajra":17,"Juzu Bracelet":15,"Whetstone":30,"Ancient Tea Set":5,"Boot":7,"Sling":27,"Centennial Puzzle":7,"Matryoshka":9,"Sundial":17,"Strawberry":11,"Pantograph":25,"MealTicket":24,"Prayer Wheel":25,"Potion Belt":17,"Happy Flower":17,"Pen Nib":30,"Frozen Egg 2":25,"SlaversCollar":19,"Snecko Eye":0,"Molten Egg 2":24,"Black Star":10,"PureWater":0,"Unceasing Top":15,"Meat on the Bone":18},{"Lantern":78,"Singing Bowl":72,"Vajra":72,"Juzu Bracelet":61,"Whetstone":149,"Ancient Tea Set":17,"Boot":26,"Sling":128,"Centennial Puzzle":26,"Matryoshka":39,"Sundial":72,"Strawberry":46,"Pantograph":116,"MealTicket":110,"Prayer Wheel":116,"Potion Belt":72,"Happy Flower":72,"Pen Nib":149,"Frozen Egg 2":116,"SlaversCollar":85,"Snecko Eye":0,"Molten Egg 2":110,"Black Star":43,"PureWater":0,"Unceasing Top":61,"Meat on the Bone":78}],"Unceasing Top":[0],"Meat on the Bone":0},"card_choices":[{"not_picked":["EmptyMind","Crescendo"],"picked":"ThirdEye","floor":1.0},{"not_picked":["Halt","ClearTheMind","Pray"],"picked":"SKIP","floor":2.0},{"not_picked":["Protect","ForeignInfluence"],"picked":"SashWhip","floor":3.0},{"not_picked":["FlurryOfBlows","Prostrate"],"picked":"Consecrate","floor":5.0},{"not_picked":["Collect","Nirvana"],"picked":"Prostrate","floor":6.0},{"not_picked":["EmptyBody","Halt"],"picked":"Protect","floor":7.0},{"not_picked":["WaveOfTheHand","InnerPeace"],"picked":"WheelKick","floor":8.0},{"not_picked":["Halt","FollowUp"],"picked":"WaveOfTheHand","floor":11.0},{"not_picked":["Perseverance","BowlingBash"],"picked":"Wallop","floor":12.0},{"not_picked":["Establishment","Omniscience"],"picked":"Wish","floor":16.0},{"not_picked":["SashWhip+1","EmptyFist"],"picked":"Adaptation","floor":18.0},{"not_picked":["CrushJoints","ThirdEye","FollowUp"],"picked":"SKIP","floor":20.0},{"not_picked":["Nirvana","WindmillStrike"],"picked":"SpiritShield","floor":21.0},{"not_picked":["EmptyMind","Consecrate+1"],"picked":"Meditate","floor":22.0},{"not_picked":["CrushJoints","WheelKick"],"picked":"CutThroughFate","floor":23.0},{"not_picked":["WindmillStrike+1","CutThroughFate+1"],"picked":"SandsOfTime+1","floor":24.0},{"not_picked":["SpiritShield","ClearTheMind+1","CarveReality+1"],"picked":"Singing Bowl","floor":25.0},{"not_picked":["SandsOfTime","FollowUp"],"picked":"Conclude","floor":31.0},{"not_picked":["Brilliance","DevaForm"],"picked":"Scrawl","floor":33.0},{"not_picked":["Meditate","Study","ThirdEye"],"picked":"Singing Bowl","floor":35.0},{"not_picked":["Crescendo","CrushJoints"],"picked":"EmptyBody+1","floor":36.0},{"not_picked":["WindmillStrike+1","CrushJoints","Meditate"],"picked":"Singing Bowl","floor":38.0},{"not_picked":["JustLucky","Crescendo","FollowUp"],"picked":"Singing Bowl","floor":39.0},{"not_picked":["ThirdEye","FlyingSleeves+1","BowlingBash+1"],"picked":"Singing Bowl","floor":40.0},{"not_picked":["Prostrate+1","Brilliance+1"],"picked":"WheelKick+1","floor":42.0},{"not_picked":["BowlingBash+1","Protect+1"],"picked":"FlurryOfBlows+1","floor":44.0},{"not_picked":["ClearTheMind","Meditate+1","Consecrate+1"],"picked":"Singing Bowl","floor":44.0},{"not_picked":["Halt","Prostrate","ForeignInfluence"],"picked":"Singing Bowl","floor":46.0},{"not_picked":["Swivel","Weave+1","Meditate+1"],"picked":"Singing Bowl","floor":46.0},{"not_picked":["Evaluate","CutThroughFate+1","EmptyFist+1"],"picked":"Singing Bowl","floor":48},{"not_picked":["SashWhip+1","Blasphemy"],"picked":"ReachHeaven+1","floor":48},{"not_picked":["ClearTheMind","JustLucky+1"],"picked":"CutThroughFate+1","floor":54}],"player_experience":327536,"relics_obtained":[{"floor":6.0,"key":"Ancient Tea Set"},{"floor":8.0,"key":"Boot"},{"floor":9.0,"key":"Centennial Puzzle"},{"floor":12.0,"key":"Matryoshka"},{"floor":23.0,"key":"Juzu Bracelet"},{"floor":23.0,"key":"Unceasing Top"},{"floor":25.0,"key":"Happy Flower"},{"floor":25.0,"key":"Singing Bowl"},{"floor":26.0,"key":"Potion Belt"},{"floor":26.0,"key":"Sundial"},{"floor":31.0,"key":"Lantern"},{"floor":31.0,"key":"Meat on the Bone"},{"floor":40.0,"key":"MealTicket"},{"floor":40.0,"key":"Molten Egg 2"},{"floor":42.0,"key":"Frozen Egg 2"},{"floor":42.0,"key":"Prayer Wheel"},{"floor":43.0,"key":"Pantograph"},{"floor":54,"key":"Whetstone"},{"floor":54,"key":"Pen Nib"}],"event_choices":[{"damage_healed":0.0,"max_hp_gain":0.0,"max_hp_loss":0.0,"gold_gain":0.0,"event_name":"Match and Keep!","player_choice":"2 cards matched","floor":4.0,"gold_loss":0.0,"damage_taken":0.0,"cards_obtained":["DevaForm","Tantrum"]},{"damage_healed":0.0,"max_hp_gain":0.0,"max_hp_loss":0.0,"gold_gain":0.0,"event_name":"The Woman in Blue","player_choice":"Bought 1 Potion","floor":14.0,"gold_loss":0.0,"damage_taken":0.0},{"damage_healed":0.0,"max_hp_gain":0.0,"max_hp_loss":43.0,"gold_gain":0.0,"event_name":"Ghosts","player_choice":"Became a Ghost","floor":29.0,"gold_loss":0.0,"damage_taken":0.0,"cards_obtained":["Ghostly","Ghostly","Ghostly","Ghostly","Ghostly"]},{"damage_healed":0.0,"max_hp_gain":0.0,"max_hp_loss":0.0,"gold_gain":0.0,"event_name":"Accursed Blacksmith","player_choice":"Forge","floor":37.0,"gold_loss":0.0,"damage_taken":0.0,"cards_upgraded":["TalkToTheHand"]}],"is_beta":false,"boss_relics":[{"not_picked":["Ectoplasm","Coffee Dripper"],"picked":"Black Star"},{"not_picked":["Sozu","Empty Cage"],"picked":"SlaversCollar"}],"items_purged_floors":[19,28,47],"is_endless":false,"potions_floor_spawned":[1,5,6,11,12,16,21,22,23,31,33,35,39,42,44,48,54],"ascension_level":5}}