{"host":"0lhnkrd9dwgdxg9a","time":1611698024,"event":{"mods":["Act Like it!","Arknights The Spire","BaseMod","Conspire","Gensokyo","Jedi Mod","LagranYue(拉格朗・月)","Marisa（F雨　魔理沙）","Minty Spire (QoL Compilation)","Quick Restart","Remilia（蕾米莉亚）","Replay The Spire","RumiaBox-露米娅的神秘盒子","StSLib","TestMod","The Construct","The Servant 0.9.4","Youmu（魂魄妖梦）","[IsaacMod]以撒尖塔","【功能Mod】聪明的最终Boss","【遗物卡牌】REMEMod"],"gold_per_floor":[343,362,456,476,476,510,531,431,431,469,744,755,755,755,755,785,785,881,881,891,114,114,272,272,307,25,57,57,57,87,87,104,128,128,226,226,244,244,244,0,16,42,42,42],"floor_reached":43,"language":"ZHS","playtime":4414,"items_purged":["Regret"],"score":780,"play_id":"778dd9ab-0199-4318-b78d-005256d4e03a","local_time":"20210127055344","is_ascension_mode":false,"campfire_choices":[{"floor":15,"key":"RECALL"},{"data":"ats:Shadow Assault","floor":29,"key":"SMITH"},{"data":"ats:Soul Rend","floor":34,"key":"SMITH"}],"circlet_count":0,"master_deck":["ats:Strike C","ats:Strike G","ats:Strike S","ats:Strike V","ats:Armor Crushing Shot","ats:Defend","ats:Defend","ats:Defend","ats:Defend","ats:Emotion Absorption","CasketOfStar+1","ats:Burning Ground","ats:Assault Order","ats:Chain Hook","ats:Leaping Hammer","ats:Cat Scratch","Ghostly","ats:Sunburst","ats:Demon Strength","ats:Overload","ats:Song Of Battle","ats:Sashimi Platter+1","ats:Support Order","ats:Rat Pack","ats:Revitalization","ats:Shadow Assault+1","ats:Thorns","ats:Volcano","ats:Ignite","Pot Of Greed","Pot Of Greed","Pot Of Greed","ats:Hook Shot+1","ats:Revitalization","ats:Defend Order","ats:Leaping Hammer+1","jedi:thedog","ats:Soul Rend+1","ats:Sashimi Platter+1","Pot Of Greed","ats:Apocalypse+1","ats:Dogmatic Field","ats:Rat Pack","Wraith","ats:Curse Doll","ats:Apocalypse+1","ats:Hammer On+1","ats:Ignite+1","ats:Powerful Strike","ats:Flame Of Heaven"],"relics":["ats:Sanity","HushsDoor","testmod-TestBox","REME_ComplimentaryCards","LagranYue:RandomDrawCardRelic","testmod-HarvestTotem","ats:Originium","GnawedLeaf","testmod-InjuryResistance","ats:Spiritual Recovery","testmod-AssaultLearning","Black Star","Baka2","Bottled Tornado","testmod-Fortitude","Juzu Bracelet","testmod-OneHitWonder","DeathBook","Grinning Jar","testmod-Charity","jedi:cryingmask","Centennial Puzzle","Red Mask","Thread and Needle","REME_IWantAll","Coffee Dripper","SatanicBible","Garlic","GodSword4"],"acts_visited":["Exordium","TheCity","TheBeyond"],"potions_floor_usage":[16,16,25,25,30,32,35,35],"damage_taken":[{"damage":6,"enemies":"2 Louse","floor":1,"turns":4},{"damage":4,"enemies":"conspire:RoseBush","floor":2,"turns":3},{"damage":11,"enemies":"Small Slimes","floor":4,"turns":3},{"damage":0,"enemies":"Gremlin Nob","floor":6,"turns":2},{"damage":0,"enemies":"Gremlin Gang","floor":7,"turns":5},{"damage":35,"enemies":"3 Sentries","floor":10,"turns":11},{"damage":11,"enemies":"Blue Slaver","floor":12,"turns":3},{"damage":20,"enemies":"Replay:BlueRogue","floor":16,"turns":6},{"damage":26,"enemies":"Fading Forest","floor":18,"turns":11},{"damage":21,"enemies":"2 Thieves","floor":20,"turns":3},{"damage":9,"enemies":"Shell Parasite","floor":23,"turns":5},{"damage":27,"enemies":"Gremlin Leader","floor":25,"turns":8},{"damage":8,"enemies":"Book of Stabbing","floor":27,"turns":4},{"damage":0,"enemies":"Masked Bandits","floor":30,"turns":1},{"damage":14,"enemies":"Chosen and Byrds","floor":32,"turns":5},{"damage":119,"enemies":"Slavers","floor":33,"turns":5},{"damage":56,"enemies":"Automaton","floor":35,"turns":9},{"damage":32,"enemies":"3 Shapes","floor":37,"turns":5},{"damage":16,"enemies":"Orb Walker","floor":41,"turns":4},{"damage":197,"enemies":"R_Hoarder","floor":42,"turns":6},{"damage":31,"enemies":"Writhing Mass","floor":43,"turns":2}],"seed_played":"-1662105533832388752","potions_obtained":[{"floor":2,"key":"ColorlessPotion"},{"floor":12,"key":"Explosive Potion"},{"floor":16,"key":"Elixir"},{"floor":18,"key":"Strength Potion"},{"floor":20,"key":"LifebloodPotion"},{"floor":27,"key":"testmod-EscapePotion"},{"floor":32,"key":"Languid Potion"},{"floor":37,"key":"Explosive Potion"}],"is_trial":false,"path_per_floor":["M","M","?","M","?","E","M","?","T","E","?","M","PTL","PTL","R","E","R","B",null,"M","$","?","M","?","E","$","E","T","R","?","?","M","E","R","B",null,"M","?","?","$","M","E","M"],"character_chosen":"DOCTOR_CLASS","items_purchased":["Bottled Tornado","testmod-Fortitude","ats:Shadow Assault","testmod-Charity","ats:Revitalization","jedi:mysterypotion","SatanicBible"],"campfire_rested":0,"item_purchase_floors":[21,21,21,26,26,26,40],"current_hp_per_floor":[160,155,172,161,161,160,159,159,159,122,122,111,111,111,111,91,91,121,172,169,169,169,127,127,154,154,150,150,150,154,139,167,118,118,188,188,190,190,190,190,198,23,0,0],"gold":42,"neow_bonus":"TEN_PERCENT_HP_BONUS","is_daily":false,"chose_seed":false,"campfire_upgraded":2,"win_rate":0.0,"timestamp":1611698024,"path_taken":["M","M","?","M","?","E","?","?","T","E","?","M","PTL","PTL","R","E","R","BOSS","M","$","?","?","?","E","?","E","T","R","?","?","M","E","R","BOSS","M","?","?","$","M","E","M"],"items_purchased_type":["Relic","Relic","Card","Relic","Card","Potion","Relic"],"build_version":"2020-12-22","purchased_purges":1,"victory":false,"max_hp_per_floor":[172,172,172,172,172,172,172,172,172,172,172,172,172,172,172,172,172,172,172,172,172,172,172,172,172,172,174,174,174,176,176,178,180,180,188,188,190,190,190,190,198,206,206,206],"card_choices":[{"not_picked":["ats:Curse Doll","ats:Absolute Focus"],"picked":"ats:Burning Ground","floor":1},{"not_picked":["ats:Phantom","ats:Steam Pump"],"picked":"ats:Assault Order","floor":2},{"not_picked":["ats:Very Hot Blade","ats:Closed Bolt Burst Fire"],"picked":"ats:Chain Hook","floor":4},{"not_picked":["ats:Curse Doll","ats:Flexible Camouflage"],"picked":"ats:Leaping Hammer","floor":6},{"not_picked":["ats:Consecutive Shot Auto","ats:Counter Healing Mode"],"picked":"ats:Cat Scratch","floor":7},{"not_picked":["ats:Powerful Strike","ats:Wolf Pack"],"picked":"ats:Sunburst","floor":10},{"not_picked":["ats:Apocalypse","ats:Shadow Raid"],"picked":"ats:Demon Strength","floor":12},{"not_picked":["ats:LN2 Cannon","ats:Assault Order"],"picked":"ats:Overload","floor":16},{"not_picked":["ats:Explosion Area Strengthen","ats:Automatic Cover"],"picked":"ats:Song Of Battle","floor":16},{"not_picked":["ats:Counter Healing Mode","ats:Guard Mode"],"picked":"ats:Sashimi Platter","floor":16},{"not_picked":["ats:Absolute Focus","ats:Counter Healing Mode"],"picked":"ats:Support Order","floor":16},{"not_picked":["ats:Fractured Body","ats:Volcano"],"picked":"ats:Rat Pack","floor":18},{"not_picked":["ats:Hammer On+1","ats:Closed Bolt Burst Fire+1"],"picked":"ats:Revitalization","floor":20},{"not_picked":["ats:Closed Bolt Burst Fire+1","ats:Powerful Strike+1"],"picked":"ats:Ignite","floor":23},{"not_picked":["ats:Curse Doll","ats:Cat Scratch+1"],"picked":"ats:Hook Shot+1","floor":25},{"not_picked":["ats:Explosion Area Strengthen","ats:Hammer On"],"picked":"ats:Defend Order","floor":27},{"not_picked":["ats:Song Of Battle","ats:Closed Bolt Burst Fire"],"picked":"ats:Leaping Hammer+1","floor":30},{"not_picked":["ats:Ignite","ats:Cat Scratch+1"],"picked":"ats:Soul Rend","floor":32},{"not_picked":["ats:Explosion Area Strengthen","ats:Cat Scratch"],"picked":"ats:Apocalypse+1","floor":33},{"not_picked":["ats:Calcification","ats:Disruption Kick","ats:Wolf Pack"],"picked":"Singing Bowl","floor":35},{"not_picked":["ats:Guardian Obelisk+1","ats:Explosion Area Strengthen","ats:Cat Scratch"],"picked":"SKIP","floor":37},{"not_picked":["ats:Curse Doll","ats:Apocalypse+1","ats:Hammer On+1"],"picked":"Singing Bowl","floor":41},{"not_picked":["ats:Ignite+1","ats:Powerful Strike","ats:Flame Of Heaven"],"picked":"Singing Bowl","floor":42}],"player_experience":49437,"relics_obtained":[{"floor":1,"key":"Baka"},{"floor":6,"key":"ats:Originium"},{"floor":6,"key":"GnawedLeaf"},{"floor":9,"key":"testmod-InjuryResistance"},{"floor":10,"key":"ats:Originium"},{"floor":10,"key":"ats:Spiritual Recovery"},{"floor":16,"key":"ats:Originium"},{"floor":20,"key":"Baka2"},{"floor":25,"key":"ats:Originium"},{"floor":25,"key":"testmod-OneHitWonder"},{"floor":25,"key":"DeathBook"},{"floor":25,"key":"Grinning Jar"},{"floor":27,"key":"jedi:cryingmask"},{"floor":27,"key":"Centennial Puzzle"},{"floor":30,"key":"Red Mask"},{"floor":33,"key":"Thread and Needle"},{"floor":33,"key":"REME_IWantAll"},{"floor":42,"key":"Garlic"},{"floor":42,"key":"GodSword4"}],"event_choices":[{"damage_healed":43,"gold_gain":0,"player_choice":"Healed","damage_taken":0,"max_hp_gain":0,"max_hp_loss":0,"event_name":"The Cleric","floor":3,"gold_loss":35},{"damage_healed":0,"gold_gain":0,"player_choice":"Grow","damage_taken":0,"max_hp_gain":0,"max_hp_loss":0,"event_name":"Living Wall","floor":5,"gold_loss":0,"cards_upgraded":["CasketOfStar"]},{"damage_healed":0,"gold_gain":0,"player_choice":"Argue","damage_taken":0,"max_hp_gain":0,"max_hp_loss":0,"event_name":"conspire:LoneGhost","floor":8,"gold_loss":0},{"damage_healed":0,"gold_gain":275,"player_choice":"Desecrate","damage_taken":0,"max_hp_gain":0,"max_hp_loss":0,"event_name":"Golden Shrine","floor":11,"gold_loss":0,"cards_obtained":["Regret"]},{"damage_healed":0,"gold_gain":0,"player_choice":"Upgraded","damage_taken":0,"max_hp_gain":0,"max_hp_loss":0,"event_name":"Upgrade Shrine","floor":17,"gold_loss":0,"cards_upgraded":["ats:Sashimi Platter"]},{"damage_healed":0,"gold_gain":0,"player_choice":"2 cards matched","damage_taken":0,"max_hp_gain":0,"max_hp_loss":0,"event_name":"Match and Keep!","floor":22,"gold_loss":0,"cards_obtained":["ats:Thorns","ats:Volcano"]},{"damage_healed":0,"gold_gain":0,"player_choice":"Swap Relic","damage_taken":0,"relics_obtained":["Juzu Bracelet"],"max_hp_gain":0,"max_hp_loss":0,"event_name":"给自己的盒子","floor":24,"relics_lost":["BloodDonationBag"],"gold_loss":0},{"damage_healed":0,"gold_gain":0,"player_choice":"Fought Bandits","damage_taken":0,"max_hp_gain":0,"max_hp_loss":0,"event_name":"Masked Bandits","floor":30,"gold_loss":0},{"damage_healed":0,"gold_gain":0,"player_choice":"Copied","damage_taken":0,"max_hp_gain":0,"max_hp_loss":0,"event_name":"Duplicator","floor":38,"gold_loss":0,"cards_obtained":["ats:Rat Pack"]},{"damage_healed":0,"gold_gain":0,"player_choice":"Ignored","damage_taken":0,"max_hp_gain":0,"max_hp_loss":0,"event_name":"OrinTheCat","floor":39,"gold_loss":0}],"is_beta":false,"boss_relics":[{"not_picked":["SlaversCollar","ReplayTheSpireMod:DimensionalGlitch"],"picked":"Black Star"},{"not_picked":[]},{"not_picked":["Tiny House","REME_LowDesire"],"picked":"Coffee Dripper"},{"not_picked":[]}],"items_purged_floors":[21],"is_endless":false,"potions_floor_spawned":[2,12,16,18,20,27,32,37],"killed_by":"Writhing Mass","ascension_level":0}}