{"host":"lh9qfzqeqctr28d2","time":1611641988,"event":{"mods":["BaseMod","Luminous","Minty Spire (QoL Compilation)","Quick Restart","Relic Stats","Remilia£®¿Ÿ√◊¿Ú—«£©","Replay The Spire","StSLib","Yakumo Yukari mod"],"gold_per_floor":[113,288,288,242,255,284,284,300,375,392,425,134,134,134,134,209,509,526,107,107,22,22,22,22,34,34,62,112,112,112],"floor_reached":29,"language":"ZHS","playtime":774,"items_purged":["Spreading Infection"],"score":448,"play_id":"1b2b36ac-31ad-4e6c-add7-2b5a7f1af1eb","local_time":"20210126141948","is_ascension_mode":true,"campfire_choices":[{"data":"ScarletNetherworld","floor":7.0,"key":"SMITH"},{"floor":13.0,"key":"REST"},{"data":"TransientEternity","floor":15.0,"key":"SMITH"},{"floor":23.0,"key":"REST"}],"circlet_count":0,"master_deck":["AscendersBane","Strike_RM","Strike_RM","Strike_RM","Defend_RM","Defend_RM","Defend_RM","Defend_RM","RedMoon","ScarletShoot","BombardNight","EndlessAdversity","ScarletNetherworld+1","NightDance","ChainGang","TransientEternity+1","HeartBreak","CommonCold","MastersStateliness+1","ScarletDream+1","BloodHunter","QueenOfMidnight","Doubt"],"relics":["ScarletHat","NeowsBlessing","Spirit Poop","Bronze Scales","Blue Candle","FairyMaid","Replay:Ancient Bell","Lantern","Garlic","Old Coin","BargainBundle","Juzu Bracelet","Pen Nib","Girya","Blue Doll","Ring of Greed","Golden Egg","Golden Idol"],"acts_visited":["Exordium","TheCity"],"potions_floor_usage":[],"damage_taken":[{"damage":0.0,"enemies":"Cultist","floor":1.0,"turns":1.0},{"damage":0.0,"enemies":"2 Louse","floor":5.0,"turns":1.0},{"damage":0.0,"enemies":"3 Sentries","floor":6.0,"turns":1.0},{"damage":1.0,"enemies":"Jaw Worm","floor":8.0,"turns":4.0},{"damage":15.0,"enemies":"2 Fungi Beasts","floor":10.0,"turns":4.0},{"damage":24.0,"enemies":"Lagavulin","floor":11.0,"turns":5.0},{"damage":55.0,"enemies":"The Guardian","floor":16.0,"turns":9.0},{"damage":13.0,"enemies":"Shell Parasite","floor":18.0,"turns":5.0},{"damage":1,"enemies":"2 Thieves","floor":25,"turns":2},{"damage":40,"enemies":"Book of Stabbing","floor":27,"turns":5},{"damage":0,"enemies":"3 Cultists","floor":29,"turns":2}],"seed_played":"-1915958430203959965","potions_obtained":[{"floor":10.0,"key":"Energy Potion"},{"floor":11.0,"key":"Reflective Coating"}],"is_trial":false,"path_per_floor":["M","?","?","$","M","E","R","M","T","M","E","$","R","?","R","B",null,"M","$","?","?","?","R","$","M","T","E","?","M"],"character_chosen":"REMILIA","items_purchased":["EndlessAdversity","FairyMaid","BargainBundle","ScarletDream+1","BloodHunter","Juzu Bracelet"],"campfire_rested":2,"item_purchase_floors":[4,12,19,19,19,19],"current_hp_per_floor":[68,68,68,68,68,68,68,67,67,54,32,32,54,54,54,9,59,51,51,51,51,37,61,61,60,60,22,22,22,22],"gold":112,"neow_bonus":"THREE_ENEMY_KILL","is_daily":false,"chose_seed":false,"campfire_upgraded":2,"win_rate":0.0,"timestamp":1611641988,"path_taken":["M","?","?","$","?","E","R","M","T","M","E","$","R","?","R","BOSS","M","$","?","?","?","R","?","M","T","E","?","M"],"items_purchased_type":["Card","Relic","Relic","Card","Card","Relic"],"build_version":"2020-12-22","purchased_purges":1,"victory":false,"max_hp_per_floor":[75,75,75,75,75,75,75,75,75,75,75,75,75,75,75,75,75,75,75,75,75,80,80,80,80,80,80,80,80,80],"relic_stats":{"counters":[11,39],"Golden Idol":0,"Bronze Scales":[93],"Blue Candle":[9],"Pen Nib":[1],"Juzu Bracelet":1,"obtain_stats":[{"Girya":26,"Golden Egg":28,"Lantern":17,"BargainBundle":19,"NeowsBlessing":0,"Golden Idol":28,"Blue Candle":9,"Spirit Poop":3,"FairyMaid":12,"Blue Doll":27,"Pen Nib":21,"Replay:Ancient Bell":17,"Juzu Bracelet":19,"Ring of Greed":28,"ScarletHat":0,"Old Coin":17,"Bronze Scales":6,"Garlic":17},{"Girya":9,"Golden Egg":10,"Lantern":7,"BargainBundle":8,"NeowsBlessing":0,"Golden Idol":10,"Blue Candle":4,"Spirit Poop":1,"FairyMaid":6,"Blue Doll":10,"Pen Nib":8,"Replay:Ancient Bell":7,"Juzu Bracelet":8,"Ring of Greed":10,"ScarletHat":0,"Old Coin":7,"Bronze Scales":3,"Garlic":7},{"Girya":32,"Golden Egg":37,"Lantern":25,"BargainBundle":30,"NeowsBlessing":0,"Golden Idol":37,"Blue Candle":7,"Spirit Poop":1,"FairyMaid":16,"Blue Doll":37,"Pen Nib":30,"Replay:Ancient Bell":25,"Juzu Bracelet":30,"Ring of Greed":37,"ScarletHat":0,"Old Coin":25,"Bronze Scales":3,"Garlic":25}]},"card_choices":[{"not_picked":["UnderTheZenith","DiffusionOfMisfortune"],"picked":"BombardNight","floor":1.0},{"not_picked":["BombardNight","CeilingFear"],"picked":"ScarletNetherworld","floor":5.0},{"not_picked":["MastersStateliness","Stigmanizer"],"picked":"NightDance","floor":6.0},{"not_picked":["LeisurelyOfLord","FavorOfDestiny","DiffusionOfMisfortune"],"picked":"SKIP","floor":8.0},{"not_picked":["MiserableFate","AfternoonTea"],"picked":"ChainGang","floor":10.0},{"not_picked":["AfternoonTea","VampireKiss"],"picked":"TransientEternity","floor":11.0},{"not_picked":["CeilingFear","BloodyCatastrophe"],"picked":"HeartBreak","floor":16.0},{"not_picked":["Injury","Amnesia"],"picked":"CommonCold","floor":17.0},{"not_picked":["Lust_TH","Voices"],"picked":"Spreading Infection","floor":17.0},{"not_picked":["Normality","Wrath_TH"],"picked":"Delirium","floor":17.0},{"not_picked":["StarOfDavid","Maim+1"],"picked":"MastersStateliness+1","floor":18.0},{"not_picked":["FavorOfDestiny","BloodyTrap","BloodHunter"],"picked":"SKIP","floor":25},{"not_picked":["VampireKiss","CharismaGuard"],"picked":"QueenOfMidnight","floor":27}],"player_experience":461404,"relics_obtained":[{"floor":6.0,"key":"Bronze Scales"},{"floor":9.0,"key":"Blue Candle"},{"floor":26,"key":"Girya"},{"floor":27,"key":"Blue Doll"},{"floor":28,"key":"Ring of Greed"},{"floor":28,"key":"Golden Egg"},{"floor":28,"key":"Golden Idol"}],"event_choices":[{"damage_healed":0.0,"max_hp_gain":0.0,"max_hp_loss":0.0,"gold_gain":175.0,"event_name":"Liars Game","player_choice":"AGREE","floor":2.0,"gold_loss":0.0,"damage_taken":0.0,"cards_obtained":["Doubt"]},{"cards_removed":["Doubt"],"damage_healed":0.0,"max_hp_gain":0.0,"max_hp_loss":0.0,"gold_gain":0.0,"event_name":"Bonfire Elementals","player_choice":"Offered Curse","floor":3.0,"gold_loss":0.0,"damage_taken":0.0,"relics_obtained":["Spirit Poop"]},{"cards_removed":["Delirium"],"damage_healed":0.0,"max_hp_gain":0.0,"max_hp_loss":0.0,"gold_gain":0.0,"event_name":"Back to Basics","player_choice":"Elegance","floor":20.0,"gold_loss":0.0,"damage_taken":0.0},{"damage_healed":0.0,"max_hp_gain":0.0,"max_hp_loss":0.0,"gold_gain":0.0,"event_name":"Addict","player_choice":"Obtained Relic","floor":21.0,"gold_loss":85.0,"damage_taken":0.0,"relics_obtained":["Pen Nib"]},{"damage_healed":0.0,"max_hp_gain":5.0,"max_hp_loss":0.0,"gold_gain":0.0,"event_name":"Forgotten Altar","player_choice":"Shed Blood","floor":22.0,"gold_loss":0.0,"damage_taken":19.0}],"is_beta":false,"boss_relics":[{"not_picked":["APieceOfRedMist","Coffee Dripper"],"picked":"Replay:Ancient Bell"},{"not_picked":["Vajra","Gremlin Food"],"picked":"Lantern"},{"not_picked":["ReplayTheSpireMod:Shallot","Kunai"],"picked":"Garlic"},{"not_picked":["Durian","Counterbalance"],"picked":"Old Coin"}],"items_purged_floors":[19],"is_endless":false,"potions_floor_spawned":[10,11,16,18],"killed_by":"3 Cultists","ascension_level":13}}