{"host":"70zhvo5nwrhp1mbg","time":1611649180,"event":{"mods":["BaseMod","Colored Map","Colored Powertips","Highlight Path","Minty Spire (QoL Compilation)","Rare Cards Sparkle","StSLib"],"gold_per_floor":[715,728,744,744,919,950,962,1004,1043,1081,1112,1124,1162,1193,1205,1322,1334,1334,1304,1304,40,40,40,40,40,40,40,40,40,40,40,40,40,40,40,40,40,0,0,0,0,0,0,0,0,0,0,0,0,0],"floor_reached":51,"language":"ENG","playtime":2723,"items_purged":["Doubt"],"score":1414,"play_id":"9d83cff2-49d4-499c-a1d0-f2838adf07aa","local_time":"20210126031940","is_ascension_mode":true,"campfire_choices":[{"floor":12,"key":"REST"},{"data":"Carnage","floor":15,"key":"SMITH"},{"data":"Immolate","floor":24,"key":"SMITH"},{"data":"Bludgeon","floor":30,"key":"SMITH"},{"data":"Anger","floor":32,"key":"SMITH"},{"data":"Uppercut","floor":46,"key":"SMITH"},{"data":"Entrench","floor":49,"key":"SMITH"}],"circlet_count":0,"master_deck":["Strike_R","Strike_R","Strike_R","Strike_R","Strike_R","Defend_R","Defend_R","Defend_R","Defend_R","Bash","Demon Form+1","Corruption+1","Barricade+1","Clothesline","Cleave","Headbutt","Parasite","Headbutt","Carnage+1","Shrug It Off","Anger","Headbutt","Anger+1","Iron Wave","Immolate+1","True Grit","Flame Barrier+1","Bludgeon+1","Infernal Blade","Perfected Strike","Uppercut+1","Metallicize+1","Heavy Blade","Impervious","Body Slam+1","Entrench+1","Pommel Strike+1","Anger+1","Anger","Blood for Blood+1","Battle Trance"],"relics":["Burning Blood","Snecko Eye","MawBank","Du-Vu Doll","Vajra","Lantern","Prayer Wheel","Gambling Chip","Ectoplasm","MealTicket","The Courier","WingedGreaves","Mango","Eternal Feather","Frozen Egg 2","Sundial","Tiny Chest","Orichalcum","Gremlin Horn","Blue Candle","PreservedInsect","Omamori","Self Forming Clay","Calling Bell","Oddly Smooth Stone","FossilizedHelix","White Beast Statue","Red Mask","Art of War","Bag of Preparation","Mummified Hand","Pear","Unceasing Top"],"acts_visited":["Exordium","TheCity","TheBeyond"],"potions_floor_usage":[14,16,16,23,23,25,25,42],"damage_taken":[{"damage":7,"enemies":"Jaw Worm","floor":1,"turns":6},{"damage":6,"enemies":"2 Louse","floor":2,"turns":2},{"damage":4,"enemies":"Small Slimes","floor":3,"turns":3},{"damage":25,"enemies":"3 Sentries","floor":6,"turns":6},{"damage":5,"enemies":"Gremlin Nob","floor":8,"turns":3},{"damage":5,"enemies":"Lagavulin","floor":10,"turns":3},{"damage":0,"enemies":"Red Slaver","floor":11,"turns":1},{"damage":5,"enemies":"Gremlin Nob","floor":13,"turns":3},{"damage":10,"enemies":"Gremlin Gang","floor":14,"turns":2},{"damage":10,"enemies":"The Guardian","floor":16,"turns":7},{"damage":4,"enemies":"3 Byrds","floor":18,"turns":3},{"damage":1,"enemies":"2 Thieves","floor":19,"turns":2},{"damage":3,"enemies":"Snecko","floor":22,"turns":3},{"damage":29,"enemies":"Slavers","floor":23,"turns":2},{"damage":9,"enemies":"Book of Stabbing","floor":25,"turns":2},{"damage":6,"enemies":"Slavers","floor":27,"turns":3},{"damage":9,"enemies":"Book of Stabbing","floor":28,"turns":3},{"damage":5,"enemies":"Slavers","floor":29,"turns":2},{"damage":16,"enemies":"Snake Plant","floor":31,"turns":3},{"damage":5,"enemies":"Champ","floor":33,"turns":7},{"damage":0,"enemies":"Orb Walker","floor":35,"turns":3},{"damage":0,"enemies":"3 Shapes","floor":36,"turns":1},{"damage":0,"enemies":"Transient","floor":37,"turns":5},{"damage":4,"enemies":"4 Shapes","floor":39,"turns":1},{"damage":2,"enemies":"Sphere and 2 Shapes","floor":40,"turns":2},{"damage":30,"enemies":"Reptomancer","floor":41,"turns":4},{"damage":0,"enemies":"3 Darklings","floor":42,"turns":2},{"damage":0,"enemies":"Giant Head","floor":47,"turns":3},{"damage":0,"enemies":"Writhing Mass","floor":48,"turns":2},{"damage":30,"enemies":"Time Eater","floor":50,"turns":6}],"seed_played":"8043946184845183858","potions_obtained":[{"floor":2,"key":"SpeedPotion"},{"floor":3,"key":"SkillPotion"},{"floor":10,"key":"Swift Potion"},{"floor":14,"key":"EssenceOfSteel"},{"floor":16,"key":"BloodPotion"},{"floor":19,"key":"Energy Potion"},{"floor":22,"key":"Explosive Potion"},{"floor":23,"key":"EntropicBrew"},{"floor":25,"key":"GamblersBrew"},{"floor":35,"key":"Weak Potion"},{"floor":39,"key":"Ancient Potion"},{"floor":41,"key":"AttackPotion"},{"floor":42,"key":"LiquidMemories"},{"floor":47,"key":"Fire Potion"}],"is_trial":false,"path_per_floor":["M","M","M","?","?","E","?","E","T","E","M","R","E","M","R","B",null,"M","M","?","$","M","E","R","E","T","E","E","E","R","M","R","B",null,"M","M","M","?","M","M","E","M","T","T","T","R","E","M","R","B",null],"character_chosen":"IRONCLAD","items_purchased":["WingedGreaves","Mango","Eternal Feather","Frozen Egg 2","Sundial","Tiny Chest"],"campfire_rested":1,"item_purchase_floors":[21,21,21,21,21,21],"current_hp_per_floor":[79,79,81,81,81,62,84,85,85,86,88,88,88,84,84,80,86,88,88,88,102,102,99,102,99,99,99,96,97,102,92,102,102,102,102,102,102,102,102,102,78,84,84,84,94,112,112,112,112,88],"gold":0,"neow_bonus":"TEN_PERCENT_HP_BONUS","is_daily":false,"chose_seed":false,"campfire_upgraded":6,"win_rate":0.0,"timestamp":1611649180,"path_taken":["M","M","M","?","?","E","?","E","T","E","?","R","E","M","R","BOSS","M","M","?","$","M","E","R","E","T","E","E","E","R","?","R","BOSS","M","?","M","?","M","M","E","M","T","?","?","R","E","M","R","BOSS"],"items_purchased_type":["Relic","Relic","Relic","Relic","Relic","Relic"],"build_version":"2020-12-22","purchased_purges":1,"victory":true,"max_hp_per_floor":[88,88,88,88,88,88,88,88,88,88,88,88,88,88,88,88,88,88,88,88,102,102,102,102,102,102,102,102,102,102,102,102,102,102,102,102,102,102,102,102,102,102,102,102,112,112,112,112,112,112],"card_choices":[{"not_picked":["Disarm","Armaments"],"picked":"Clothesline","floor":1},{"not_picked":["Evolve","Clash","Sword Boomerang"],"picked":"SKIP","floor":2},{"not_picked":["Warcry","Blood for Blood"],"picked":"Cleave","floor":3},{"not_picked":["Battle Trance","Reckless Charge"],"picked":"Headbutt","floor":6},{"not_picked":["Reckless Charge","Clash"],"picked":"Headbutt","floor":8},{"not_picked":["Dark Embrace","Feed"],"picked":"Carnage","floor":10},{"not_picked":["Flex","Second Wind"],"picked":"Shrug It Off","floor":11},{"not_picked":["Pommel Strike","Fire Breathing"],"picked":"Anger","floor":11},{"not_picked":["Power Through","Infernal Blade"],"picked":"Headbutt","floor":13},{"not_picked":["Sword Boomerang","Body Slam"],"picked":"Anger","floor":14},{"not_picked":["Rage","Warcry"],"picked":"Iron Wave","floor":14},{"not_picked":["Corruption","Exhume"],"picked":"Immolate","floor":16},{"not_picked":["Wild Strike+1","Armaments+1"],"picked":"True Grit","floor":18},{"not_picked":["Power Through","Seeing Red"],"picked":"Flame Barrier+1","floor":18},{"not_picked":["Armaments+1","Flex","Perfected Strike"],"picked":"SKIP","floor":19},{"not_picked":["Shrug It Off","Power Through","True Grit"],"picked":"SKIP","floor":19},{"not_picked":["Power Through+1","Ghostly Armor"],"picked":"Bludgeon","floor":22},{"not_picked":["Twin Strike+1","Clothesline","Body Slam"],"picked":"SKIP","floor":22},{"not_picked":["Intimidate","Headbutt+1"],"picked":"Infernal Blade","floor":23},{"not_picked":["Shrug It Off","Iron Wave+1","Reckless Charge"],"picked":"SKIP","floor":25},{"not_picked":["Corruption+1","Havoc"],"picked":"Perfected Strike","floor":27},{"not_picked":["Havoc+1","Iron Wave","Body Slam"],"picked":"SKIP","floor":28},{"not_picked":["Shrug It Off","Headbutt"],"picked":"Uppercut","floor":29},{"not_picked":["Blood for Blood+1","Pommel Strike"],"picked":"Metallicize+1","floor":31},{"not_picked":["Flex","Pommel Strike"],"picked":"Heavy Blade","floor":31},{"not_picked":["Brutality+1","Corruption+1"],"picked":"Impervious","floor":33},{"not_picked":["Cleave","Sword Boomerang"],"picked":"Body Slam+1","floor":35},{"not_picked":["Fire Breathing+1","Headbutt"],"picked":"Entrench","floor":35},{"not_picked":["Clash+1","Spot Weakness"],"picked":"Pommel Strike+1","floor":36},{"not_picked":["Wild Strike+1","Carnage"],"picked":"Anger+1","floor":36},{"not_picked":["Wild Strike+1","Pummel+1"],"picked":"Anger","floor":37},{"not_picked":["Shrug It Off+1","Perfected Strike"],"picked":"Blood for Blood+1","floor":37},{"not_picked":["Perfected Strike+1","Clothesline","Heavy Blade+1"],"picked":"SKIP","floor":39},{"not_picked":["Dropkick+1","Limit Break","Havoc+1"],"picked":"SKIP","floor":39},{"not_picked":["Reckless Charge","Thunderclap"],"picked":"Battle Trance","floor":40},{"not_picked":["Blood for Blood","Thunderclap+1","Combust+1"],"picked":"SKIP","floor":40},{"not_picked":["Clash+1","Dual Wield+1","Warcry+1"],"picked":"SKIP","floor":41},{"not_picked":["Flex","Bludgeon","Evolve+1"],"picked":"SKIP","floor":42},{"not_picked":["Body Slam","Clash","Infernal Blade+1"],"picked":"SKIP","floor":42},{"not_picked":["Disarm","Perfected Strike","Entrench+1"],"picked":"SKIP","floor":47},{"not_picked":["Thunderclap+1","Sever Soul","Combust+1"],"picked":"SKIP","floor":48},{"not_picked":["Flex","Ghostly Armor","Twin Strike+1"],"picked":"SKIP","floor":48}],"player_experience":509140,"relics_obtained":[{"floor":6,"key":"MawBank"},{"floor":8,"key":"Vajra"},{"floor":9,"key":"Lantern"},{"floor":10,"key":"Prayer Wheel"},{"floor":13,"key":"Gambling Chip"},{"floor":23,"key":"Orichalcum"},{"floor":25,"key":"Gremlin Horn"},{"floor":26,"key":"Blue Candle"},{"floor":27,"key":"PreservedInsect"},{"floor":28,"key":"Omamori"},{"floor":29,"key":"Self Forming Clay"},{"floor":34,"key":"Oddly Smooth Stone"},{"floor":34,"key":"FossilizedHelix"},{"floor":34,"key":"White Beast Statue"},{"floor":41,"key":"Art of War"},{"floor":43,"key":"Bag of Preparation"},{"floor":44,"key":"Mummified Hand"},{"floor":45,"key":"Pear"},{"floor":47,"key":"Unceasing Top"}],"event_choices":[{"damage_healed":0,"gold_gain":0,"player_choice":"Leave","damage_taken":0,"max_hp_gain":0,"max_hp_loss":0,"event_name":"The Cleric","floor":4,"gold_loss":0},{"damage_healed":0,"gold_gain":175,"player_choice":"AGREE","damage_taken":0,"max_hp_gain":0,"max_hp_loss":0,"event_name":"Liars Game","floor":5,"gold_loss":0,"cards_obtained":["Doubt"]},{"damage_healed":22,"gold_gain":0,"player_choice":"Healed and dodged fight","damage_taken":0,"max_hp_gain":0,"max_hp_loss":0,"event_name":"Mushrooms","floor":7,"gold_loss":0,"cards_obtained":["Parasite"]},{"damage_healed":0,"gold_gain":0,"player_choice":"Got Potions","damage_taken":0,"max_hp_gain":0,"max_hp_loss":0,"event_name":"Lab","floor":20,"gold_loss":0},{"damage_healed":0,"gold_gain":0,"player_choice":"Paid","damage_taken":0,"relics_obtained":["Red Mask"],"max_hp_gain":0,"max_hp_loss":0,"event_name":"Tomb of Lord Red Mask","floor":38,"gold_loss":40}],"is_beta":false,"boss_relics":[{"not_picked":["Busted Crown","Velvet Choker"],"picked":"Ectoplasm"},{"not_picked":["Runic Dome","Cursed Key"],"picked":"Calling Bell"}],"items_purged_floors":[21],"is_endless":false,"potions_floor_spawned":[2,3,10,14,16,19,22,23,25,35,36,37,39,40,41,42,47,48],"ascension_level":9}}