{"host":"jjz4szgmev061tnm","time":1611650579,"event":{"mods":["Act Like it!","Arknights The Spire","BaseMod","Gensokyo","Marisa（F雨　魔理沙）","Minty Spire (QoL Compilation)","Shop Mod","StSLib","WarShipGirlsR/战舰少女R mod"],"gold_per_floor":[2000,1233,1248,1248,1265,1294,967,1179,1230,1230,1230,1279,741,776,776,890,890,925,925,925,925,955,1000,1000,1025,1025,1072,799,799,829,874,874,994,994,1020,1045,1045,559,559,559,607,636,728,310,339,370,370,413,413,413,413,413,117,160,160],"floor_reached":56,"language":"ZHS","playtime":3125,"items_purged":["ats:Strike V","ats:Defend","ats:Counter Healing Mode","Pride","ats:Strike C"],"score":1373,"play_id":"ef4177e2-70b1-4986-ba54-a768406fe8e3","local_time":"20210126164259","is_ascension_mode":false,"campfire_choices":[{"data":"ats:Soul Absorption","floor":11,"key":"SMITH"},{"data":"ats:Neurotoxin","floor":15,"key":"SMITH"},{"data":"ats:Dogmatic Field","floor":24,"key":"SMITH"},{"data":"ats:Composite Medical Shells","floor":32,"key":"SMITH"},{"data":"ats:Shadow Assault","floor":40,"key":"SMITH"},{"floor":49,"key":"RECALL"},{"data":"ats:Defend","floor":52,"key":"SMITH"}],"circlet_count":0,"master_deck":["ats:Strike G","ats:Strike S","ats:Defend+1","ats:Defend","ats:Emotion Absorption","ats:Soul Absorption+1","ats:Closed Bolt Burst Fire","ats:Wolf Pack","ats:Nebulous Foxfire+1","ats:Neurotoxin+1","ats:Flexible Camouflage+1","ats:Healing Drone+1","ats:Dogmatic Field+1","ats:Neurotoxin+1","ats:Neurotoxin","ats:Guard Mode+1","ats:Absolute Focus+1","ats:Explosion Area Strengthen+1","ats:Literary Storm+1","ats:Charging Defense+1","ats:Calcification+1","Gensokyo:PrivateSquare+1","ats:Calcification+1","ats:Shadow Assault+1","ats:Poison Spread+1","ats:Composite Medical Shells+1","Impatience+1","Sadistic Nature"],"relics":["ats:Sanity","NeowsBlessing","ats:Support","ats:Defend","Sling","OrangePellets","Gensokyo:Mercy","ats:Originium","Toxic Egg 2","Vajra","Dream Catcher","Happy Flower","ats:Gyao","Ancient Tea Set","ats:Assault","ats:Lavender","Philosopher\u0027s Stone","Ice Cream","Gensokyo:SongOfSouls","ats:Berate","Toy Ornithopter","ats:Ability Aura","Smiling Mask","Coffee Dripper","Anchor","ClockworkSouvenir","Bag of Preparation","Kunai","ats:Cure","Orrery","Bronze Scales","Nunchaku","Orichalcum","Ginger"],"acts_visited":["Exordium","Gensokyo:Gensokyo","Gensokyo:Gensokyoer","TheEnding"],"potions_floor_usage":[16,16,50,55],"damage_taken":[{"damage":0,"enemies":"Gensokyo:Gryphon","floor":1,"turns":1},{"damage":0,"enemies":"Gensokyo:Python","floor":3,"turns":1},{"damage":0,"enemies":"Gensokyo:3_Fairies","floor":5,"turns":3},{"damage":25,"enemies":"Gensokyo:Mamizou","floor":6,"turns":10},{"damage":11,"enemies":"Gensokyo:CorruptedTreant","floor":8,"turns":5},{"damage":16,"enemies":"Gensokyo:Cirno","floor":12,"turns":6},{"damage":0,"enemies":"Gensokyo:Gryphon_and_Rabbit","floor":14,"turns":5},{"damage":90,"enemies":"Gensokyo:Yukari","floor":16,"turns":15},{"damage":15,"enemies":"Gensokyo:Chomper","floor":18,"turns":5},{"damage":52,"enemies":"Gensokyo:3_Dogs","floor":22,"turns":5},{"damage":48,"enemies":"Gensokyo:Tenshi","floor":23,"turns":4},{"damage":75,"enemies":"Gensokyo:Slime_Group","floor":25,"turns":6},{"damage":68,"enemies":"Gensokyo:Reisen","floor":27,"turns":8},{"damage":31,"enemies":"Gensokyo:Wraith","floor":30,"turns":5},{"damage":79,"enemies":"Gensokyo:Tenshi","floor":31,"turns":4},{"damage":0,"enemies":"Gensokyo:Eternal_Rivals","floor":33,"turns":7},{"damage":0,"enemies":"Gensokyo:3_Bats","floor":35,"turns":4},{"damage":38,"enemies":"Gensokyo:3_Boulders","floor":36,"turns":6},{"damage":7,"enemies":"Gensokyo:Doremy","floor":41,"turns":5},{"damage":9,"enemies":"Gensokyo:Dusk_and_Dawn","floor":42,"turns":5},{"damage":1,"enemies":"Gensokyo:4_Bats","floor":45,"turns":2},{"damage":0,"enemies":"Gensokyo:3_Boulders","floor":46,"turns":3},{"damage":65,"enemies":"Gensokyo:3_Boulders","floor":47,"turns":4},{"damage":20,"enemies":"Gensokyo:Marisa","floor":48,"turns":6},{"damage":0,"enemies":"Gensokyo:Scarlet_Devils","floor":50,"turns":8},{"damage":12,"enemies":"Shield and Spear","floor":54,"turns":4},{"damage":48,"enemies":"The Heart","floor":55,"turns":7}],"seed_played":"6457691350152888563","potions_obtained":[{"floor":1,"key":"BlessingOfTheForge"},{"floor":5,"key":"SteroidPotion"},{"floor":6,"key":"ats:Emergency Sanity Potion"},{"floor":12,"key":"DuplicationPotion"},{"floor":16,"key":"AttackPotion"},{"floor":18,"key":"Regen Potion"}],"is_trial":false,"path_per_floor":["M","COS","M","?","M","E","$","M","T","?","R","E","$","M","R","B",null,"M","?","?","?","M","E","R","M","T","E","$","?","M","E","R","B",null,"M","M","?","$","?","R","E","M","T","COS","M","M","?","E","R","B",null,"R","$","E","B",null],"character_chosen":"DOCTOR_CLASS","items_purchased":["Vajra","ats:Neurotoxin","ats:Poison Spread","ats:Healing Drone+1","ats:Assault","ats:Lavender","ats:Ability Aura","ats:Calcification+1","Anchor","ClockworkSouvenir","Impatience+1","Sadistic Nature"],"campfire_rested":0,"item_purchase_floors":[7,7,7,13,13,13,28,38,38,38,53,53],"current_hp_per_floor":[72,72,72,72,72,47,47,43,43,43,43,41,41,62,62,24,72,71,71,67,67,65,52,52,47,47,44,44,44,67,37,37,67,67,67,55,55,55,55,55,67,67,67,67,67,67,67,67,67,67,67,67,67,67,67],"gold":160,"neow_bonus":"THREE_ENEMY_KILL","is_daily":false,"chose_seed":false,"campfire_upgraded":6,"win_rate":0.0,"timestamp":1611650579,"path_taken":["M","COS","M","?","M","E","?","?","T","?","R","E","$","M","R","BOSS","M","?","?","?","M","E","R","M","T","E","$","?","M","E","R","BOSS","M","?","?","$","?","R","E","?","T","COS","M","M","?","E","R","BOSS","R","$","E","BOSS"],"items_purchased_type":["Relic","Card","Card","Card","Relic","Relic","Relic","Card","Relic","Relic","Card","Card"],"build_version":"2020-12-22","purchased_purges":5,"victory":true,"max_hp_per_floor":[72,72,72,72,72,72,72,72,72,72,72,72,72,72,72,72,72,72,72,67,67,67,67,67,67,67,67,67,67,67,67,67,67,67,67,67,67,67,67,67,67,67,67,67,67,67,67,67,67,67,67,67,67,67,67],"card_choices":[{"not_picked":["ats:LN2 Cannon","ats:Absolute Focus"],"picked":"ats:Composite Medical Shells","floor":1},{"not_picked":["ats:Song Of Battle","ats:Rapid Magazine"],"picked":"ats:Soul Absorption","floor":3},{"not_picked":["ats:Very Hot Blade","ats:Guard Mode"],"picked":"ats:Closed Bolt Burst Fire","floor":5},{"not_picked":["ats:Disruption Kick","ats:Nebulous Foxfire+1"],"picked":"ats:Wolf Pack","floor":6},{"not_picked":["ats:Magnetic Hammer","ats:Counter Healing Mode"],"picked":"ats:Nebulous Foxfire+1","floor":6},{"not_picked":["ats:Blood Oath","ats:Powerful Strike"],"picked":"ats:Flexible Camouflage+1","floor":8},{"not_picked":["ats:Cat Scratch","ats:Sunburst","ats:Leaping Hammer"],"picked":"SKIP","floor":12},{"not_picked":["ats:Leaping Hammer","ats:Red Shift"],"picked":"ats:Counter Healing Mode","floor":14},{"not_picked":["ats:Durian+1","ats:Ambush"],"picked":"ats:Dogmatic Field","floor":16},{"not_picked":["ats:Guard Mode+1","ats:Counter Healing Mode"],"picked":"ats:Neurotoxin+1","floor":18},{"not_picked":["ats:Very Hot Blade","ats:Ignite"],"picked":"ats:Neurotoxin","floor":22},{"not_picked":["ats:Flexible Camouflage+1","ats:Apocalypse+1"],"picked":"ats:Guard Mode+1","floor":23},{"not_picked":["ats:LN2 Cannon","ats:Blood Oath"],"picked":"ats:Absolute Focus+1","floor":25},{"not_picked":["ats:Curse Doll+1","ats:Demon Strength"],"picked":"ats:Explosion Area Strengthen+1","floor":27},{"not_picked":["ats:Guardian Obelisk+1","ats:Composite Medical Shells","ats:Soul Absorption+1"],"picked":"SKIP","floor":30},{"not_picked":["ats:Curse Doll+1","ats:True Silver Slash"],"picked":"ats:Charging Defense+1","floor":31},{"not_picked":["ats:Fractured Body+1","ats:Soul Rend"],"picked":"ats:Calcification+1","floor":33},{"not_picked":["ats:Ignite+1","ats:Very Hot Blade+1","ats:Explosion Area Strengthen"],"picked":"SKIP","floor":35},{"not_picked":["ats:Ignite+1","ats:Demon Strength","ats:Counter Healing Mode"],"picked":"SKIP","floor":36},{"not_picked":["ats:Dogmatic Field","ats:Blood Oath","ats:LN2 Cannon"],"picked":"SKIP","floor":41},{"not_picked":["ats:Sword Rain+1","ats:LN2 Cannon+1"],"picked":"ats:Poison Spread+1","floor":42},{"not_picked":["ats:Revitalization+1","ats:Red Shift"],"picked":"ats:Composite Medical Shells+1","floor":44},{"not_picked":["ats:Revitalization+1","ats:Cat Scratch+1","ats:Blood Oath+1"],"picked":"SKIP","floor":45},{"not_picked":["ats:Spore Proliferation+1","ats:Automatic Cover+1","ats:Shadow Raid+1"],"picked":"SKIP","floor":46},{"not_picked":["ats:LN2 Cannon+1","ats:Revitalization+1","ats:Apocalypse+1"],"picked":"SKIP","floor":48},{"not_picked":["ats:Red Shift+1","ats:Neurotoxin+1","ats:Hammer On"],"picked":"SKIP","floor":48},{"not_picked":["ats:Ignite+1","ats:Revitalization+1","ats:Cat Scratch"],"picked":"SKIP","floor":54}],"player_experience":227240,"relics_obtained":[{"floor":6,"key":"ats:Originium"},{"floor":6,"key":"Toxic Egg 2"},{"floor":9,"key":"Dream Catcher"},{"floor":12,"key":"ats:Originium"},{"floor":12,"key":"Ancient Tea Set"},{"floor":23,"key":"ats:Originium"},{"floor":23,"key":"ats:Berate"},{"floor":27,"key":"ats:Originium"},{"floor":27,"key":"Toy Ornithopter"},{"floor":31,"key":"Smiling Mask"},{"floor":41,"key":"Bag of Preparation"},{"floor":43,"key":"Kunai"},{"floor":48,"key":"Bronze Scales"},{"floor":54,"key":"Ginger"}],"event_choices":[],"is_beta":false,"boss_relics":[{"not_picked":["Sozu","Velvet Choker"],"picked":"Philosopher\u0027s Stone"},{"not_picked":["Runic Pyramid","Calling Bell"],"picked":"Coffee Dripper"}],"items_purged_floors":[7,13,28,38,53],"is_endless":false,"potions_floor_spawned":[1,5,6,12,16,18,23,30,33,36,42,45,48],"ascension_level":0}}