{"host":"pesfwaef25r60kxm","time":1611679126,"event":{"mods":["Arknights The Spire","BaseMod","Colored Powertips","Hunter 猎人","Minty Spire (QoL Compilation)","Replay The Spire","RumiaBox-露米娅的神秘盒子","Spicy Shops","StSLib","The Cursed","[IsaacMod]以撒尖塔","noobMod","【遗物卡牌】REMEMod"],"gold_per_floor":[214,214,224,74,101,133,133,176,176,210,224,224,243,268,268,389,389,405,405,405],"floor_reached":19,"language":"ZHS","playtime":798,"items_purged":["Normality"],"score":250,"play_id":"f679a224-63c3-4fb5-8076-f9bbbacb2f3e","local_time":"20210127003846","is_ascension_mode":true,"campfire_choices":[{"data":"Draining Mist","floor":7,"key":"SMITH"},{"data":"ats:Burning Ground","floor":15,"key":"SMITH"}],"circlet_count":0,"master_deck":["ats:Strike C","ats:Strike G","ats:Strike S","ats:Strike V","ats:Armor Crushing Shot","ats:Defend","ats:Defend","ats:Defend","ats:Defend","ats:Emotion Absorption","BettingIsNotGood","REME_MagicPocketWatch","Draining Mist+1","ats:Burning Ground+1"],"relics":["ats:Sanity","HushsDoor","ice","REME_ComplimentaryCards","GuppysTail","PrismaticShard","HowToJump","ats:Originium","GuppysPaw","ats:Industrial Water Cannon","Golden Egg","ats:Hidden Killer","Golden Idol","ChewingGum"],"acts_visited":["Exordium","TheCity"],"potions_floor_usage":[],"damage_taken":[{"damage":5,"enemies":"Cultist","floor":1,"turns":4},{"damage":12,"enemies":"Jaw Worm","floor":3,"turns":5},{"damage":27,"enemies":"Small Slimes","floor":5,"turns":6},{"damage":0,"enemies":"3 Sentries","floor":6,"turns":1},{"damage":33,"enemies":"Lagavulin","floor":8,"turns":10},{"damage":9,"enemies":"Replay:BlueRogue","floor":10,"turns":5},{"damage":11,"enemies":"Blue Slaver","floor":11,"turns":3},{"damage":17,"enemies":"Exordium Thugs","floor":13,"turns":5},{"damage":0,"enemies":"2 Fungi Beasts","floor":14,"turns":3},{"damage":8,"enemies":"Fading Forest","floor":16,"turns":11},{"damage":3,"enemies":"Spheric Guardian","floor":18,"turns":3}],"seed_played":"5665201087218516819","potions_obtained":[{"floor":1,"key":"ats:Emergency Sanity Potion"},{"floor":5,"key":"SteroidPotion"},{"floor":8,"key":"Weak Potion"},{"floor":10,"key":"ColorlessPotion"}],"is_trial":false,"path_per_floor":["M","?","M","$","M","E","R","E","T","E","M","?","M","M","R","B",null,"M","?"],"character_chosen":"DOCTOR_CLASS","items_purchased":["HowToJump"],"campfire_rested":0,"item_purchase_floors":[4],"current_hp_per_floor":[67,67,60,60,33,33,33,61,61,52,41,22,83,83,83,75,87,84,84,84],"gold":405,"neow_bonus":"HUNDRED_GOLD","is_daily":false,"chose_seed":false,"campfire_upgraded":2,"win_rate":0.0,"timestamp":1611679126,"path_taken":["M","?","M","$","?","E","R","E","T","E","M","?","?","M","R","BOSS","M","?"],"items_purchased_type":["Relic"],"build_version":"2020-12-22","purchased_purges":1,"victory":false,"max_hp_per_floor":[72,72,72,72,72,72,72,73,73,77,79,79,83,85,85,87,87,88,88,88],"card_choices":[{"not_picked":[],"picked":"BettingIsNotGood","floor":0},{"not_picked":["ats:Part Time Job","ats:Charging Defense"],"picked":"Bomb","floor":1},{"not_picked":["Rupture Giant","Protect"],"picked":"REME_MagicPocketWatch","floor":3},{"not_picked":["REME_Cut","TheCursedMod:CursedAmulet","ats:Guard Mode"],"picked":"SKIP","floor":5},{"not_picked":["Sacrifice Summons","Demonic Infusion"],"picked":"Draining Mist","floor":6},{"not_picked":["TheCursedMod:VitalStrike","Seeing Red"],"picked":"ats:Burning Ground","floor":8},{"not_picked":["Slice","Pummel","Random Death Rattle"],"picked":"SKIP","floor":10},{"not_picked":["TheCursedMod:SpreadPlague","Survey Options","Death Prophecy"],"picked":"SKIP","floor":11},{"not_picked":["CultistPetCall","Backstab","ats:Poison Spread"],"picked":"SKIP","floor":13},{"not_picked":["ReplayTheSpireMod:Uncanny Aura","Iron Wave","Duplicate Hand"],"picked":"SKIP","floor":14},{"not_picked":["ats:Counter Healing Mode+1","TheCursedMod:Stigma","PiercingWail"],"picked":"SKIP","floor":18}],"player_experience":116983,"relics_obtained":[{"floor":6,"key":"ats:Originium"},{"floor":6,"key":"GuppysPaw"},{"floor":8,"key":"ats:Originium"},{"floor":8,"key":"ats:Industrial Water Cannon"},{"floor":9,"key":"Golden Egg"},{"floor":10,"key":"ats:Originium"},{"floor":10,"key":"ats:Hidden Killer"}],"event_choices":[{"damage_healed":0,"gold_gain":0,"player_choice":"Take Damage","damage_taken":19,"relics_obtained":["Golden Idol"],"max_hp_gain":0,"max_hp_loss":0,"event_name":"Golden Idol","floor":12,"gold_loss":0}],"is_beta":false,"boss_relics":[{"not_picked":["Pandora\u0027s Box","Cursed Key"],"picked":"ChewingGum"},{"not_picked":[]}],"items_purged_floors":[4],"is_endless":false,"potions_floor_spawned":[1,5,8,10,13,14,18],"ascension_level":1}}