{"host":"c44ey07ufggfw2m8","time":1611642681,"event":{"mods":["2.2 Compatiblity","BaseMod","Colored Map","DeckTracker","Highlight Path","Keyboard Shortcuts","Minty Spire (QoL Compilation)","Permanent Neow","Quick Restart","StSLib","SuperFastMode","UnlockEverythingMod"],"gold_per_floor":[14,14,39,52,227,227,240,253,253,253,266,285,285,310,310,435,435,449,9,109,129,144,144,144],"floor_reached":23,"language":"KOR","playtime":1174,"items_purged":["Strike_G"],"score":320,"play_id":"b910b7f6-8598-4698-90aa-601fecc4ee21","local_time":"20210126153121","is_ascension_mode":true,"campfire_choices":[{"data":"Dash","floor":6.0,"key":"SMITH"},{"data":"Terror","floor":13.0,"key":"SMITH"},{"data":"Underhanded Strike","floor":15.0,"key":"SMITH"}],"circlet_count":0,"master_deck":["Strike_G","Strike_G","Strike_G","Defend_G","Defend_G","Defend_G","Defend_G","Survivor","Neutralize","Prepared","Flying Knee","Dash+1","Underhanded Strike+1","Masterful Stab","Doubt","Well Laid Plans","Backflip","Terror+1","Adrenaline","Blade Dance","Footwork"],"relics":["Ring of the Snake","Golden Idol","Girya","Sozu","Incense Burner"],"acts_visited":["Exordium","TheCity"],"potions_floor_usage":[],"damage_taken":[{"damage":1.0,"enemies":"2 Louse","floor":1.0,"turns":3.0},{"damage":0.0,"enemies":"Jaw Worm","floor":3.0,"turns":3.0},{"damage":9.0,"enemies":"Cultist","floor":4.0,"turns":4.0},{"damage":22.0,"enemies":"Gremlin Gang","floor":7.0,"turns":5.0},{"damage":3.0,"enemies":"Blue Slaver","floor":8.0,"turns":3.0},{"damage":2.0,"enemies":"Lots of Slimes","floor":11.0,"turns":5.0},{"damage":0.0,"enemies":"Exordium Wildlife","floor":12.0,"turns":4.0},{"damage":3.0,"enemies":"Blue Slaver","floor":14.0,"turns":4.0},{"damage":0.0,"enemies":"Slime Boss","floor":16.0,"turns":9.0},{"damage":0.0,"enemies":"Chosen","floor":18.0,"turns":4.0},{"damage":12,"enemies":"2 Thieves","floor":21,"turns":4},{"damage":17,"enemies":"Snake Plant","floor":22,"turns":5},{"damage":16,"enemies":"Gremlin Leader","floor":23,"turns":5}],"seed_played":"4906793570103882380","potions_obtained":[{"floor":3.0,"key":"FearPotion"},{"floor":10.0,"key":"SpeedPotion"},{"floor":10.0,"key":"SkillPotion"},{"floor":10.0,"key":"Fire Potion"},{"floor":11.0,"key":"Regen Potion"},{"floor":16.0,"key":"Strength Potion"}],"is_trial":false,"path_per_floor":["M","?","M","M","?","R","M","M","T","?","M","M","R","M","R","B",null,"M","$","?","M","M","E"],"character_chosen":"THE_SILENT","items_purchased":["Footwork","Incense Burner"],"campfire_rested":0,"item_purchase_floors":[19,19],"current_hp_per_floor":[62,62,62,53,53,53,31,28,28,28,26,26,26,23,23,23,55,55,55,55,43,26,10,10],"gold":144,"neow_bonus":"TRANSFORM_TWO_CARDS","is_daily":false,"chose_seed":false,"campfire_upgraded":3,"win_rate":0.0,"timestamp":1611642681,"path_taken":["M","?","M","M","?","R","M","M","T","?","?","?","R","M","R","BOSS","M","$","?","?","M","E"],"items_purchased_type":["Card","Relic"],"build_version":"2020-12-22","purchased_purges":1,"victory":false,"max_hp_per_floor":[70,65,65,65,65,65,65,65,65,65,65,65,65,65,65,65,65,65,65,65,65,65,65,65],"card_choices":[{"not_picked":["Acrobatics","Outmaneuver"],"picked":"Dash","floor":1.0},{"not_picked":["Acrobatics","Slice"],"picked":"Underhanded Strike","floor":3.0},{"not_picked":["Caltrops","Grand Finale"],"picked":"Masterful Stab","floor":4.0},{"not_picked":["Bane","Prepared"],"picked":"Well Laid Plans","floor":7.0},{"not_picked":["Poisoned Stab","Cloak And Dagger"],"picked":"Backflip","floor":8.0},{"not_picked":["Concentrate","Dodge and Roll","Catalyst"],"picked":"SKIP","floor":11.0},{"not_picked":["Outmaneuver","Dagger Spray"],"picked":"Terror","floor":12.0},{"not_picked":["Slice","Choke","Tools of the Trade"],"picked":"SKIP","floor":14.0},{"not_picked":["Unload","A Thousand Cuts"],"picked":"Adrenaline","floor":16.0},{"not_picked":["Dagger Throw+1","Poisoned Stab+1"],"picked":"Blade Dance","floor":18.0},{"not_picked":["Catalyst","Concentrate","Outmaneuver"],"picked":"SKIP","floor":21},{"not_picked":["Endless Agony","Flying Knee","Bane"],"picked":"SKIP","floor":22}],"player_experience":67261,"relics_obtained":[{"floor":9.0,"key":"Girya"}],"event_choices":[{"damage_healed":0.0,"max_hp_gain":0.0,"max_hp_loss":5.0,"gold_gain":0.0,"event_name":"Golden Idol","player_choice":"Lose Max HP","floor":2.0,"gold_loss":0.0,"damage_taken":0.0,"relics_obtained":["Golden Idol"]},{"damage_healed":0.0,"max_hp_gain":0.0,"max_hp_loss":0.0,"gold_gain":175.0,"event_name":"Liars Game","player_choice":"AGREE","floor":5.0,"gold_loss":0.0,"damage_taken":0.0,"cards_obtained":["Doubt"]},{"damage_healed":0.0,"max_hp_gain":0.0,"max_hp_loss":0.0,"gold_gain":0.0,"event_name":"Lab","player_choice":"Got Potions","floor":10.0,"gold_loss":0.0,"damage_taken":0.0},{"damage_healed":0.0,"max_hp_gain":0.0,"max_hp_loss":0.0,"gold_gain":100.0,"event_name":"Golden Shrine","player_choice":"Pray","floor":20.0,"gold_loss":0.0,"damage_taken":0.0}],"is_beta":false,"boss_relics":[{"not_picked":["Fusion Hammer","Ectoplasm"],"picked":"Sozu"}],"items_purged_floors":[19],"is_endless":false,"potions_floor_spawned":[3,11,12,16,21,22],"killed_by":"Gremlin Leader","ascension_level":7}}