{"host":"yv7ijgyl7mqt7c0r","time":1611625756,"event":{"mods":["100% Spire Juice","2.2 Compatiblity","Act Like it!","Aspiration","BaseMod","Bestiary","Better Note","Better Skull","CapriCore","Conspire","DeckTracker","Elementarium","Energized Spire","Friendly Minions","Gensokyo","GifTheSpireLib","Hallownest","KinomotoSakuraMod(????)","Mari Mod (Legacy)","Mari\u0027s V1 Patch","Marisa????????","Menagerie","Minty Spire (QoL Compilation)","Prisma Mod","Random Character Button","Reimu??????","Remilia_Scarlet Moed?????·?????3.3.5","StSLib","Stuff the Spire","The Alterego","The Bug Knight","The Jungle","The Senshi","The Servant 0.9.4","TheVelvet","Wandering Minibosses","Yakumo Yukari mod","Yuyuko"],"gold_per_floor":[139,139,155,105,144,159,159,189,189,189,118,144,144,186,186,314,314,346,390,79,120,133,180,180,214,265,277,15,15,47,47,47,40,40],"floor_reached":33,"language":"ENG","playtime":4309,"items_purged":["Injury"],"score":300,"play_id":"0e69802e-209a-4175-92ff-0020c88c0851","local_time":"20210125194916","is_ascension_mode":false,"campfire_choices":[{"floor":7,"key":"REST"},{"data":"MariMod:Mari_Debut","floor":10,"key":"SMITH"},{"floor":13,"key":"REST"},{"data":"MariMod:Mari_Reminisce","floor":15,"key":"SMITH"},{"data":"MariMod:Mari_Limelight","floor":24,"key":"SMITH"},{"floor":27,"key":"REST"},{"floor":32,"key":"REST"}],"circlet_count":0,"master_deck":["MariMod:Mari_Strike","MariMod:Mari_Strike","MariMod:Mari_Strike","MariMod:Mari_Strike","MariMod:Mari_Strike","MariMod:Mari_Defend","MariMod:Mari_Defend","MariMod:Mari_Defend","MariMod:Mari_Defend","MariMod:Mari_Reminisce+1","MariMod:Mari_Debut+1","MariMod:Mari_Lie_In_Wait","MariMod:Mari_Fragile_Hope+1","conspire:SpireCoStock+1","MariMod:Mari_Defiance+1","MariMod:Mari_Hug+1","MariMod:Mari_Fire_Strike+1","MariMod:Mari_Shine+1","MariMod:Mari_Lets_Go+1","MariMod:Mari_Lie_In_Wait+1","MariMod:Mari_Sparkle+1","MariMod:Mari_Limelight+1","MariMod:Mari_Overexertion+1","MariMod:Mari_Lie_In_Wait+1","MariMod:Mari_Lock_On+1","Apotheosis+1","MariMod:Mari_Mic_Check+1","MariMod:Mari_The_FLYING_CAR+1","MariMod:Mari_Character_Development","MariMod:Mari_Defend","MariMod:Mari_Shut_Up+1","MariMod:Mari_Pent_Up_Emotions+1","MariMod:Mari_The_Light_We_Chase","MariMod:Mari_Cash_Back","MariMod:Mari_Glow+1","MariMod:Mari_Reckless_Driving+1","StuffTheSpire:WarGroove","StuffTheSpire:WarCurse"],"relics":["MariMod:MariTheSpark","Toxic Egg 2","Bag of Preparation","Matryoshka","MealTicket","Molten Egg 2","StuffTheSpire:Gunfinga","Orichalcum","energizedSpire:OgreHead","StuffTheSpire:Mouthbags","MawBank","Strange Spoon"],"acts_visited":["Exordium","TheCity"],"potions_floor_usage":[23,33,33],"damage_taken":[{"damage":19,"enemies":"Jaw Worm","floor":1,"turns":7},{"damage":4,"enemies":"2 Louse","floor":3,"turns":3},{"damage":0,"enemies":"Cultist","floor":5,"turns":3},{"damage":28,"enemies":"Gremlin Nob","floor":6,"turns":5},{"damage":30,"enemies":"3 Sentries","floor":8,"turns":9},{"damage":3,"enemies":"3 Louse","floor":14,"turns":3},{"damage":16,"enemies":"Slime Boss","floor":16,"turns":10},{"damage":2,"enemies":"conspire:FuzzyDice","floor":18,"turns":4},{"damage":17,"enemies":"Spheric Guardian","floor":19,"turns":4},{"damage":0,"enemies":"Snecko","floor":21,"turns":3},{"damage":10,"enemies":"Centurion and Healer","floor":22,"turns":4},{"damage":15,"enemies":"Gremlin Leader","floor":23,"turns":5},{"damage":36,"enemies":"conspire:HollyBat","floor":25,"turns":10},{"damage":12,"enemies":"Snake Plant","floor":30,"turns":5},{"damage":53,"enemies":"Collector","floor":33,"turns":5}],"seed_played":"-1670726935027694934","potions_obtained":[{"floor":8,"key":"EssenceOfSteel"},{"floor":16,"key":"Fire Potion"},{"floor":18,"key":"Fire Potion"},{"floor":21,"key":"LiquidBronze"},{"floor":23,"key":"SteroidPotion"},{"floor":30,"key":"CultistPotion"}],"is_trial":false,"path_per_floor":["M","?","M","?","M","E","R","E","T","R","$","T","R","M","R","B",null,"M","M","$","M","M","E","R","M","T","R","$","?","M","?","R","B"],"character_chosen":"MARI","items_purchased":["MariMod:Mari_Lets_Go+1","MariMod:Mari_Lie_In_Wait+1","Apotheosis+1","MariMod:Mari_Mic_Check+1","MariMod:Mari_Cash_Back","Strange Spoon","MariMod:Mari_Glow+1"],"campfire_rested":4,"item_purchase_floors":[11,11,20,20,28,28,28],"current_hp_per_floor":[60,60,56,56,56,28,51,21,21,21,36,36,59,56,56,40,79,77,60,75,75,65,50,50,14,14,37,52,52,40,20,43,0,0],"gold":40,"neow_bonus":"TEN_PERCENT_HP_BONUS","is_daily":false,"chose_seed":false,"campfire_upgraded":3,"win_rate":0.0,"timestamp":1611625756,"path_taken":["M","?","M","?","M","E","R","E","T","R","$","?","R","M","R","BOSS","M","M","$","M","M","E","R","M","T","R","$","?","M","?","R","BOSS"],"items_purchased_type":["Card","Card","Card","Card","Card","Relic","Card"],"build_version":"2020-12-22","purchased_purges":1,"victory":false,"max_hp_per_floor":[79,79,79,79,79,79,79,79,79,79,79,79,79,79,79,79,79,79,79,79,79,79,79,79,79,79,79,79,79,79,79,79,79,79],"card_choices":[{"not_picked":["MariMod:Mari_Its_Joke","MariMod:Mari_Tough_Front"],"picked":"MariMod:Mari_Lie_In_Wait","floor":1},{"not_picked":["MariMod:Mari_Expensive_Tastes+1","MariMod:Mari_Self_Care+1"],"picked":"MariMod:Mari_Fragile_Hope+1","floor":3},{"not_picked":["MariMod:Mari_Heavy_Price","MariMod:Mari_Mic_Check"],"picked":"MariMod:Mari_Defiance+1","floor":5},{"not_picked":["MariMod:Mari_Its_Joke","MariMod:Mari_Heavy_Price"],"picked":"MariMod:Mari_Hug+1","floor":6},{"not_picked":["MariMod:Mari_Unveiled_Secret+1","MariMod:Mari_Approved"],"picked":"MariMod:Mari_Fire_Strike+1","floor":8},{"not_picked":["MariMod:Mari_Expensive_Tastes+1","MariMod:Mari_Sparkle"],"picked":"MariMod:Mari_Shine+1","floor":8},{"not_picked":["MariMod:Mari_Slap+1","MariMod:Mari_Lets_Go+1"],"picked":"MariMod:Mari_Sparkle+1","floor":14},{"not_picked":["MariMod:Mari_The_MANSION+1","MariMod:Mari_Oh_My_God+1"],"picked":"MariMod:Mari_Limelight","floor":16},{"not_picked":["MariMod:Mari_Tea_Time+1","MariMod:Mari_Glimmer+1"],"picked":"MariMod:Mari_Overexertion+1","floor":18},{"not_picked":["MariMod:Mari_Lets_Go+1","MariMod:Mari_Dolphin_Strike+1"],"picked":"MariMod:Mari_Lie_In_Wait+1","floor":18},{"not_picked":["MariMod:Mari_Fire_Strike+1","MariMod:Mari_Withdrawal+1"],"picked":"MariMod:Mari_Lock_On+1","floor":19},{"not_picked":["MariMod:Mari_Heavy_Metal+1","MariMod:Mari_Expenses+1"],"picked":"MariMod:Mari_The_FLYING_CAR+1","floor":21},{"not_picked":["MariMod:Mari_Practice_Outfit+1","MariMod:Mari_Its_Joke+1"],"picked":"MariMod:Mari_Character_Development","floor":22},{"not_picked":["MariMod:Mari_Expensive_Tastes+1","MariMod:Mari_Approved+1"],"picked":"MariMod:Mari_Shut_Up+1","floor":23},{"not_picked":["MariMod:Mari_Overexertion+1","MariMod:Mari_Defiance+1"],"picked":"MariMod:Mari_Pent_Up_Emotions+1","floor":23},{"not_picked":["MariMod:Mari_All_Or_Nothing+1","MariMod:Mari_Sparkle+1"],"picked":"MariMod:Mari_The_Light_We_Chase","floor":25},{"not_picked":["MariMod:Mari_Reckless_Spending+1","MariMod:Mari_Slap+1"],"picked":"MariMod:Mari_Reckless_Driving+1","floor":30}],"player_experience":584288,"relics_obtained":[{"floor":6,"key":"Bag of Preparation"},{"floor":8,"key":"Matryoshka"},{"floor":9,"key":"MealTicket"},{"floor":9,"key":"Molten Egg 2"},{"floor":12,"key":"StuffTheSpire:Gunfinga"},{"floor":12,"key":"Orichalcum"},{"floor":23,"key":"StuffTheSpire:Mouthbags"},{"floor":26,"key":"MawBank"}],"event_choices":[{"damage_healed":0,"gold_gain":0,"player_choice":"Invest 1","damage_taken":0,"max_hp_gain":0,"max_hp_loss":0,"event_name":"conspire:Investor","floor":4,"gold_loss":0}],"is_beta":false,"boss_relics":[{"not_picked":["conspire:SeveredTorchhead","Pandora\u0027s Box"],"picked":"energizedSpire:OgreHead"}],"items_purged_floors":[20],"is_endless":false,"potions_floor_spawned":[8,16,18,21,23,30],"killed_by":"Collector","ascension_level":0}}