{"host":"edc6wmn2qug8wnvl","time":1611651017,"event":{"mods":["AchievementEnabler","BaseMod","Colored Map","Colored Powertips","Minty Spire (QoL Compilation)","StSLib"],"gold_per_floor":[115,190,290,69,86,111,43,60,60,78,78,78,78,90,90,194,194,205,205,505,524,213,213,213,229,254,254,288,288,303,320,320,422,422,422,422],"floor_reached":35,"language":"ENG","playtime":2020,"items_purged":[],"score":400,"play_id":"add28811-fd44-4020-835f-8acb581e240e","local_time":"20210126005017","is_ascension_mode":false,"campfire_choices":[{"data":"Perfected Strike","floor":11,"key":"SMITH"},{"floor":13,"key":"REST"},{"data":"Bloodletting","floor":15,"key":"SMITH"},{"floor":23,"key":"REST"},{"floor":27,"key":"REST"},{"floor":29,"key":"REST"},{"floor":32,"key":"REST"}],"circlet_count":0,"master_deck":["Strike_R","Strike_R","Strike_R","Strike_R","Strike_R","Defend_R","Defend_R","Defend_R","Defend_R","Bash","Cleave","Hemokinesis","Perfected Strike+1","Inflame+1","Fire Breathing+1","Armaments","Bloodletting+1","Fiend Fire","Shrug It Off","Feel No Pain+1","Body Slam","Bludgeon","Armaments+1","Brutality+1","Anger","Fire Breathing+1","Combust+1","Feel No Pain+1","Rupture+1","Entrench+1","Brutality+1"],"relics":["Black Blood","NeowsBlessing","PreservedInsect","Frozen Egg 2","Nunchaku","Dream Catcher","Runic Pyramid","Old Coin","Regal Pillow","Oddly Smooth Stone","Incense Burner"],"acts_visited":["Exordium","TheCity","TheBeyond"],"potions_floor_usage":[10,10,21,25,25,28,35],"damage_taken":[{"damage":0,"enemies":"Small Slimes","floor":1,"turns":1},{"damage":0,"enemies":"2 Louse","floor":5,"turns":1},{"damage":0,"enemies":"Gremlin Nob","floor":6,"turns":1},{"damage":3,"enemies":"Cultist","floor":8,"turns":3},{"damage":0,"enemies":"Red Slaver","floor":10,"turns":1},{"damage":5,"enemies":"Exordium Thugs","floor":14,"turns":3},{"damage":21,"enemies":"Slime Boss","floor":16,"turns":7},{"damage":28,"enemies":"Shell Parasite","floor":18,"turns":4},{"damage":33,"enemies":"3 Byrds","floor":21,"turns":5},{"damage":30,"enemies":"Centurion and Healer","floor":25,"turns":4},{"damage":34,"enemies":"Gremlin Leader","floor":28,"turns":3},{"damage":33,"enemies":"3 Cultists","floor":30,"turns":5},{"damage":10,"enemies":"Cultist and Chosen","floor":31,"turns":4},{"damage":32,"enemies":"Automaton","floor":33,"turns":6},{"damage":84,"enemies":"3 Darklings","floor":35,"turns":7}],"seed_played":"2956662833300221962","potions_obtained":[{"floor":5,"key":"Energy Potion"},{"floor":8,"key":"AttackPotion"},{"floor":16,"key":"BlessingOfTheForge"},{"floor":21,"key":"Swift Potion"},{"floor":25,"key":"PowerPotion"},{"floor":33,"key":"Dexterity Potion"}],"is_trial":false,"path_per_floor":["M","?","?","$","M","E","$","M","T","M","R","?","R","M","R","B",null,"M","?","?","M","$","R","?","M","T","R","E","R","M","M","R","B",null,"M"],"character_chosen":"IRONCLAD","items_purchased":["PreservedInsect","Hemokinesis","Inflame+1","Feel No Pain+1","BlessingOfTheForge","Body Slam","Bludgeon"],"campfire_rested":5,"item_purchase_floors":[4,4,7,22,22,22,22],"current_hp_per_floor":[80,69,69,69,75,80,80,80,80,80,80,62,80,80,80,65,80,58,58,58,31,31,55,55,31,31,70,42,80,53,49,80,54,80,0,0],"gold":422,"neow_bonus":"THREE_ENEMY_KILL","is_daily":false,"chose_seed":false,"campfire_upgraded":2,"win_rate":0.0,"timestamp":1611651017,"path_taken":["M","?","?","$","?","E","?","M","T","?","R","?","R","M","R","BOSS","M","?","?","M","$","R","?","M","T","R","E","R","?","M","R","BOSS","M"],"items_purchased_type":["Relic","Card","Card","Card","Potion","Card","Card"],"build_version":"2020-12-22","purchased_purges":0,"victory":false,"max_hp_per_floor":[80,80,80,80,80,80,80,80,80,80,80,80,80,80,80,80,80,80,80,80,80,80,80,80,80,80,80,80,80,80,80,80,80,80,80,80],"card_choices":[{"not_picked":["Clothesline","Burning Pact"],"picked":"Cleave","floor":1},{"not_picked":["Burning Pact","Flex"],"picked":"Armaments","floor":5},{"not_picked":["Shockwave","Carnage"],"picked":"Perfected Strike","floor":6},{"not_picked":["Armaments","Clothesline"],"picked":"Fire Breathing+1","floor":8},{"not_picked":["Clash","Sword Boomerang"],"picked":"Armaments","floor":10},{"not_picked":["Second Wind","Pummel"],"picked":"Bloodletting","floor":13},{"not_picked":["Flex","True Grit","Intimidate"],"picked":"SKIP","floor":14},{"not_picked":["Berserk+1","Barricade+1"],"picked":"Fiend Fire","floor":16},{"not_picked":["Sword Boomerang","Iron Wave"],"picked":"Shrug It Off","floor":18},{"not_picked":["Shrug It Off","Pommel Strike","Thunderclap"],"picked":"SKIP","floor":21},{"not_picked":["Headbutt","Warcry"],"picked":"Armaments+1","floor":23},{"not_picked":["Twin Strike+1","Headbutt"],"picked":"Brutality+1","floor":25},{"not_picked":["Flex","Clothesline"],"picked":"Anger","floor":27},{"not_picked":["Burning Pact","Intimidate+1"],"picked":"Fire Breathing+1","floor":28},{"not_picked":["Cleave+1","Body Slam"],"picked":"Combust+1","floor":29},{"not_picked":["Flame Barrier","Headbutt"],"picked":"Feel No Pain+1","floor":30},{"not_picked":["Feel No Pain+1","Feed"],"picked":"Rupture+1","floor":31},{"not_picked":["Warcry","Iron Wave"],"picked":"Entrench+1","floor":32},{"not_picked":["Demon Form+1","Impervious"],"picked":"Brutality+1","floor":33}],"player_experience":45399,"relics_obtained":[{"floor":6,"key":"Frozen Egg 2"},{"floor":9,"key":"Nunchaku"},{"floor":26,"key":"Oddly Smooth Stone"},{"floor":28,"key":"Incense Burner"}],"event_choices":[{"damage_healed":0,"gold_gain":75,"player_choice":"Gather Gold","damage_taken":11,"max_hp_gain":0,"max_hp_loss":0,"event_name":"World of Goop","floor":2,"gold_loss":0},{"damage_healed":0,"gold_gain":100,"player_choice":"Pray","damage_taken":0,"max_hp_gain":0,"max_hp_loss":0,"event_name":"Golden Shrine","floor":3,"gold_loss":0},{"damage_healed":0,"gold_gain":0,"player_choice":"Success","damage_taken":18,"relics_obtained":["Dream Catcher"],"max_hp_gain":0,"max_hp_loss":0,"event_name":"Scrap Ooze","floor":12,"gold_loss":0},{"damage_healed":0,"gold_gain":0,"player_choice":"Ignored","damage_taken":0,"max_hp_gain":0,"max_hp_loss":0,"event_name":"Ghosts","floor":19,"gold_loss":0},{"damage_healed":0,"gold_gain":0,"player_choice":"Opened","damage_taken":0,"relics_obtained":["Old Coin"],"max_hp_gain":0,"max_hp_loss":0,"event_name":"The Mausoleum","floor":20,"gold_loss":0},{"cards_removed":["Armaments"],"damage_healed":0,"gold_gain":0,"player_choice":"Gave Card","damage_taken":0,"relics_obtained":["Regal Pillow"],"max_hp_gain":0,"max_hp_loss":0,"event_name":"WeMeetAgain","floor":24,"gold_loss":0}],"is_beta":false,"boss_relics":[{"not_picked":["Fusion Hammer","Sozu"],"picked":"Runic Pyramid"},{"not_picked":["Empty Cage","Snecko Eye"],"picked":"Black Blood"}],"items_purged_floors":[],"is_endless":false,"potions_floor_spawned":[5,8,16,21,25,33],"killed_by":"3 Darklings","ascension_level":0}}