{"host":"y3h3n3f7seyagppx","time":1611688076,"event":{"mods":["AlwaysNeverKeys","BaseMod","Better Vampires","Colored Powertips","DeckTracker","Emptier Cage","Minty Spire (QoL Compilation)","Permanent Neow","Quick Restart","Rare Cards Sparkle","Relic Sorter","Relic Stats","StSLib","Transform Curses"],"gold_per_floor":[16,30,54,65,82,82,115,115,169,199,199,199,224,243,243,320,320,335,335,358,69,89,89,108,143,193,224,235,235,247,274,274,351,351,366,366,377,277,289,323,323,349,349,375,385,401,401,413,413,413,413,413,413,64,93,93],"floor_reached":57,"language":"ENG","playtime":5874,"items_purged":["Strike_R","Strike_R","Strike_R"],"score":2894,"play_id":"91f40d37-074c-43ee-84ec-2d9a17b705af","local_time":"20210126140756","is_ascension_mode":true,"campfire_choices":[{"data":"Armaments","floor":6.0,"key":"SMITH"},{"data":"Bash","floor":8.0,"key":"SMITH"},{"data":"Whirlwind","floor":15.0,"key":"SMITH"},{"data":"Sword Boomerang","floor":23.0,"key":"SMITH"},{"data":"Spot Weakness","floor":29.0,"key":"SMITH"},{"data":"Spot Weakness","floor":32.0,"key":"SMITH"},{"floor":47.0,"key":"REST"},{"floor":49.0,"key":"REST"},{"data":"Barricade","floor":53.0,"key":"SMITH"}],"circlet_count":0,"master_deck":["AscendersBane","Strike_R","Strike_R","Defend_R","Defend_R","Defend_R","Defend_R","Bash+1","Spot Weakness+1","Flame Barrier","Pommel Strike","Twin Strike","Armaments+1","Spot Weakness+1","Barricade+1","Sword Boomerang+1","Whirlwind+1","Feel No Pain","Shrug It Off","Flame Barrier","Battle Trance","Shrug It Off","Body Slam+1","Shrug It Off","Power Through","Fiend Fire","Flame Barrier+1","Shockwave","Shrug It Off","Thunderclap+1","Entrench+1","Limit Break","True Grit+1","Dark Embrace","Offering"],"relics":["Burning Blood","Prayer Wheel","Regal Pillow","Ornamental Fan","Blood Vial","Akabeko","Mango","Philosopher\u0027s Stone","Enchiridion","Bronze Scales","ClockworkSouvenir","Sundial","Orichalcum","Boot","Lizard Tail","Cursed Key","Juzu Bracelet","Dream Catcher","MealTicket","Happy Flower","Red Skull"],"acts_visited":["Exordium","TheCity","TheBeyond","TheEnding"],"potions_floor_usage":[56],"damage_taken":[{"damage":2.0,"enemies":"Cultist","floor":1.0,"turns":4.0},{"damage":1.0,"enemies":"2 Louse","floor":2.0,"turns":3.0},{"damage":3.0,"enemies":"Small Slimes","floor":4.0,"turns":4.0},{"damage":8.0,"enemies":"Exordium Thugs","floor":5.0,"turns":4.0},{"damage":32.0,"enemies":"Gremlin Nob","floor":7.0,"turns":4.0},{"damage":25.0,"enemies":"3 Sentries","floor":10.0,"turns":9.0},{"damage":0.0,"enemies":"Lagavulin","floor":13.0,"turns":7.0},{"damage":7.0,"enemies":"Large Slime","floor":14.0,"turns":5.0},{"damage":53.0,"enemies":"The Guardian","floor":16.0,"turns":11.0},{"damage":15.0,"enemies":"Chosen","floor":18.0,"turns":4.0},{"damage":0.0,"enemies":"2 Thieves","floor":22.0,"turns":1.0},{"damage":0.0,"enemies":"Centurion and Healer","floor":24.0,"turns":3.0},{"damage":15.0,"enemies":"Gremlin Leader","floor":25.0,"turns":3.0},{"damage":8.0,"enemies":"Book of Stabbing","floor":27.0,"turns":3.0},{"damage":10.0,"enemies":"Sentry and Sphere","floor":28.0,"turns":4.0},{"damage":0.0,"enemies":"Snake Plant","floor":30.0,"turns":3.0},{"damage":21.0,"enemies":"Gremlin Leader","floor":31.0,"turns":5.0},{"damage":30.0,"enemies":"Champ","floor":33.0,"turns":12.0},{"damage":0.0,"enemies":"3 Darklings","floor":35.0,"turns":1.0},{"damage":2.0,"enemies":"Orb Walker","floor":37.0,"turns":3.0},{"damage":16.0,"enemies":"Sphere and 2 Shapes","floor":39.0,"turns":5.0},{"damage":13.0,"enemies":"Nemesis","floor":40.0,"turns":7.0},{"damage":45.0,"enemies":"Giant Head","floor":42.0,"turns":8.0},{"damage":2.0,"enemies":"Nemesis","floor":44.0,"turns":5.0},{"damage":0.0,"enemies":"Transient","floor":45.0,"turns":6.0},{"damage":3.0,"enemies":"3 Darklings","floor":46.0,"turns":2.0},{"damage":30.0,"enemies":"4 Shapes","floor":48.0,"turns":5.0},{"damage":55.0,"enemies":"Time Eater","floor":50.0,"turns":15.0},{"damage":55.0,"enemies":"Donu and Deca","floor":51.0,"turns":9.0},{"damage":40.0,"enemies":"Shield and Spear","floor":55.0,"turns":5.0},{"damage":37,"enemies":"The Heart","floor":56,"turns":11}],"seed_played":"9179818348434036241","potions_obtained":[{"floor":1.0,"key":"SpeedPotion"},{"floor":2.0,"key":"EssenceOfSteel"},{"floor":4.0,"key":"Swift Potion"},{"floor":10.0,"key":"SpeedPotion"},{"floor":18.0,"key":"Fire Potion"},{"floor":22.0,"key":"ColorlessPotion"},{"floor":25.0,"key":"Explosive Potion"},{"floor":31.0,"key":"Regen Potion"},{"floor":37.0,"key":"SmokeBomb"},{"floor":39.0,"key":"SteroidPotion"},{"floor":44.0,"key":"ColorlessPotion"}],"is_trial":false,"path_per_floor":["M","M","T","M","M","R","E","R","T","E","?","?","E","M","R","B",null,"M","?","T","$","M","R","M","E","T","E","M","R","M","E","R","B",null,"M","?","M","$","M","E","?","E","T","E","M","M","R","M","R","B","B",null,"R","$","E","B",null],"character_chosen":"IRONCLAD","items_purchased":["ClockworkSouvenir","BloodPotion","Happy Flower","SpeedPotion"],"campfire_rested":2,"item_purchase_floors":[21,21,54,54],"current_hp_per_floor":[72,75,75,75,73,73,47,47,47,30,55,55,77,78,78,33,75,68,47,47,47,72,72,80,73,73,73,71,71,79,66,66,44,78,86,86,89,89,79,88,85,46,46,52,60,65,85,61,85,36,48,76,76,85,51,22],"gold":93,"neow_bonus":"ONE_RARE_RELIC","is_daily":false,"chose_seed":false,"campfire_upgraded":7,"win_rate":0.0,"timestamp":1611688076,"path_taken":["M","M","?","M","?","R","E","R","T","E","?","?","E","M","R","BOSS","M","?","?","$","M","R","M","E","T","E","M","R","M","E","R","BOSS","M","?","M","$","M","E","?","E","T","E","M","M","R","M","R","BOSS","BOSS","R","$","E","BOSS"],"items_purchased_type":["Relic","Potion","Relic","Potion"],"build_version":"2020-12-22","purchased_purges":3,"victory":true,"max_hp_per_floor":[75,75,75,75,75,75,75,75,75,75,75,75,89,89,89,89,89,89,89,89,89,89,89,89,89,89,89,89,89,89,89,89,89,89,89,89,89,89,89,89,85,85,85,85,85,85,85,85,85,85,85,85,85,85,85,85],"relic_stats":{"Regal Pillow":0,"Happy Flower":[5],"counters":[31,171],"Juzu Bracelet":0,"Orichalcum":[42],"Boot":[65],"Cursed Key":0,"Burning Blood":178,"Blood Vial":42,"Lizard Tail":42,"Dream Catcher":2,"Ornamental Fan":[80],"Sundial":[10],"Bronze Scales":[491],"Prayer Wheel":16,"MealTicket":9,"obtain_stats":[{"Regal Pillow":3,"Happy Flower":54,"Enchiridion":19,"Mango":13,"Juzu Bracelet":40,"Orichalcum":26,"Boot":27,"Cursed Key":34,"Burning Blood":0,"Akabeko":10,"ClockworkSouvenir":21,"Blood Vial":9,"Lizard Tail":31,"Dream Catcher":42,"Ornamental Fan":7,"Sundial":25,"Bronze Scales":20,"Prayer Wheel":0,"Philosopher\u0027s Stone":17,"MealTicket":44,"Red Skull":55},{"Regal Pillow":2,"Happy Flower":29,"Enchiridion":10,"Mango":7,"Juzu Bracelet":22,"Orichalcum":13,"Boot":14,"Cursed Key":18,"Burning Blood":0,"Akabeko":6,"ClockworkSouvenir":10,"Blood Vial":5,"Lizard Tail":17,"Dream Catcher":23,"Ornamental Fan":5,"Sundial":13,"Bronze Scales":10,"Prayer Wheel":0,"Philosopher\u0027s Stone":9,"MealTicket":24,"Red Skull":30},{"Regal Pillow":7,"Happy Flower":155,"Enchiridion":55,"Mango":35,"Juzu Bracelet":105,"Orichalcum":62,"Boot":65,"Cursed Key":89,"Burning Blood":0,"Akabeko":28,"ClockworkSouvenir":55,"Blood Vial":19,"Lizard Tail":77,"Dream Catcher":113,"Ornamental Fan":19,"Sundial":62,"Bronze Scales":55,"Prayer Wheel":0,"Philosopher\u0027s Stone":51,"MealTicket":118,"Red Skull":160}]},"card_choices":[{"not_picked":["Seeing Red","Searing Blow"],"picked":"Spot Weakness","floor":1.0},{"not_picked":["Blood for Blood","Burning Pact"],"picked":"Flame Barrier","floor":1.0},{"not_picked":["Twin Strike","Dark Embrace"],"picked":"Pommel Strike","floor":2.0},{"not_picked":["Wild Strike","Headbutt"],"picked":"Twin Strike","floor":2.0},{"not_picked":["Clothesline","Ghostly Armor"],"picked":"Armaments","floor":4.0},{"not_picked":["Dual Wield","True Grit"],"picked":"Spot Weakness","floor":4.0},{"not_picked":["Iron Wave","Dark Embrace"],"picked":"Anger","floor":5.0},{"not_picked":["Pommel Strike","Clash","Headbutt"],"picked":"SKIP","floor":5.0},{"not_picked":["Sever Soul","Pommel Strike"],"picked":"Barricade","floor":7.0},{"not_picked":["Cleave","Iron Wave"],"picked":"Sword Boomerang","floor":10.0},{"not_picked":["Dark Embrace","Perfected Strike","Searing Blow"],"picked":"SKIP","floor":13.0},{"not_picked":["Spot Weakness","Perfected Strike"],"picked":"Whirlwind","floor":14.0},{"not_picked":["Warcry","Pommel Strike","Intimidate"],"picked":"SKIP","floor":14.0},{"not_picked":["Wild Strike","Sever Soul"],"picked":"Feel No Pain","floor":18.0},{"not_picked":["Whirlwind+1","Hemokinesis+1"],"picked":"Shrug It Off","floor":18.0},{"not_picked":["Hemokinesis+1","Carnage"],"picked":"Flame Barrier","floor":22.0},{"not_picked":["Flex","Combust+1","Feel No Pain"],"picked":"SKIP","floor":22.0},{"not_picked":["Combust","Wild Strike"],"picked":"Battle Trance","floor":24.0},{"not_picked":["Havoc","Sever Soul"],"picked":"Shrug It Off","floor":24.0},{"not_picked":["Disarm","True Grit"],"picked":"Body Slam+1","floor":25.0},{"not_picked":["Body Slam","Headbutt+1"],"picked":"Shrug It Off","floor":27.0},{"not_picked":["Sword Boomerang","Iron Wave"],"picked":"Power Through","floor":28.0},{"not_picked":["Feel No Pain","Perfected Strike","Demon Form"],"picked":"SKIP","floor":28.0},{"not_picked":["Body Slam","Pommel Strike","Hemokinesis"],"picked":"SKIP","floor":30.0},{"not_picked":["Bloodletting","Iron Wave","Warcry"],"picked":"SKIP","floor":30.0},{"not_picked":["Whirlwind","Bloodletting","Rupture"],"picked":"SKIP","floor":31.0},{"not_picked":["Berserk","Double Tap"],"picked":"Fiend Fire","floor":33.0},{"not_picked":["Wild Strike+1","Thunderclap","Twin Strike"],"picked":"SKIP","floor":35.0},{"not_picked":["Cleave+1","Perfected Strike","Clothesline"],"picked":"SKIP","floor":35.0},{"not_picked":["Clash+1","Cleave"],"picked":"Flame Barrier+1","floor":37.0},{"not_picked":["Carnage","Perfected Strike"],"picked":"Shockwave","floor":37.0},{"not_picked":["Pommel Strike","Thunderclap"],"picked":"Shrug It Off","floor":39.0},{"not_picked":["Demon Form","Spot Weakness+1","Whirlwind"],"picked":"SKIP","floor":39.0},{"not_picked":["Heavy Blade","Thunderclap","Clash"],"picked":"SKIP","floor":40.0},{"not_picked":["Heavy Blade","Thunderclap","Clash"],"picked":"SKIP","floor":40.0},{"not_picked":["Thunderclap+1","Intimidate","Blood for Blood"],"picked":"SKIP","floor":42.0},{"not_picked":["Intimidate","Blood for Blood"],"picked":"Thunderclap+1","floor":42.0},{"not_picked":["Flex+1","Rupture","Perfected Strike"],"picked":"SKIP","floor":44.0},{"not_picked":["Flex+1","Rupture","Perfected Strike"],"picked":"SKIP","floor":44.0},{"not_picked":["Flex","Bloodletting+1"],"picked":"Entrench+1","floor":45.0},{"not_picked":["Metallicize","Pommel Strike"],"picked":"Limit Break","floor":45.0},{"not_picked":["Havoc+1","Pommel Strike"],"picked":"True Grit+1","floor":46.0},{"not_picked":["Seeing Red+1","Clothesline"],"picked":"Dark Embrace","floor":46.0},{"not_picked":["Twin Strike","Bludgeon","True Grit"],"picked":"SKIP","floor":48.0},{"not_picked":["True Grit","Perfected Strike","Body Slam+1"],"picked":"SKIP","floor":48.0},{"not_picked":["Intimidate","Clothesline"],"picked":"Offering","floor":55.0}],"player_experience":21623998,"relics_obtained":[{"floor":3.0,"key":"Regal Pillow"},{"floor":7.0,"key":"Ornamental Fan"},{"floor":9.0,"key":"Blood Vial"},{"floor":10.0,"key":"Akabeko"},{"floor":13.0,"key":"Mango"},{"floor":19.0,"key":"Enchiridion"},{"floor":20.0,"key":"Bronze Scales"},{"floor":25.0,"key":"Sundial"},{"floor":26.0,"key":"Orichalcum"},{"floor":27.0,"key":"Boot"},{"floor":31.0,"key":"Lizard Tail"},{"floor":40.0,"key":"Juzu Bracelet"},{"floor":42.0,"key":"Dream Catcher"},{"floor":44.0,"key":"MealTicket"},{"floor":55.0,"key":"Red Skull"}],"event_choices":[{"damage_healed":25.0,"max_hp_gain":0.0,"max_hp_loss":0.0,"gold_gain":0.0,"event_name":"Big Fish","player_choice":"Banana","floor":11.0,"gold_loss":0.0,"damage_taken":0.0},{"damage_healed":0.0,"max_hp_gain":0.0,"max_hp_loss":0.0,"gold_gain":0.0,"event_name":"Match and Keep!","player_choice":"0 cards matched","floor":12.0,"gold_loss":0.0,"damage_taken":0.0,"cards_obtained":[]},{"damage_healed":0.0,"max_hp_gain":0.0,"max_hp_loss":0.0,"gold_gain":0.0,"event_name":"Cursed Tome","player_choice":"Obtained Book","floor":19.0,"gold_loss":0.0,"damage_taken":21.0},{"cards_removed":["Anger"],"damage_healed":0.0,"max_hp_gain":0.0,"max_hp_loss":0.0,"gold_gain":0.0,"event_name":"Falling","player_choice":"Removed Attack","floor":36.0,"gold_loss":0.0,"damage_taken":0.0},{"damage_healed":0.0,"max_hp_gain":0.0,"max_hp_loss":4.0,"gold_gain":0.0,"event_name":"Winding Halls","player_choice":"Max HP","floor":41.0,"gold_loss":0.0,"damage_taken":0.0}],"is_beta":false,"boss_relics":[{"not_picked":["Busted Crown","Tiny House"],"picked":"Philosopher\u0027s Stone"},{"not_picked":["Runic Pyramid","Calling Bell"],"picked":"Cursed Key"}],"items_purged_floors":[21,38,54],"is_endless":false,"potions_floor_spawned":[1,2,4,10,18,22,25,31,37,39,44],"ascension_level":20}}