{"host":"0fm1w3v00gid44jl","time":1611701739,"event":{"mods":["AchievementEnabler","BaseMod","Colored Map","Colored Powertips","Displayed Cursed Tome","Downfall","Googly Eyes","Highlight Path","Minty Spire (QoL Compilation)","Permanent Neow","Relic Stats","StSLib","SuperFastMode","slay the spire mod where everything is the same but ironclad has a cowboy hat"],"gold_per_floor":[99,117,136,136,46,46,69,69,99,114,133,145,145,145,160,160,160,160],"floor_reached":16,"language":"ENG","playtime":631,"items_purged":[],"score":117,"play_id":"7550474a-bab7-475a-b908-783f9c0ddd9b","local_time":"20210126165539","is_ascension_mode":true,"campfire_choices":[{"data":"bronze:Boost","floor":1,"key":"SMITH"},{"data":"bronze:CloningBeam","floor":8,"key":"SMITH"},{"data":"bronze:Goto","floor":13,"key":"SMITH"}],"circlet_count":0,"master_deck":["bronze:Strike","bronze:Strike","bronze:Strike","bronze:Strike","bronze:Defend","bronze:Defend","bronze:Defend","bronze:Defend","bronze:Replicate","bronze:Goto+1","bronze:Boost+1","bronze:CloningBeam+1","bronze:Iterate","bronze:Terminator","bronze:Constructor","bronze:ChosenStrike","bronze:FineTuning"],"relics":["bronze:BronzeCore","Meat on the Bone","Regal Pillow","Centennial Puzzle","bronze:BottledCode"],"acts_visited":["Exordium"],"potions_floor_usage":[],"damage_taken":[{"damage":4,"enemies":"Jaw Worm","floor":2,"turns":3},{"damage":11,"enemies":"2 Louse","floor":3,"turns":3},{"damage":2,"enemies":"downfall:FleeingMerchant","floor":5,"turns":4},{"damage":27,"enemies":"Lagavulin","floor":9,"turns":6},{"damage":0,"enemies":"Cultist","floor":10,"turns":4},{"damage":14,"enemies":"Exordium Thugs","floor":11,"turns":5},{"damage":10,"enemies":"Large Slime","floor":12,"turns":5},{"damage":12,"enemies":"Lots of Slimes","floor":15,"turns":3},{"damage":45,"enemies":"DF_ARCHETYPE_STREAMLINE","floor":16,"turns":6}],"seed_played":"7597503191070019569","potions_obtained":[{"floor":2,"key":"FearPotion"},{"floor":3,"key":"Ancient Potion"},{"floor":10,"key":"Ancient Potion"}],"is_trial":false,"path_per_floor":["R","M","M","?","$","?","T","R","E","M","M","M","R","?","M","B"],"character_chosen":"THE_AUTOMATON","items_purchased":["bronze:Terminator"],"campfire_rested":0,"item_purchase_floors":[5],"current_hp_per_floor":[70,66,55,37,47,47,47,47,32,44,42,44,44,44,32,0,0,0],"gold":160,"neow_bonus":"THREE_CARDS","is_daily":false,"chose_seed":false,"campfire_upgraded":3,"win_rate":0.0,"timestamp":1611701739,"path_taken":["R","M","M","?","$","?","T","R","E","M","M","M","R","?","M","BOSS"],"items_purchased_type":["Card"],"build_version":"2020-12-22","purchased_purges":0,"victory":false,"max_hp_per_floor":[70,70,70,70,70,70,70,70,70,70,70,70,70,60,60,60,60,60],"relic_stats":{"Regal Pillow":0,"Centennial Puzzle":[12],"counters":[9,39],"obtain_stats":[{"bronze:BottledCode":14,"Regal Pillow":7,"Centennial Puzzle":9,"bronze:BronzeCore":0,"Meat on the Bone":4},{"bronze:BottledCode":7,"Regal Pillow":3,"Centennial Puzzle":4,"bronze:BronzeCore":0,"Meat on the Bone":2},{"bronze:BottledCode":30,"Regal Pillow":10,"Centennial Puzzle":16,"bronze:BronzeCore":0,"Meat on the Bone":6}],"Meat on the Bone":60},"card_choices":[{"not_picked":["bronze:ItsAFeature","bronze:ForLoop"],"picked":"bronze:Boost","floor":0},{"not_picked":["bronze:Boost","bronze:ForceShield"],"picked":"bronze:CloningBeam","floor":2},{"not_picked":["bronze:Invalidate","bronze:WildBeam","bronze:DelayedGuard"],"picked":"SKIP","floor":3},{"not_picked":["bronze:Safeguard","bronze:Turbo"],"picked":"bronze:Iterate","floor":5},{"not_picked":["bronze:BitShift","bronze:DarkDash","bronze:Invalidate"],"picked":"SKIP","floor":9},{"not_picked":["bronze:Shield","bronze:BitShift"],"picked":"bronze:Constructor","floor":10},{"not_picked":["bronze:ChildClass","bronze:OilSpill"],"picked":"bronze:ChosenStrike","floor":11},{"not_picked":["bronze:Shell","bronze:ChildClass","bronze:Mutator"],"picked":"SKIP","floor":12},{"not_picked":["bronze:Separator","bronze:Turbo"],"picked":"bronze:FineTuning","floor":15}],"player_experience":1502362,"relics_obtained":[{"floor":7,"key":"Regal Pillow"},{"floor":9,"key":"Centennial Puzzle"}],"event_choices":[{"damage_healed":0,"gold_gain":0,"player_choice":"Success","damage_taken":18,"relics_obtained":["Meat on the Bone"],"max_hp_gain":0,"max_hp_loss":0,"event_name":"Scrap Ooze","floor":4,"gold_loss":0}],"is_beta":false,"boss_relics":[],"items_purged_floors":[],"is_endless":false,"potions_floor_spawned":[2,3,10,15],"killed_by":"DF_ARCHETYPE_STREAMLINE","ascension_level":3}}