{"host":"9l4mw5jqza9qz9hr","time":1611684073,"event":{"mods":["AchievementEnabler","Always Whale","BaseMod","Colored Map","Minty Spire (QoL Compilation)","StSLib","SuperFastMode"],"gold_per_floor":[114,114,129,144,159,189,219,249,249,249,264,140,170,185,185,285,285,300,300,300,300,173,203,10,40,40,40,55,55,85,100,100,200,200,215,215,215,230,183,213,63,63,63,78,128,143,18,48,48,48],"floor_reached":51,"language":"KOR","playtime":2524,"items_purged":["Uppercut"],"score":891,"play_id":"a1d0adf1-92be-4eef-b92a-ac056c20160d","local_time":"20210127030113","daily_mods":["SealedDeck","Flight","Night Terrors"],"is_ascension_mode":false,"campfire_choices":[{"data":"Dark Embrace","floor":15.0,"key":"SMITH"},{"floor":32.0,"key":"REST"},{"floor":42,"key":"REST"},{"floor":49,"key":"REST"}],"circlet_count":0,"master_deck":["Warcry","Warcry","Hemokinesis","Armaments+1","True Grit","Intimidate","Body Slam+1","Disarm","Entrench","Cleave","Flame Barrier","Seeing Red","Flame Barrier","Power Through","True Grit","Dark Embrace+1","Burning Pact","Juggernaut","Body Slam+1","Shrug It Off","Feel No Pain","Feel No Pain","Shrug It Off","Feel No Pain","Shame","Battle Trance+1","Juggernaut","True Grit","Sentinel","Shrug It Off","Finesse","Shrug It Off+1","Apotheosis","Battle Trance+1"],"relics":["Burning Blood","Mango","Nunchaku","Pen Nib","Ornamental Fan","Regal Pillow","Fusion Hammer","MutagenicStrength","Bottled Tornado","Membership Card","Incense Burner","Lantern","Strawberry","Centennial Puzzle","Philosopher\u0027s Stone","Letter Opener","Oddly Smooth Stone","DollysMirror","Shuriken","Ginger","Bag of Preparation","Eternal Feather"],"acts_visited":["Exordium","TheCity","TheBeyond"],"potions_floor_usage":[40],"damage_taken":[{"damage":12.0,"enemies":"Jaw Worm","floor":1.0,"turns":2.0},{"damage":2.0,"enemies":"Cultist","floor":3.0,"turns":4.0},{"damage":3.0,"enemies":"2 Louse","floor":4.0,"turns":3.0},{"damage":4.0,"enemies":"Blue Slaver","floor":5.0,"turns":4.0},{"damage":13.0,"enemies":"3 Sentries","floor":6.0,"turns":7.0},{"damage":10.0,"enemies":"Lagavulin","floor":7.0,"turns":9.0},{"damage":43.0,"enemies":"Gremlin Nob","floor":8.0,"turns":6.0},{"damage":2.0,"enemies":"2 Fungi Beasts","floor":11.0,"turns":4.0},{"damage":8.0,"enemies":"3 Sentries","floor":13.0,"turns":10.0},{"damage":2.0,"enemies":"3 Louse","floor":14.0,"turns":3.0},{"damage":41.0,"enemies":"Slime Boss","floor":16.0,"turns":13.0},{"damage":2.0,"enemies":"3 Byrds","floor":18.0,"turns":4.0},{"damage":5.0,"enemies":"Slavers","floor":23.0,"turns":3.0},{"damage":2.0,"enemies":"Gremlin Leader","floor":25.0,"turns":6.0},{"damage":0.0,"enemies":"Shell Parasite","floor":28.0,"turns":4.0},{"damage":0.0,"enemies":"Book of Stabbing","floor":30.0,"turns":4.0},{"damage":2.0,"enemies":"Centurion and Healer","floor":31.0,"turns":3.0},{"damage":43.0,"enemies":"Automaton","floor":33.0,"turns":12.0},{"damage":1.0,"enemies":"3 Shapes","floor":35.0,"turns":4.0},{"damage":42.0,"enemies":"3 Darklings","floor":38.0,"turns":3.0},{"damage":62,"enemies":"Reptomancer","floor":40,"turns":6},{"damage":28,"enemies":"Sphere and 2 Shapes","floor":44,"turns":5},{"damage":2,"enemies":"Mind Bloom Boss Battle","floor":45,"turns":4},{"damage":19,"enemies":"Spire Growth","floor":46,"turns":3},{"damage":30,"enemies":"Nemesis","floor":48,"turns":3},{"damage":5,"enemies":"Donu and Deca","floor":50,"turns":4}],"seed_played":"-4735054310349275430","potions_obtained":[{"floor":4.0,"key":"ColorlessPotion"},{"floor":6.0,"key":"SteroidPotion"},{"floor":11.0,"key":"AttackPotion"},{"floor":13.0,"key":"Weak Potion"},{"floor":14.0,"key":"DistilledChaos"},{"floor":30.0,"key":"ElixirPotion"},{"floor":31.0,"key":"DuplicationPotion"},{"floor":33.0,"key":"BlessingOfTheForge"},{"floor":40,"key":"Ancient Potion"}],"is_trial":false,"path_per_floor":["M","?","M","M","M","E","E","E","T","?","M","$","E","M","R","B",null,"M","?","?","?","$","E","$","E","T","?","M","?","E","M","R","B",null,"M","?","?","M","$","E","$","R","T","M","?","M","$","E","R","B",null],"character_chosen":"IRONCLAD","items_purchased":["True Grit","Shrug It Off","Feel No Pain","Membership Card","Feel No Pain","Shrug It Off","Finesse","Oddly Smooth Stone","DollysMirror","Bag of Preparation","HeartOfIron"],"campfire_rested":3,"item_purchase_floors":[12,22,22,24,24,24,39,41,41,47,47],"current_hp_per_floor":[74,74,78,80,80,87,83,46,46,46,50,50,48,52,52,17,94,94,94,94,94,94,94,94,94,94,75,81,88,94,98,101,64,101,101,101,101,65,65,9,9,96,96,74,78,65,65,41,91,91],"gold":48,"neow_bonus":"","is_daily":true,"chose_seed":false,"campfire_upgraded":1,"win_rate":0.0,"timestamp":1611684073,"path_taken":["M","?","M","?","M","E","E","E","T","?","M","$","E","?","R","BOSS","M","?","?","?","$","E","$","E","T","?","M","?","E","M","R","BOSS","M","?","?","?","$","E","$","R","T","M","?","M","$","E","R","BOSS"],"items_purchased_type":["Card","Card","Card","Relic","Card","Card","Card","Relic","Relic","Relic","Potion"],"build_version":"2020-12-22","purchased_purges":1,"victory":true,"max_hp_per_floor":[80,80,80,80,80,94,94,94,94,94,94,94,94,94,94,94,94,94,94,94,94,94,94,94,94,94,99,99,106,106,106,101,101,101,101,101,101,101,101,101,101,96,96,96,96,96,96,96,91,91],"card_choices":[{"not_picked":["Rupture","Anger"],"picked":"Cleave","floor":1.0},{"not_picked":["Rampage","Bloodletting"],"picked":"Flame Barrier","floor":3.0},{"not_picked":["Havoc","Warcry"],"picked":"Disarm","floor":4.0},{"not_picked":["Rupture","Heavy Blade"],"picked":"Seeing Red","floor":5.0},{"not_picked":["Thunderclap","Twin Strike"],"picked":"Flame Barrier","floor":6.0},{"not_picked":["Perfected Strike","Bludgeon"],"picked":"Power Through","floor":7.0},{"not_picked":["Perfected Strike","Warcry","Heavy Blade"],"picked":"SKIP","floor":8.0},{"not_picked":["Twin Strike","Flex","Rupture"],"picked":"SKIP","floor":11.0},{"not_picked":["Twin Strike","Wild Strike"],"picked":"Dark Embrace","floor":13.0},{"not_picked":["Uppercut","Thunderclap"],"picked":"Burning Pact","floor":14.0},{"not_picked":["Berserk","Immolate"],"picked":"Juggernaut","floor":16.0},{"not_picked":["Flex+1","Thunderclap"],"picked":"Body Slam+1","floor":18.0},{"not_picked":["Headbutt+1","Wild Strike","True Grit"],"picked":"SKIP","floor":23.0},{"not_picked":["Headbutt+1","Wild Strike","True Grit"],"picked":"SKIP","floor":23.0},{"not_picked":["Sever Soul","Clash"],"picked":"Feel No Pain","floor":25.0},{"not_picked":["Cleave","Anger","Dual Wield"],"picked":"SKIP","floor":28.0},{"not_picked":["Seeing Red","Pummel"],"picked":"Battle Trance+1","floor":30.0},{"not_picked":["Cleave","Clash","Warcry"],"picked":"SKIP","floor":31.0},{"not_picked":["Impervious","Immolate"],"picked":"Juggernaut","floor":33.0},{"not_picked":["Perfected Strike","Thunderclap+1"],"picked":"True Grit","floor":35.0},{"not_picked":["Spot Weakness+1","Heavy Blade","Headbutt+1"],"picked":"SKIP","floor":38.0},{"not_picked":["Flex","Iron Wave"],"picked":"Shrug It Off+1","floor":40},{"not_picked":["Carnage","Warcry","Spot Weakness"],"picked":"SKIP","floor":44},{"not_picked":["Sword Boomerang+1","Immolate","Rampage"],"picked":"SKIP","floor":46},{"not_picked":["Limit Break","Thunderclap+1","Anger"],"picked":"SKIP","floor":48}],"player_experience":260897,"relics_obtained":[{"floor":6.0,"key":"Mango"},{"floor":7.0,"key":"Nunchaku"},{"floor":8.0,"key":"Pen Nib"},{"floor":9.0,"key":"Ornamental Fan"},{"floor":13.0,"key":"Regal Pillow"},{"floor":23.0,"key":"Bottled Tornado"},{"floor":25.0,"key":"Incense Burner"},{"floor":26.0,"key":"Lantern"},{"floor":30.0,"key":"Centennial Puzzle"},{"floor":40,"key":"Letter Opener"},{"floor":43,"key":"Shuriken"},{"floor":45,"key":"Ginger"},{"floor":48,"key":"Eternal Feather"}],"event_choices":[{"damage_healed":0.0,"max_hp_gain":0.0,"max_hp_loss":0.0,"gold_gain":0.0,"event_name":"Accursed Blacksmith","player_choice":"Forge","floor":2.0,"gold_loss":0.0,"damage_taken":0.0,"cards_upgraded":["Armaments"]},{"damage_healed":0.0,"max_hp_gain":0.0,"max_hp_loss":0.0,"gold_gain":0.0,"event_name":"Upgrade Shrine","player_choice":"Upgraded","floor":10.0,"gold_loss":0.0,"damage_taken":0.0,"cards_upgraded":["Body Slam"]},{"damage_healed":0.0,"max_hp_gain":0.0,"max_hp_loss":0.0,"gold_gain":0.0,"event_name":"Drug Dealer","player_choice":"Inject Mutagens","floor":19.0,"gold_loss":0.0,"damage_taken":0.0,"relics_obtained":["MutagenicStrength"]},{"damage_healed":0.0,"max_hp_gain":0.0,"max_hp_loss":0.0,"gold_gain":0.0,"event_name":"Ghosts","player_choice":"Ignored","floor":20.0,"gold_loss":0.0,"damage_taken":0.0},{"cards_removed":["Disarm"],"damage_healed":0.0,"max_hp_gain":0.0,"max_hp_loss":0.0,"gold_gain":0.0,"event_name":"Back to Basics","player_choice":"Elegance","floor":21.0,"gold_loss":0.0,"damage_taken":0.0},{"damage_healed":0.0,"max_hp_gain":5.0,"max_hp_loss":0.0,"gold_gain":0.0,"event_name":"Forgotten Altar","player_choice":"Shed Blood","floor":27.0,"gold_loss":0.0,"damage_taken":24.0},{"damage_healed":0.0,"max_hp_gain":0.0,"max_hp_loss":0.0,"gold_gain":0.0,"event_name":"Addict","player_choice":"Stole Relic","floor":29.0,"gold_loss":0.0,"damage_taken":0.0,"relics_obtained":["Strawberry"],"cards_obtained":["Shame"]},{"damage_healed":0.0,"max_hp_gain":0.0,"max_hp_loss":0.0,"gold_gain":0.0,"event_name":"Tomb of Lord Red Mask","player_choice":"Ignored","floor":36.0,"gold_loss":0.0,"damage_taken":0.0},{"damage_healed":0.0,"max_hp_gain":0.0,"max_hp_loss":0.0,"gold_gain":0.0,"event_name":"Match and Keep!","player_choice":"2 cards matched","floor":37.0,"gold_loss":0.0,"damage_taken":0.0,"cards_obtained":["Sentinel","Shrug It Off"]},{"damage_healed":0,"gold_gain":0,"player_choice":"Fight","damage_taken":0,"max_hp_gain":0,"max_hp_loss":0,"event_name":"MindBloom","floor":45,"gold_loss":0}],"is_beta":false,"boss_relics":[{"not_picked":["SlaversCollar","Astrolabe"],"picked":"Fusion Hammer"},{"not_picked":["Black Blood","SacredBark"],"picked":"Philosopher\u0027s Stone"}],"items_purged_floors":[12],"is_endless":false,"potions_floor_spawned":[4,6,11,13,14,18,30,31,33,35,40],"ascension_level":0}}