{"host":"xko5sdb82mf02c09","time":1611690374,"event":{"mods":["AchievementEnabler","BaseMod","Colored Map","Minty Spire (QoL Compilation)","StSLib","everything is the same but u backflip on backflip"],"gold_per_floor":[110,60,60,75,52,84,84,84,131,103,132,132,147,158,158,158,158],"floor_reached":16,"language":"KOR","playtime":467,"items_purged":[],"score":165,"play_id":"e0cf1e2b-9ce7-4f20-8f57-352e299ad45d","local_time":"20210127044614","is_ascension_mode":true,"campfire_choices":[{"data":"Leg Sweep","floor":8,"key":"SMITH"},{"data":"Adrenaline","floor":12,"key":"SMITH"},{"data":"Footwork","floor":15,"key":"SMITH"}],"circlet_count":0,"master_deck":["AscendersBane","Strike_G","Strike_G","Strike_G","Strike_G","Strike_G","Defend_G","Defend_G","Defend_G","Defend_G","Survivor","Neutralize","Adrenaline+1","Heel Hook","Leg Sweep+1","Dagger Throw","Footwork+1","Dagger Spray"],"relics":["Ring of the Snake","Singing Bowl","StrikeDummy","Centennial Puzzle","CeramicFish"],"acts_visited":["Exordium"],"potions_floor_usage":[6],"damage_taken":[{"damage":5,"enemies":"Cultist","floor":1,"turns":5},{"damage":2,"enemies":"Jaw Worm","floor":4,"turns":5},{"damage":15,"enemies":"Gremlin Nob","floor":6,"turns":5},{"damage":0,"enemies":"2 Louse","floor":11,"turns":3},{"damage":3,"enemies":"Exordium Thugs","floor":13,"turns":4},{"damage":2,"enemies":"Large Slime","floor":14,"turns":6},{"damage":32,"enemies":"Slime Boss","floor":16,"turns":6}],"seed_played":"6223431399720162926","potions_obtained":[{"floor":1,"key":"Ancient Potion"},{"floor":4,"key":"CunningPotion"}],"is_trial":false,"path_per_floor":["M","?","T","M","$","E","?","R","T","$","M","R","M","M","R","B"],"character_chosen":"THE_SILENT","items_purchased":["Dagger Throw","Footwork"],"campfire_rested":0,"item_purchase_floors":[5,10],"current_hp_per_floor":[58,58,58,56,56,43,31,31,31,31,31,31,30,30,30,0,0],"gold":158,"neow_bonus":"ONE_RANDOM_RARE_CARD","is_daily":false,"chose_seed":false,"campfire_upgraded":3,"win_rate":0.0,"timestamp":1611690374,"path_taken":["M","?","?","?","$","E","?","R","T","?","M","R","M","M","R","BOSS"],"items_purchased_type":["Card","Card"],"build_version":"2020-12-22","purchased_purges":0,"victory":false,"max_hp_per_floor":[70,70,70,70,70,72,72,72,72,72,72,72,74,76,76,76,76],"card_choices":[{"not_picked":["Deadly Poison","Outmaneuver"],"picked":"Heel Hook","floor":1},{"not_picked":["Reflex","Bane"],"picked":"Leg Sweep","floor":4},{"not_picked":["Quick Slash","Deadly Poison","Backflip"],"picked":"Singing Bowl","floor":6},{"not_picked":["Dagger Throw","Cloak And Dagger"],"picked":"Dagger Spray","floor":11},{"not_picked":["Flechettes","Distraction","Dash"],"picked":"Singing Bowl","floor":13},{"not_picked":["Deflect","Caltrops","Distraction"],"picked":"Singing Bowl","floor":14}],"player_experience":496467,"relics_obtained":[{"floor":3,"key":"Singing Bowl"},{"floor":6,"key":"StrikeDummy"},{"floor":9,"key":"CeramicFish"}],"event_choices":[{"cards_removed":["Defend_G"],"damage_healed":0,"gold_gain":0,"player_choice":"Card Removal","damage_taken":0,"max_hp_gain":0,"max_hp_loss":0,"event_name":"The Cleric","floor":2,"gold_loss":50},{"damage_healed":0,"gold_gain":0,"player_choice":"Success","damage_taken":12,"relics_obtained":["Centennial Puzzle"],"max_hp_gain":0,"max_hp_loss":0,"event_name":"Scrap Ooze","floor":7,"gold_loss":0}],"is_beta":false,"boss_relics":[],"items_purged_floors":[],"is_endless":false,"potions_floor_spawned":[1,4],"killed_by":"Slime Boss","ascension_level":13}}