{"host":"1ecbliur7lfoj0sl","time":1611650149,"event":{"mods":["BaseMod","Downfall","Minty Spire (QoL Compilation)","StSLib","Waifu the Spire"],"gold_per_floor":[99,113,113,130,146,146,146,146,146,193,93,126,26,26,39,139,139,139,153,170,170,230,230,283,336,138,192,192,251,251,324,336,336,336,336],"floor_reached":33,"language":"ZHS","playtime":1298,"items_purged":["bronze:Strike"],"score":365,"play_id":"e7e786e9-9bca-41e8-bb8c-2f2187ca1669","local_time":"20210126163549","is_ascension_mode":true,"campfire_choices":[{"data":"bronze:Goto","floor":1.0,"key":"SMITH"},{"floor":8.0,"key":"RECALL"},{"data":"bronze:BugBarrage","floor":11.0,"key":"SMITH"},{"data":"bronze:OilSpill","floor":13.0,"key":"SMITH"},{"data":"bronze:Terminator","floor":18.0,"key":"SMITH"},{"data":"bronze:MaxOutput","floor":23.0,"key":"SMITH"},{"data":"bronze:Terminator","floor":30,"key":"SMITH"}],"circlet_count":0,"master_deck":["bronze:Defend","bronze:Defend","bronze:Replicate","bronze:Goto+1","bronze:OilSpill+1","bronze:BugBarrage+1","bronze:Terminator+1","bronze:BugBarrage","bronze:HyperBeam","bronze:MaxOutput+1","bronze:BuggyMess+1","bronze:Goto+1","bronze:FineTuning","bronze:Refactor","bronze:Terminator+1","Pain","bronze:Format","bronze:Repulsor+1","bronze:MaxOutput"],"relics":["bronze:BronzeCore","bronze:BottledCode","Mummified Hand","Happy Flower","downfall:HeartBlessingRed","Darkstone Periapt","downfall:HeartBlessingGreen","bronze:MakeshiftBattery","downfall:KnowingSkull","Vajra","DollysMirror","MealTicket"],"acts_visited":["Exordium","TheCity"],"potions_floor_usage":[33,33],"damage_taken":[{"damage":4.0,"enemies":"Jaw Worm","floor":2.0,"turns":3.0},{"damage":0.0,"enemies":"Small Slimes","floor":4.0,"turns":2.0},{"damage":0.0,"enemies":"2 Louse","floor":5.0,"turns":3.0},{"damage":15.0,"enemies":"Gremlin Nob","floor":12.0,"turns":3.0},{"damage":3.0,"enemies":"2 Fungi Beasts","floor":15.0,"turns":2.0},{"damage":8.0,"enemies":"SI_SHIV_ARCHETYPE","floor":16.0,"turns":3.0},{"damage":0.0,"enemies":"Chosen","floor":19.0,"turns":2.0},{"damage":0.0,"enemies":"Cultist and Chosen","floor":20.0,"turns":3.0},{"damage":17.0,"enemies":"Centurion and Healer","floor":22.0,"turns":2.0},{"damage":3.0,"enemies":"Snake Plant","floor":25.0,"turns":1.0},{"damage":5.0,"enemies":"downfall:FleeingMerchant","floor":26.0,"turns":4.0},{"damage":3.0,"enemies":"Chosen and Byrds","floor":27.0,"turns":2.0},{"damage":3,"enemies":"Cultist and Chosen","floor":29,"turns":2},{"damage":13,"enemies":"Book of Stabbing","floor":31,"turns":3},{"damage":1,"enemies":"3 Cultists","floor":32,"turns":2},{"damage":23,"enemies":"DF_ARCHETYPE_CLAW","floor":33,"turns":3}],"seed_played":"6144976856672465920","potions_obtained":[{"floor":12.0,"key":"LiquidMemories"},{"floor":16.0,"key":"LiquidMemories"},{"floor":20.0,"key":"AttackPotion"},{"floor":29,"key":"SkillPotion"},{"floor":31,"key":"Guardian:BlockOnCardUsePotion"}],"is_trial":false,"path_per_floor":["R","M","?","M","M","?","T","R","?","T","R","E","R","?","M","B",null,"R","M","M","?","M","R","T","M","$","M","?","M","R","E","M","B"],"character_chosen":"THE_AUTOMATON","items_purchased":["DollysMirror"],"campfire_rested":0,"item_purchase_floors":[26],"current_hp_per_floor":[77,73,73,73,73,67,67,67,67,67,67,52,52,52,49,41,67,67,67,67,60,43,43,43,40,35,32,38,35,35,22,21,0,0,0],"gold":336,"neow_bonus":"TEN_PERCENT_HP_BONUS","is_daily":false,"chose_seed":false,"campfire_upgraded":6,"win_rate":0.0,"timestamp":1611650149,"path_taken":["R","M","?","M","M","?","T","R","?","?","R","E","R","?","M","BOSS","R","M","M","?","?","R","T","M","?","M","?","?","R","E","M","BOSS"],"items_purchased_type":["Relic"],"build_version":"2020-12-22","purchased_purges":1,"victory":false,"max_hp_per_floor":[77,77,77,77,77,67,67,67,67,67,67,67,67,67,67,67,67,67,67,67,67,67,67,67,67,67,67,73,73,73,73,73,73,73,73],"card_choices":[{"not_picked":["bronze:Frontload","bronze:WildBeam"],"picked":"bronze:OilSpill","floor":2.0},{"not_picked":["bronze:DelayedSlice","bronze:WhirlingStrike"],"picked":"bronze:BugBarrage","floor":4.0},{"not_picked":["bronze:Optimize","bronze:Turbo","bronze:Overload"],"picked":"SKIP","floor":5.0},{"not_picked":["bronze:Shield","bronze:Boost"],"picked":"bronze:Terminator","floor":12.0},{"not_picked":["bronze:Invalidate","bronze:DarkDash"],"picked":"bronze:BugBarrage","floor":15.0},{"not_picked":["bronze:InfiniteLoop","bronze:RecursiveStrike"],"picked":"bronze:HyperBeam","floor":16.0},{"not_picked":["bronze:Overload+1","bronze:Boost","bronze:Frontload"],"picked":"SKIP","floor":19.0},{"not_picked":["bronze:Invalidate","bronze:Optimize"],"picked":"bronze:MaxOutput","floor":20.0},{"not_picked":["bronze:Shield","bronze:Boost","bronze:DigitalCarnage"],"picked":"SKIP","floor":22.0},{"not_picked":["bronze:CloningBeam","bronze:WildBeam+1"],"picked":"bronze:BuggyMess+1","floor":25.0},{"not_picked":["bronze:Turbo","bronze:BitShift","bronze:WhirlingStrike"],"picked":"SKIP","floor":26.0},{"not_picked":["bronze:ThunderWave","bronze:Invalidate"],"picked":"bronze:FineTuning","floor":27.0},{"not_picked":["bronze:Fortify+1","bronze:Philosophize"],"picked":"bronze:Repulsor+1","floor":29},{"not_picked":["bronze:BitShift","bronze:Overload","bronze:DarkDash"],"picked":"SKIP","floor":31},{"not_picked":["bronze:Separator","bronze:Overheat"],"picked":"bronze:MaxOutput","floor":32}],"player_experience":91998,"relics_obtained":[{"floor":7.0,"key":"Mummified Hand"},{"floor":10.0,"key":"Happy Flower"},{"floor":12.0,"key":"Darkstone Periapt"},{"floor":24.0,"key":"Vajra"},{"floor":31,"key":"MealTicket"}],"event_choices":[{"cards_removed":["bronze:Strike"],"damage_healed":0.0,"max_hp_gain":0.0,"max_hp_loss":0.0,"gold_gain":0.0,"event_name":"The Cleric","player_choice":"Card Removal","floor":9.0,"gold_loss":0.0,"damage_taken":0.0}],"is_beta":false,"boss_relics":[{"not_picked":["expansioncontent:StudyCardRelic","Black Star"],"picked":"bronze:MakeshiftBattery"}],"items_purged_floors":[26],"is_endless":false,"potions_floor_spawned":[12,16,20,22,27,29,31],"killed_by":"DF_ARCHETYPE_CLAW","ascension_level":3}}