{"host":"tcdxiwht2vajk3tk","time":1611698401,"event":{"mods":["AchievementEnabler","BaseMod","Beaked The Cultist","Colored Powertips","Conspire","Defuse TimeMaze Blight","Downfall","Halation","Hermit","Hubris","Infinite Spire","Lobotomy","LobotomyExtend","Minty Spire (QoL Compilation)","Replay The Spire","Shop Mod","StSLib","The Cursed","The Disciple"],"gold_per_floor":[99,129,129,165,213,309,390,429,510,567,567,567,467,509,548,839,839,839,878,920,554,602,602,602,502,598,658,658,745,745,823,856,1159,1159,1159,1201,1234,1234,1288,834,834,864,864,864,1014,1050,1110,1209,1109,1403,1403,1403,1439,1439,1496,1556,1556,1625,1625,1685,1721,1751,1808,1886,1496,1544,1856,1856,1856,1254,1254,1254,1302,1302,1302,1407,1407,849,894,954,1041,1086,1128,1425,1425,1425,1464,1518,1818,1918,1918,2005,2095,2191,2242,2242,2344,2517,2571,2628,2919,2919,2919,2958,2174,2174,2216,2366,2441,2441,2489,2585,2633,2669,2720,2780,2840,3128,3128,3128,3185,3230,3051,3084,3135,3222,3297,3297,3351,3351,3396,3246,3330,3375,3684,3684,3684,3714,3714,3774,3499,3499,3574,3619,3664,3664,3724,3808,3808,3859,3919,4216,4216,4309,4163,4163,4163,4163,4163],"floor_reached":157,"language":"ENG","playtime":27218,"items_purged":[],"score":3976,"play_id":"1181fa42-6db8-4875-8fba-aa224f8caa02","local_time":"20210126170001","daily_mods":["Heirloom","DeadlyEvents","Lethality","Midas"],"is_ascension_mode":false,"campfire_choices":[{"floor":1.0,"key":"RECALL"},{"floor":11.0,"key":"REST"},{"floor":13.0,"key":"REST"},{"floor":18.0,"key":"REST"},{"floor":25.0,"key":"REST"},{"floor":28.0,"key":"REST"},{"floor":30.0,"key":"REST"},{"floor":35.0,"key":"REST"},{"floor":49.0,"key":"REST"},{"floor":57.0,"key":"REST"},{"floor":69.0,"key":"REST"},{"floor":74.0,"key":"REST"},{"floor":77.0,"key":"REST"},{"floor":86.0,"key":"REST"},{"floor":91.0,"key":"REST"},{"floor":103.0,"key":"REST"},{"floor":120.0,"key":"REST"},{"floor":128.0,"key":"REST"},{"floor":142.0,"key":"REST"},{"floor":149.0,"key":"REST"},{"floor":156.0,"key":"REST"}],"circlet_count":0,"master_deck":["bronze:Strike+1","bronze:Strike","bronze:Strike","bronze:Defend","bronze:Defend","bronze:Defend","bronze:Defend+1","bronze:Replicate","bronze:Goto","bronze:BitShift","bronze:Replicate+1","bronze:Overheat","bronze:Verify","bronze:OilSpill+1","bronze:BronzeOrb","bronze:ChosenStrike","bronze:Flail","bronze:InfiniteLoop","bronze:Flail","bronze:ThunderWave","beaked:SentriesPulse+1","bronze:BronzeArmor","bronze:Deprecate","bronze:Return","bronze:DelayedSlice","bronze:Repair+1","bronze:WhirlingStrike","bronze:Repair+1","bronze:BitShift+1","infinitespire:DeathsTouch","bronze:Backtrace","bronze:Repulsor","bronze:FineTuning","bronze:Virus","bronze:ItsAFeature","bronze:Optimize","infinitespire:Gouge","bronze:Optimize","bronze:InfiniteBeams","bronze:OilSpill+1","bronze:InfiniteBeams+1","bronze:DelayedGuard+1","bronze:FineTuning+1","bronze:DelayedSlice+1","bronze:Virus","bronze:WhirlingStrike","bronze:Constructor+1","bronze:Frontload","bronze:WhirlingStrike","bronze:FineTuning","bronze:FineTuning","bronze:Frontload","bronze:DelayedSlice","bronze:BugBarrage","bronze:Flail","bronze:DelayedSlice","bronze:InfiniteBeams","expansioncontent:AwakenDeath","bronze:ChosenStrike","bronze:InfiniteLoop","infinitespire:UltimateForm","bronze:ItsAFeature","bronze:ItsAFeature","bronze:Terminator","bronze:Frontload","bronze:FollowUp","bronze:Separator","bronze:FineTuning","bronze:BronzeOrb+1","bronze:InfiniteBeams","bronze:HyperBeam","bronze:Iterate","bronze:InfiniteBeams","bronze:ChosenStrike+1","bronze:InfiniteBeams","bronze:SpaghettiCode","bronze:Frontload","bronze:WhirlingStrike+1","hubris:InfiniteBlow+2160","bronze:Constructor+1","bronze:Overheat+1","bronze:OilSpill+1","bronze:Safeguard+1","bronze:HyperBeam","bronze:HardenedForm","bronze:InfiniteBeams","bronze:Backtrace","bronze:Shell+1","bronze:Verify","bronze:Branch","bronze:Fortify+1","bronze:BuggyMess","bronze:WhirlingStrike","bronze:WhirlingStrike","bronze:CutThrough","bronze:CleanCode","bronze:WhirlingStrike","bronze:DigitalCarnage","bronze:BronzeOrb","bronze:Separator","bronze:Shell","bronze:Branch","bronze:AlphaBuild","bronze:Iterate+1","bronze:Constructor","bronze:ItsAFeature","expansioncontent:AwakenDeath","bronze:FineTuning","bronze:Constructor","bronze:Branch","bronze:Overload+1","bronze:FineTuning","bronze:Philosophize+1","bronze:ItsAFeature","bronze:ChosenStrike","bronze:Boost","bronze:AlphaBuild","beaked:SentriesPulse+1","bronze:DelayedSlice","bronze:OilSpill+1","bronze:Fortify+1","bronze:OilSpill+1","bronze:Boost","bronze:Format","bronze:RecursiveStrike","bronze:Fortify","bronze:Constructor+1","bronze:Virus","bronze:FineTuning+1","bronze:Mutator"],"relics":["bronze:BronzeCore","replay:Trail_Library","Unceasing Top","LetterFromLob","Akabeko","infinitespire:CheckeredPen","ReplayFunnel","downfall:HeartBlessingRed","MerchantsRug","Replay:Rubber Ducky","beaked:MendingPlumage","Quantum Egg","downfall:HeartBlessingBlue","Garlic","conspire:DeflatedDodgeball","Orichalcum","Black Star","Ginger","Ancient Tea Set","conspire:BottledYoYo","beaked:ShinyBauble","Ring of Chaos","hubris:Towel","Mango","infinitespire:Lychee Nut","hubris:SlimyHat","downfall:HeartBlessingGreen","conspire:RoyalGoblet","hubris:Icosahedron","Mummified Hand","HonorFeather","MagicBullet_r","hexamod:Sixitude","Replay:Bottled Flurry","halation:Prosthetics","Replay:Bottled Steam","BargainBundle","Omamori","halation:PeacePiece","infinitespire:FocusingShard","infinitespire:Bottled Soul","conspire:SeveredTorchhead","TungstenRod","Ornamental Fan","Abe\u0027s Treasure","halation:SwordOfLegend","Blue Candle","Membership Card","Tiny House","Replay:Ringing Soul","RedMistMask","bronze:BronzeIdol","Philosopher\u0027s Stone","Medical Kit","Simple Rune","halation:TwoAmDonut","Chemical X"],"acts_visited":["Exordium","TheCity","TheBeyond","Exordium","TheCity","TheBeyond","Exordium","TheCity","TheBeyond","TheEnding"],"potions_floor_usage":[157],"damage_taken":[{"damage":0.0,"enemies":"2 Louse","floor":2.0,"turns":2.0},{"damage":0.0,"enemies":"Cultist","floor":4.0,"turns":2.0},{"damage":6.0,"enemies":"Small Slimes","floor":5.0,"turns":2.0},{"damage":43.0,"enemies":"Gremlin Nob","floor":6.0,"turns":5.0},{"damage":0.0,"enemies":"2 Fungi Beasts","floor":8.0,"turns":2.0},{"damage":15.0,"enemies":"Lagavulin","floor":9.0,"turns":6.0},{"damage":0.0,"enemies":"Large Slime","floor":10.0,"turns":2.0},{"damage":0.0,"enemies":"Blue Slaver","floor":14.0,"turns":2.0},{"damage":7.0,"enemies":"Exordium Thugs","floor":15.0,"turns":2.0},{"damage":12.0,"enemies":"WA_ARCHETYPE_RETAIN","floor":16.0,"turns":4.0},{"damage":0.0,"enemies":"conspire:FuzzyDice","floor":19.0,"turns":3.0},{"damage":36.0,"enemies":"Shelled Parasite and Fungi","floor":20.0,"turns":3.0},{"damage":0.0,"enemies":"downfall:FleeingMerchant","floor":21.0,"turns":4.0},{"damage":10.0,"enemies":"Cultist and Chosen","floor":22.0,"turns":3.0},{"damage":35.0,"enemies":"Slavers","floor":26.0,"turns":2.0},{"damage":0.0,"enemies":"Chosen and Byrds","floor":27.0,"turns":4.0},{"damage":28.0,"enemies":"Nightmare","floor":29.0,"turns":8.0},{"damage":59.0,"enemies":"conspire:MimicChest","floor":31.0,"turns":6.0},{"damage":0.0,"enemies":"conspire:HollyBat","floor":32.0,"turns":7.0},{"damage":81.0,"enemies":"IC_MUSHROOM_ARCHETYPE","floor":33.0,"turns":9.0},{"damage":0.0,"enemies":"3 Shapes","floor":36.0,"turns":1.0},{"damage":6.0,"enemies":"Orb Walker","floor":37.0,"turns":3.0},{"damage":12.0,"enemies":"Spire Growth","floor":39.0,"turns":4.0},{"damage":4.0,"enemies":"downfall:FleeingMerchant","floor":40.0,"turns":4.0},{"damage":3.0,"enemies":"Jaw Worm Horde","floor":42.0,"turns":2.0},{"damage":1.0,"enemies":"Jaw Worm Horde","floor":45.0,"turns":4.0},{"damage":20.0,"enemies":"3 Darklings","floor":46.0,"turns":3.0},{"damage":15.0,"enemies":"Writhing Mass","floor":47.0,"turns":3.0},{"damage":87.0,"enemies":"Nemesis","floor":48.0,"turns":9.0},{"damage":86.0,"enemies":"DF_ARCHETYPE_ORBS","floor":50.0,"turns":6.0},{"damage":0.0,"enemies":"2 Louse","floor":53.0,"turns":1.0},{"damage":0.0,"enemies":"Cultist","floor":55.0,"turns":1.0},{"damage":4.0,"enemies":"conspire:RoseBush","floor":56.0,"turns":1.0},{"damage":0.0,"enemies":"conspire:RoseBush","floor":59.0,"turns":2.0},{"damage":0.0,"enemies":"3 Louse","floor":60.0,"turns":1.0},{"damage":0.0,"enemies":"Exordium Wildlife","floor":61.0,"turns":2.0},{"damage":0.0,"enemies":"Blue Slaver","floor":62.0,"turns":1.0},{"damage":0.0,"enemies":"2 Fungi Beasts","floor":63.0,"turns":1.0},{"damage":5.0,"enemies":"Lagavulin","floor":64.0,"turns":3.0},{"damage":0.0,"enemies":"downfall:FleeingMerchant","floor":65.0,"turns":1.0},{"damage":20.0,"enemies":"3 Louse","floor":66.0,"turns":1.0},{"damage":0.0,"enemies":"The Guardian","floor":67.0,"turns":5.0},{"damage":0.0,"enemies":"Shell Parasite","floor":73.0,"turns":1.0},{"damage":3.0,"enemies":"conspire:Head Lice","floor":76.0,"turns":4.0},{"damage":0.0,"enemies":"Spheric Guardian","floor":79.0,"turns":1.0},{"damage":0.0,"enemies":"conspire:HollyBat","floor":80.0,"turns":12.0},{"damage":0.0,"enemies":"Slavers","floor":81.0,"turns":2.0},{"damage":28.0,"enemies":"Sentry and Sphere","floor":82.0,"turns":3.0},{"damage":1.0,"enemies":"Snake Plant","floor":83.0,"turns":2.0},{"damage":23.0,"enemies":"Collector","floor":84.0,"turns":5.0},{"damage":0.0,"enemies":"3 Darklings","floor":87.0,"turns":2.0},{"damage":0.0,"enemies":"Orb Walker","floor":88.0,"turns":2.0},{"damage":0.0,"enemies":"infinitespire:Three Voidlings","floor":89.0,"turns":2.0},{"damage":32.0,"enemies":"Nightmare_Alpha","floor":89.0,"turns":7.0},{"damage":33.0,"enemies":"Reptomancer","floor":92.0,"turns":4.0},{"damage":28.0,"enemies":"R_Hoarder","floor":93.0,"turns":5.0},{"damage":0.0,"enemies":"Giant Head","floor":94.0,"turns":5.0},{"damage":0.0,"enemies":"Jaw Worm Horde","floor":95.0,"turns":2.0},{"damage":2.0,"enemies":"beaked:SuperParasite","floor":97.0,"turns":5.0},{"damage":0.0,"enemies":"Maw","floor":99.0,"turns":5.0},{"damage":0.0,"enemies":"4 Shapes","floor":100.0,"turns":2.0},{"damage":28.0,"enemies":"Time Eater","floor":101.0,"turns":8.0},{"damage":0.0,"enemies":"2 Louse","floor":104.0,"turns":1.0},{"damage":0.0,"enemies":"Small Slimes","floor":107.0,"turns":1.0},{"damage":0.0,"enemies":"Gremlin Nob","floor":109.0,"turns":1.0},{"damage":0.0,"enemies":"infinitespire:Voidling","floor":111.0,"turns":1.0},{"damage":0.0,"enemies":"Lagavulin","floor":112.0,"turns":2.0},{"damage":0.0,"enemies":"Large Slime","floor":113.0,"turns":2.0},{"damage":19.0,"enemies":"Exordium Thugs","floor":114.0,"turns":2.0},{"damage":0.0,"enemies":"Blue Slaver","floor":115.0,"turns":1.0},{"damage":0.0,"enemies":"Gremlin Gang","floor":116.0,"turns":1.0},{"damage":0.0,"enemies":"2 Fungi Beasts","floor":117.0,"turns":1.0},{"damage":6.0,"enemies":"The Guardian","floor":118.0,"turns":7.0},{"damage":0.0,"enemies":"conspire:FuzzyDice","floor":121.0,"turns":2.0},{"damage":13.0,"enemies":"Snake Plant","floor":122.0,"turns":2.0},{"damage":19.0,"enemies":"Centurion and Healer","floor":124.0,"turns":2.0},{"damage":0.0,"enemies":"Cultist and Chosen","floor":125.0,"turns":2.0},{"damage":0.0,"enemies":"conspire:Head Lice","floor":126.0,"turns":2.0},{"damage":0.0,"enemies":"conspire:SneckoGhost","floor":127.0,"turns":4.0},{"damage":0.0,"enemies":"Sentry and Sphere","floor":129.0,"turns":1.0},{"damage":0.0,"enemies":"Centurion and Healer","floor":131.0,"turns":2.0},{"damage":0.0,"enemies":"conspire:Head Lice","floor":133.0,"turns":2.0},{"damage":19.0,"enemies":"conspire:HollyBat","floor":134.0,"turns":20.0},{"damage":0.0,"enemies":"Champ","floor":135.0,"turns":7.0},{"damage":0.0,"enemies":"Orb Walker","floor":138.0,"turns":1.0},{"damage":0.0,"enemies":"3 Darklings","floor":140.0,"turns":2.0},{"damage":0.0,"enemies":"Reptomancer","floor":143.0,"turns":5.0},{"damage":0.0,"enemies":"Jaw Worm Horde","floor":144.0,"turns":2.0},{"damage":73.0,"enemies":"Transient","floor":145.0,"turns":5.0},{"damage":21.0,"enemies":"3 Darklings","floor":147.0,"turns":7.0},{"damage":0.0,"enemies":"Giant Head","floor":148.0,"turns":1.0},{"damage":0.0,"enemies":"Jaw Worm Horde","floor":150.0,"turns":1.0},{"damage":0.0,"enemies":"Writhing Mass","floor":151.0,"turns":4.0},{"damage":279.0,"enemies":"infinitespire:LordOfFortification","floor":152.0,"turns":14.0},{"damage":0.0,"enemies":"ME_ARCHETYPE_MERCHANT","floor":154.0,"turns":10.0},{"damage":0,"enemies":"IC_STATUS_ARCHETYPE","floor":157,"turns":80}],"seed_played":"3522338560556041856","potions_obtained":[{"floor":2.0,"key":"ColorlessPotion"},{"floor":4.0,"key":"SpeedPotion"},{"floor":6.0,"key":"LiquidMemories"},{"floor":14.0,"key":"Weak Potion"},{"floor":15.0,"key":"Reflective Coating"},{"floor":19.0,"key":"Adrenaline Potion"},{"floor":26.0,"key":"SkillPotion"},{"floor":27.0,"key":"conspire:TimeTravelPotion"},{"floor":37.0,"key":"Swift Potion"},{"floor":42.0,"key":"Slimebound:ThreeZeroPotion"},{"floor":46.0,"key":"Cursed Concoction"},{"floor":47.0,"key":"Explosive Potion"},{"floor":50.0,"key":"Swift Potion"},{"floor":56.0,"key":"SteroidPotion"},{"floor":61.0,"key":"LiquidMemories"},{"floor":62.0,"key":"EssenceOfSteel"},{"floor":63.0,"key":"bronze:BuildAFunctionPotion"},{"floor":66.0,"key":"Adrenaline Potion"},{"floor":71.0,"key":"CultistPotion"},{"floor":76.0,"key":"GamblersBrew"},{"floor":80.0,"key":"BlessingOfTheForge"},{"floor":82.0,"key":"SpeedPotion"},{"floor":87.0,"key":"LifebloodPotion"},{"floor":89.0,"key":"Swift Potion"},{"floor":95.0,"key":"BlessingOfTheForge"},{"floor":100.0,"key":"DuplicationPotion"},{"floor":118.0,"key":"CultistPotion"},{"floor":138.0,"key":"Adrenaline Potion"},{"floor":148.0,"key":"Regen Potion"},{"floor":152.0,"key":"DuplicationPotion"}],"is_trial":true,"path_per_floor":["R","M","?","M","M","E","T","M","E","M","R","E","R","M","M","B",null,"R","M","M","$","M","AVR","T","R","E","M","R","NM","R","?","M","B",null,"R","M","M","?","M","$","T","M","AVR","?","?","M","M","E","R","B",null,"R","M","?","M","M","R","T","?","M","M","M","M","E","$","M","B",null,"R","$","?","AVR","M","R","E","E","R","$","M","M","E","M","M","B",null,"R","M","M","?","?","R","E","E","E","M","AVR","E","$","M","M","B",null,"R","M","$","?","M","AVR","E","?","M","E","M","M","M","M","M","B",null,"R","M","M","$","M","M","E","E","R","M","AVR","M","?","E","M","B",null,"R","M","?","M","$","R","E","M","M","AVR","M","E","R","M","M","B",null,"E","$","R","B"],"character_chosen":"THE_AUTOMATON","items_purchased":["MerchantsRug","Replay:Rubber Ducky","bronze:DelayedSlice","Ginger","Ancient Tea Set","hexamod:Sixitude","Replay:Bottled Flurry","bronze:InfiniteBeams","expansioncontent:AwakenDeath","Replay:Bottled Steam","BargainBundle","FairyPotion","Omamori","bronze:ItsAFeature","bronze:Terminator","bronze:Frontload","bronze:FollowUp","bronze:Separator","Weak Potion","Ancient Potion","infinitespire:FocusingShard","infinitespire:Bottled Soul","bronze:InfiniteBeams","bronze:InfiniteBeams","halation:SwordOfLegend","Blue Candle","Membership Card","bronze:Fortify","bronze:BuggyMess","bronze:BronzeIdol","bronze:ItsAFeature","expansioncontent:AwakenDeath","bronze:FineTuning","Medical Kit","Simple Rune","halation:TwoAmDonut","Chemical X","bronze:Mutator"],"campfire_rested":20,"item_purchase_floors":[21,21,21,40,40,65,65,65,65,70,70,70,70,70,70,70,70,70,70,70,78,78,78,98,105,105,105,105,105,123,123,123,123,141,141,141,155,155],"current_hp_per_floor":[70,70,70,70,64,21,21,21,6,6,27,27,48,48,41,29,70,70,70,34,34,24,24,24,58,29,52,76,77,80,34,63,32,80,80,80,80,61,72,80,80,80,80,80,94,79,92,60,70,13,70,70,70,70,70,70,70,70,70,70,70,70,70,69,69,54,70,35,35,35,35,35,35,35,35,35,35,35,35,35,35,28,35,32,35,35,35,35,35,35,35,35,26,35,35,35,35,35,35,35,35,35,35,35,35,35,35,40,43,48,51,54,57,52,59,66,69,72,72,72,75,70,73,80,87,90,93,93,96,96,99,109,112,115,118,118,121,124,124,127,127,127,130,133,68,71,98,102,145,148,151,69,154,157,160,160,160,160,160],"gold":4163,"neow_bonus":"","is_daily":false,"chose_seed":false,"campfire_upgraded":0,"win_rate":0.0,"timestamp":1611698401,"path_taken":["R","M","?","?","M","E","T","M","?","M","R","E","R","M","M","BOSS","R","M","M","$","M","AVR","T","R","E","M","R","NM","R","?","M","BOSS","R","M","M","?","M","$","T","M","AVR","?","?","M","M","E","R","BOSS","R","M","?","?","M","R","T","?","M","M","M","M","?","$","M","BOSS","R","$","?","AVR","M","R","E","?","R","?","M","M","?","M","M","BOSS","R","M","M","?","?","R","E","?","E","M","AVR","E","$","M","M","BOSS","R","M","$","?","M","AVR","E","?","M","E","M","M","M","M","M","BOSS","R","M","M","$","M","M","E","E","R","M","AVR","M","?","E","M","BOSS","R","M","?","M","$","R","E","M","M","AVR","M","E","R","M","M","BOSS","E","$","R","BOSS"],"items_purchased_type":["Relic","Relic","Card","Relic","Relic","Relic","Relic","Card","Card","Relic","Relic","Potion","Relic","Card","Card","Card","Card","Card","Potion","Potion","Relic","Relic","Card","Card","Relic","Relic","Relic","Card","Card","Relic","Card","Card","Card","Relic","Relic","Relic","Relic","Card"],"build_version":"2020-12-22","purchased_purges":0,"victory":false,"max_hp_per_floor":[70,70,70,70,70,70,70,70,70,70,70,70,70,70,70,70,70,70,70,70,70,70,70,70,80,80,80,80,80,80,80,80,80,80,80,80,80,80,80,80,80,80,80,80,94,94,94,70,70,70,70,70,70,70,70,70,70,70,70,70,70,70,70,70,70,70,70,35,35,35,35,35,35,35,35,35,35,35,35,35,35,35,35,35,35,35,35,35,35,35,35,35,35,35,35,35,35,35,35,35,35,35,35,35,35,35,35,40,43,48,51,54,57,60,63,66,69,72,72,72,75,78,81,84,87,90,93,93,96,96,99,109,112,115,118,118,121,124,124,127,127,127,130,133,136,139,142,145,145,148,151,154,154,157,160,160,160,160,160],"card_choices":[{"not_picked":["bronze:BugBarrage","bronze:ChildClass"],"picked":"bronze:BitShift","floor":2.0},{"not_picked":["bronze:Frontload","bronze:NullPointer"],"picked":"bronze:Overheat","floor":4.0},{"not_picked":["bronze:Iterate","bronze:WildBeam"],"picked":"bronze:Verify","floor":5.0},{"not_picked":["bronze:Constructor","bronze:Format"],"picked":"bronze:OilSpill","floor":6.0},{"not_picked":["bronze:Iterate","bronze:DigitalCarnage"],"picked":"bronze:BronzeOrb","floor":8.0},{"not_picked":["bronze:FollowUp","bronze:Repair"],"picked":"bronze:ChosenStrike","floor":9.0},{"not_picked":["bronze:CutThrough","bronze:Branch"],"picked":"bronze:Flail","floor":10.0},{"not_picked":["bronze:BugBarrage","bronze:BitShift"],"picked":"bronze:InfiniteLoop","floor":14.0},{"not_picked":["bronze:Deprecate","bronze:Safeguard"],"picked":"bronze:Flail","floor":15.0},{"not_picked":["bronze:BurnOut","bronze:SpaghettiCode"],"picked":"bronze:ThunderWave","floor":16.0},{"not_picked":["bronze:Constructor","bronze:Iterate"],"picked":"bronze:BronzeArmor","floor":19.0},{"not_picked":["bronze:Constructor","bronze:NullPointer+1"],"picked":"bronze:Deprecate","floor":20.0},{"not_picked":["bronze:Deprecate","bronze:Terminator"],"picked":"bronze:Return","floor":21.0},{"not_picked":["bronze:WhirlingStrike","bronze:Format"],"picked":"bronze:Repair","floor":22.0},{"not_picked":["bronze:ForLoop","bronze:Turbo"],"picked":"bronze:Repair+1","floor":26.0},{"not_picked":["bronze:BuggyMess","bronze:Branch"],"picked":"bronze:BitShift+1","floor":27.0},{"not_picked":["ReplayTheSpireMod:Book of Names","ReplayTheSpireMod:??????????????????????"],"picked":"infinitespire:DeathsTouch","floor":29.0},{"not_picked":["bronze:Shield","bronze:BitShift+1"],"picked":"bronze:Backtrace","floor":29.0},{"not_picked":["bronze:WildBeam","bronze:Separator"],"picked":"bronze:Repulsor","floor":31.0},{"not_picked":["bronze:Repair","bronze:Iterate"],"picked":"bronze:FineTuning","floor":32.0},{"not_picked":["bronze:ShipIt","bronze:SpaghettiCode"],"picked":"bronze:Virus","floor":33.0},{"not_picked":["bronze:Overheat","bronze:BuggyMess"],"picked":"bronze:ItsAFeature","floor":36.0},{"not_picked":["bronze:Frontload+1","bronze:Branch"],"picked":"bronze:Optimize","floor":37.0},{"not_picked":["infinitespire:SevenWalls","infinitespire:DeathsTouch"],"picked":"infinitespire:Gouge","floor":38.0},{"not_picked":["bronze:DarkDash","bronze:MaxOutput"],"picked":"bronze:Optimize","floor":39.0},{"not_picked":["bronze:CloningBeam+1","bronze:BugBarrage"],"picked":"bronze:InfiniteBeams","floor":40.0},{"not_picked":["bronze:Deprecate+1","bronze:Overheat+1"],"picked":"bronze:OilSpill+1","floor":42.0},{"not_picked":["bronze:Verify","bronze:Overheat"],"picked":"bronze:InfiniteBeams+1","floor":45.0},{"not_picked":["bronze:ClassDefault","bronze:Turbo"],"picked":"bronze:DelayedGuard+1","floor":46.0},{"not_picked":["bronze:Optimize","bronze:BitShift"],"picked":"bronze:FineTuning+1","floor":47.0},{"not_picked":["bronze:Return+1","bronze:Shell"],"picked":"bronze:DelayedSlice+1","floor":48.0},{"not_picked":["bronze:ShipIt","bronze:SpaghettiCode"],"picked":"bronze:Virus","floor":50.0},{"not_picked":["bronze:WildBeam","bronze:NullPointer"],"picked":"bronze:WhirlingStrike","floor":53.0},{"not_picked":["bronze:Iterate","bronze:CutThrough"],"picked":"bronze:Frontload","floor":55.0},{"not_picked":["bronze:WildBeam","bronze:Shell"],"picked":"bronze:WhirlingStrike","floor":56.0},{"not_picked":["bronze:NullPointer","bronze:DelayedGuard"],"picked":"bronze:FineTuning","floor":60.0},{"not_picked":["bronze:CloningBeam","bronze:ChildClass"],"picked":"bronze:Frontload","floor":61.0},{"not_picked":["bronze:Repulsor","bronze:BitShift"],"picked":"bronze:DelayedSlice","floor":62.0},{"not_picked":["bronze:BuggyMess","bronze:Break"],"picked":"bronze:BugBarrage","floor":63.0},{"not_picked":["bronze:DelayedGuard","bronze:Turbo"],"picked":"bronze:Flail","floor":64.0},{"not_picked":["bronze:Overload","bronze:Optimize"],"picked":"bronze:DelayedSlice","floor":65.0},{"not_picked":["bronze:Overload","bronze:WildBeam"],"picked":"bronze:ChosenStrike","floor":66.0},{"not_picked":["bronze:SpaghettiCode","bronze:BurnOut"],"picked":"bronze:InfiniteLoop","floor":67.0},{"not_picked":["infinitespire:Execution","ReplayTheSpireMod:Chaos Vortex"],"picked":"infinitespire:UltimateForm","floor":67.0},{"not_picked":["bronze:Separator","bronze:OilSpill"],"picked":"bronze:FineTuning","floor":73.0},{"not_picked":["bronze:Overheat+1","bronze:FollowUp+1"],"picked":"bronze:BronzeOrb+1","floor":76.0},{"not_picked":["bronze:Deprecate","bronze:BuggyMess"],"picked":"bronze:HyperBeam","floor":79.0},{"not_picked":["bronze:BuggyMess","bronze:Format"],"picked":"bronze:Iterate","floor":80.0},{"not_picked":["bronze:CloningBeam","bronze:Branch"],"picked":"bronze:InfiniteBeams","floor":81.0},{"not_picked":["bronze:Deprecate","bronze:Constructor"],"picked":"bronze:ChosenStrike+1","floor":82.0},{"not_picked":["bronze:Overload","bronze:FineTuning"],"picked":"bronze:InfiniteBeams","floor":83.0},{"not_picked":["bronze:Break","bronze:BurnOut"],"picked":"bronze:SpaghettiCode","floor":84.0},{"not_picked":["bronze:BronzeArmor","bronze:WildBeam"],"picked":"bronze:Frontload","floor":87.0},{"not_picked":["bronze:OilSpill","bronze:Shield"],"picked":"bronze:WhirlingStrike+1","floor":88.0},{"not_picked":["infinitespire:Collect","infinitespire:FinalStrike"],"picked":"hubris:InfiniteBlow+360","floor":89.0},{"not_picked":["bronze:Shield","bronze:ChildClass"],"picked":"bronze:Constructor+1","floor":89.0},{"not_picked":["bronze:Repair+1","bronze:Branch"],"picked":"bronze:Overheat+1","floor":92.0},{"not_picked":["bronze:WildBeam","bronze:Shield"],"picked":"bronze:OilSpill+1","floor":93.0},{"not_picked":["bronze:BuggyMess+1","bronze:WildBeam+1"],"picked":"bronze:Safeguard+1","floor":94.0},{"not_picked":["bronze:GetLatest+1","bronze:Shield+1"],"picked":"bronze:HyperBeam","floor":95.0},{"not_picked":["bronze:ItsAFeature","bronze:DarkDash"],"picked":"bronze:HardenedForm","floor":97.0},{"not_picked":["bronze:Return","bronze:CutThrough"],"picked":"bronze:Backtrace","floor":99.0},{"not_picked":["bronze:Shield","bronze:ForceShield+1"],"picked":"bronze:Shell+1","floor":100.0},{"not_picked":["bronze:Assembly","bronze:ShipIt"],"picked":"bronze:Verify","floor":101.0},{"not_picked":["bronze:Separator","bronze:CutThrough"],"picked":"bronze:Branch","floor":104.0},{"not_picked":["bronze:FineTuning","bronze:Iterate"],"picked":"bronze:WhirlingStrike","floor":107.0},{"not_picked":["bronze:MaxOutput","bronze:NullPointer"],"picked":"bronze:WhirlingStrike","floor":108.0},{"not_picked":["bronze:Iterate","bronze:Safeguard"],"picked":"bronze:CutThrough","floor":109.0},{"not_picked":["bronze:Invalidate","bronze:Frontload"],"picked":"bronze:CleanCode","floor":111.0},{"not_picked":["bronze:Shield","bronze:DarkDash"],"picked":"bronze:WhirlingStrike","floor":112.0},{"not_picked":["bronze:Repulsor","bronze:Terminator"],"picked":"bronze:DigitalCarnage","floor":113.0},{"not_picked":["bronze:Overheat","bronze:InfiniteBeams"],"picked":"bronze:BronzeOrb","floor":114.0},{"not_picked":["bronze:Branch","bronze:Overheat"],"picked":"bronze:Separator","floor":115.0},{"not_picked":["bronze:WildBeam","bronze:WhirlingStrike"],"picked":"bronze:Shell","floor":116.0},{"not_picked":["bronze:CutThrough","bronze:Invalidate"],"picked":"bronze:Branch","floor":117.0},{"not_picked":["bronze:ThunderWave","bronze:FindAndReplace"],"picked":"bronze:AlphaBuild","floor":118.0},{"not_picked":["bronze:ForLoop","bronze:DarkDash"],"picked":"bronze:Iterate+1","floor":121.0},{"not_picked":["bronze:ForceShield","bronze:Safeguard"],"picked":"bronze:Constructor","floor":122.0},{"not_picked":["bronze:Turbo+1","bronze:DelayedGuard+1"],"picked":"bronze:Constructor","floor":124.0},{"not_picked":["bronze:Turbo+1","bronze:Overheat"],"picked":"bronze:Branch","floor":125.0},{"not_picked":["bronze:Branch","bronze:OilSpill"],"picked":"bronze:Overload+1","floor":126.0},{"not_picked":["bronze:FindAndReplace","bronze:BugBarrage"],"picked":"bronze:FineTuning","floor":127.0},{"not_picked":["bronze:BugBarrage","bronze:Turbo"],"picked":"bronze:Philosophize+1","floor":129.0},{"not_picked":["bronze:Assembly","bronze:BugBarrage"],"picked":"bronze:ItsAFeature","floor":131.0},{"not_picked":["bronze:Refactor","bronze:DelayedSlice+1"],"picked":"bronze:ChosenStrike","floor":133.0},{"not_picked":["bronze:BitShift","bronze:ForceShield"],"picked":"bronze:Boost","floor":134.0},{"not_picked":["bronze:ThunderWave","bronze:ShipIt"],"picked":"bronze:AlphaBuild","floor":135.0},{"not_picked":["bronze:GetLatest+1","bronze:DigitalCarnage+1"],"picked":"bronze:DelayedSlice","floor":138.0},{"not_picked":["bronze:Allocate+1","bronze:DelayedGuard"],"picked":"bronze:OilSpill+1","floor":140.0},{"not_picked":["bronze:FineTuning","bronze:ForLoop"],"picked":"bronze:Fortify+1","floor":143.0},{"not_picked":["bronze:DigitalCarnage","bronze:Turbo"],"picked":"bronze:OilSpill+1","floor":144.0},{"not_picked":["bronze:CloningBeam","bronze:Overheat"],"picked":"bronze:Boost","floor":145.0},{"not_picked":["bronze:BronzeArmor+1","bronze:Turbo+1"],"picked":"bronze:Format","floor":147.0},{"not_picked":["bronze:Frontload","bronze:BitShift"],"picked":"bronze:RecursiveStrike","floor":148.0},{"not_picked":["bronze:BugBarrage","bronze:ClassDefault+1"],"picked":"bronze:Fortify","floor":150.0},{"not_picked":["bronze:Overload+1","bronze:Shield+1"],"picked":"bronze:Constructor+1","floor":151.0},{"not_picked":["bronze:Format","bronze:RecursiveStrike"],"picked":"bronze:Virus","floor":152.0},{"not_picked":["bronze:Philosophize","bronze:Repulsor"],"picked":"bronze:FineTuning+1","floor":154.0}],"player_experience":1653519,"relics_obtained":[{"floor":2.0,"key":"LetterFromLob"},{"floor":6.0,"key":"Akabeko"},{"floor":7.0,"key":"infinitespire:CheckeredPen"},{"floor":9.0,"key":"ReplayFunnel"},{"floor":26.0,"key":"Garlic"},{"floor":29.0,"key":"conspire:DeflatedDodgeball"},{"floor":31.0,"key":"Orichalcum"},{"floor":41.0,"key":"conspire:BottledYoYo"},{"floor":45.0,"key":"Mango"},{"floor":48.0,"key":"infinitespire:Lychee Nut"},{"floor":48.0,"key":"hubris:SlimyHat"},{"floor":58.0,"key":"Mummified Hand"},{"floor":89.0,"key":"TungstenRod"},{"floor":122.0,"key":"RedMistMask"}],"event_choices":[{"damage_healed":0.0,"max_hp_gain":0.0,"max_hp_loss":0.0,"gold_gain":0.0,"event_name":"Living Wall","player_choice":"Grow","floor":106.0,"gold_loss":0.0,"damage_taken":0.0,"cards_upgraded":["beaked:SentriesPulse"]},{"damage_healed":0.0,"max_hp_gain":5.0,"max_hp_loss":0.0,"gold_gain":0.0,"event_name":"Big Fish","player_choice":"Donut","floor":110.0,"gold_loss":0.0,"damage_taken":0.0}],"is_beta":false,"boss_relics":[{"not_picked":["hubris:HollowSoul","conspire:RunicOctahedron"],"picked":"beaked:SacredDeck"},{"not_picked":["halation:ForbiddenBikini","hubris:GrandSneckoEye"],"picked":"Black Star"},{"not_picked":["ReplayTheSpireMod:DimensionalGlitch","halation:PlatinumPhoenix"],"picked":"conspire:RoyalGoblet"},{"not_picked":["Empty Cage","halation:MonkeysPaw"],"picked":"halation:Prosthetics"},{"not_picked":["Kintsugi","Astrolabe"],"picked":"conspire:SeveredTorchhead"},{"not_picked":["expansioncontent:StudyCardRelic","Sozu"],"picked":"Abe\u0027s Treasure"},{"not_picked":["Velvet Choker","halation:ForbiddenBikini","hubris:VirtuousBlindfold"]},{"not_picked":["halation:SmartPhone","hubris:HollowSoul"],"picked":"Philosopher\u0027s Stone"},{"not_picked":["hubris:RunicObelisk","ReplayTheSpireMod:SealedPack","halation:LoveArrow"]}],"items_purged_floors":[],"is_endless":true,"potions_floor_spawned":[2,4,6,14,15,19,26,27,37,42,46,47,50,56,61,62,63,64,66,76,79,80,82,87,88,89,95,100,101,111,113,115,116,117,118,125,126,131,135,138,143,148,151,152],"killed_by":"IC_STATUS_ARCHETYPE","ascension_level":0}}