{"host":"4w9vompg42n13q24","time":1611695775,"event":{"mods":["Aspiration","BaseMod","Better Third Choice","Colored Map","Colored Powertips","DeckTracker","Downfall","GifTheSpireLib","Glutton Mod","Hermit","Highlight Path","Hubris","Minty Spire (QoL Compilation)","Relic Stats","StSLib","Stuff the Spire","The Druid","The Necromancer","Trackpad"],"gold_per_floor":[113,131,131,131,141,166,166,183,183,183,200,162,182,107,107,203,203,218,295,295,195,260,260],"floor_reached":22,"language":"ENG","playtime":1542,"items_purged":["Glutton:Strike","Glutton:Strike"],"score":214,"play_id":"b0f7be8b-e016-49cd-afa7-065a7c7976c5","local_time":"20210126221615","is_ascension_mode":true,"campfire_choices":[{"data":"Glutton:Devour","floor":7,"key":"SMITH"},{"data":"Glutton:Thrombosis","floor":10,"key":"SMITH"},{"data":"Glutton:Feed","floor":15,"key":"SMITH"}],"circlet_count":0,"master_deck":["Glutton:Strike","Glutton:Strike","Glutton:Strike","Glutton:Strike","Glutton:Defend","Glutton:Defend","Glutton:Defend","Glutton:Flail","Glutton:Thrombosis+1","Glutton:Devour+1","Glutton:Rest+1","Glutton:Scab+1","Glutton:Feed+1","Glutton:Treasure+1","Glutton:Rapacity+1","Glutton:SelfFlagellate+1"],"relics":["Glutton:EternalHunger","aspiration:Nostalgia","Ring of the Snake","Toxic Egg 2","Frozen Egg 2","Sundial","betterThird:SlimedRelic","Busted Crown","hubris:BottledHeart"],"acts_visited":["Exordium","TheCity"],"potions_floor_usage":[],"damage_taken":[{"damage":7,"enemies":"Cultist","floor":1,"turns":3},{"damage":15,"enemies":"Jaw Worm","floor":2,"turns":5},{"damage":11,"enemies":"2 Louse","floor":5,"turns":3},{"damage":34,"enemies":"Gremlin Nob","floor":6,"turns":4},{"damage":19,"enemies":"Looter","floor":8,"turns":2},{"damage":23,"enemies":"Blue Slaver","floor":11,"turns":4},{"damage":9,"enemies":"Exordium Wildlife","floor":13,"turns":3},{"damage":92,"enemies":"The Guardian","floor":16,"turns":16},{"damage":49,"enemies":"2 Thieves","floor":18,"turns":5},{"damage":78,"enemies":"Shell Parasite","floor":19,"turns":9},{"damage":1,"enemies":"Snake Plant","floor":22,"turns":5}],"seed_played":"6408526696698075318","potions_obtained":[{"floor":8,"key":"Dexterity Potion"},{"floor":11,"key":"CultistPotion"},{"floor":13,"key":"champ:CounterPotion"}],"is_trial":false,"path_per_floor":["M","M","?","?","M","E","R","M","T","R","M","?","M","$","R","B",null,"M","M","?","$","M"],"character_chosen":"GLUTTON","items_purchased":[],"campfire_rested":0,"item_purchase_floors":[],"current_hp_per_floor":[113,107,107,100,95,61,61,42,42,42,41,30,42,42,42,20,123,108,104,1,1,0,0],"gold":260,"neow_bonus":"NOSTALGIA","is_daily":false,"chose_seed":false,"campfire_upgraded":3,"win_rate":0.0,"timestamp":1611695775,"path_taken":["M","?","?","?","M","E","R","M","T","R","M","?","?","$","R","BOSS","M","M","?","$","M"],"items_purchased_type":[],"build_version":"2020-12-22","purchased_purges":2,"victory":false,"max_hp_per_floor":[120,120,120,120,120,120,120,120,120,120,120,120,123,123,123,123,123,127,131,1,1,1,1],"relic_stats":{"Busted Crown":4,"counters":[11,59],"Sundial":[16],"obtain_stats":[{"Glutton:EternalHunger":0,"Busted Crown":17,"aspiration:Nostalgia":0,"Sundial":9,"hubris:BottledHeart":20,"betterThird:SlimedRelic":12,"Toxic Egg 2":3,"Frozen Egg 2":6,"Ring of the Snake":0},{"Glutton:EternalHunger":0,"Busted Crown":8,"aspiration:Nostalgia":0,"Sundial":5,"hubris:BottledHeart":10,"betterThird:SlimedRelic":6,"Toxic Egg 2":2,"Frozen Egg 2":4,"Ring of the Snake":0},{"Glutton:EternalHunger":0,"Busted Crown":40,"aspiration:Nostalgia":0,"Sundial":17,"hubris:BottledHeart":54,"betterThird:SlimedRelic":21,"Toxic Egg 2":8,"Frozen Egg 2":15,"Ring of the Snake":0}],"Ring of the Snake":[22]},"card_choices":[{"not_picked":["Glutton:GnawingHunger","Glutton:Scab"],"picked":"Glutton:Thrombosis","floor":1},{"not_picked":["Glutton:LashOut","Glutton:ShareWeakness"],"picked":"Glutton:Devour","floor":2},{"not_picked":["Glutton:DecrepitStrike","Glutton:LashOut","Glutton:Slam"],"picked":"SKIP","floor":5},{"not_picked":["Glutton:Hoard+1","Glutton:Autotomy+1"],"picked":"Glutton:Rest+1","floor":6},{"not_picked":["Glutton:KneeJerk","Glutton:Brace+1"],"picked":"Glutton:Scab+1","floor":8},{"not_picked":["Glutton:Autotomy+1","Glutton:LashOut"],"picked":"Glutton:Feed","floor":11},{"not_picked":["Glutton:Demolish","Glutton:GnawingHunger","Glutton:FeebleKick"],"picked":"SKIP","floor":13},{"not_picked":["Glutton:EatAlive","Glutton:Hemophilia+1"],"picked":"Glutton:Treasure+1","floor":16},{"not_picked":[],"picked":"Glutton:Rapacity+1","floor":18},{"not_picked":[],"picked":"Glutton:SelfFlagellate+1","floor":19}],"player_experience":652514,"relics_obtained":[{"floor":6,"key":"Frozen Egg 2"},{"floor":9,"key":"Sundial"}],"event_choices":[{"cards_removed":["Injury"],"damage_healed":0,"gold_gain":0,"player_choice":"Card Removal","damage_taken":7,"max_hp_gain":0,"max_hp_loss":0,"event_name":"Golden Wing","floor":4,"gold_loss":0},{"damage_healed":0,"gold_gain":0,"player_choice":"Slimed","damage_taken":11,"max_hp_gain":0,"max_hp_loss":0,"event_name":"betterThird:BetterGoop","floor":12,"gold_loss":38}],"is_beta":false,"boss_relics":[{"not_picked":["Ectoplasm","hubris:BlackHole"],"picked":"Busted Crown"}],"items_purged_floors":[14,21],"is_endless":false,"potions_floor_spawned":[8,11,13,18],"killed_by":"Snake Plant","ascension_level":3}}