{"host":"Jade","time":1611667555,"event":{"mods":["2.2 Compatiblity","A Penny For Your Troubles","Aspiration","BaseMod","Better Altar","Better Match","Better Note","Better Skull","Better Third Choice","Better Vampires","BetterRewards","Colored Powertips","Conspire","Curses Come First","DeckTracker","GifTheSpireLib","Hero for Fun","Hubris","Infinite Spire","Minty Spire (QoL Compilation)","Quick Restart","Rare Cards Sparkle","Relic Stats","Replay The Spire","RumiaBox-????????","StSLib","Stuff the Spire","Wandering Minibosses"],"gold_per_floor":[109,123,142,158,177,177,177,210,233,233,308,308,308],"floor_reached":12,"language":"ENG","playtime":484,"items_purged":[],"score":80,"play_id":"c1675af2-c875-40a0-b308-7d2d8011eb3b","local_time":"20210126212555","is_ascension_mode":false,"campfire_choices":[{"data":"Ball Lightning","floor":6,"key":"SMITH"},{"data":"Redo","floor":10,"key":"SMITH"}],"circlet_count":0,"master_deck":["Strike_B","Strike_B","Strike_B","Strike_B","Defend_B","Defend_B","Defend_B","Defend_B","Zap","Dualcast","Steam","Ball Lightning+1","Gash","BootSequence","Redo+1"],"relics":["Cracked Core","StuffTheSpire:DarkSteelAnvil","StuffTheSpire:Mouthbags","Thread and Needle","aspiration:BabyByrd","aspiration:TomeofQuesting","infinitespire:Satchel"],"acts_visited":["Exordium"],"potions_floor_usage":[5],"damage_taken":[{"damage":0,"enemies":"2 Louse","floor":1,"turns":2},{"damage":0,"enemies":"Jaw Worm","floor":2,"turns":4},{"damage":0,"enemies":"Cultist","floor":3,"turns":3},{"damage":1,"enemies":"Looter","floor":4,"turns":6},{"damage":4,"enemies":"3 Louse","floor":5,"turns":3},{"damage":16,"enemies":"Gremlin Nob","floor":8,"turns":4},{"damage":9,"enemies":"3 Sentries","floor":12,"turns":2}],"seed_played":"-65079555903731463","potions_obtained":[{"floor":1,"key":"SteroidPotion"},{"floor":2,"key":"Adrenaline Potion"},{"floor":8,"key":"Weak Potion"}],"is_trial":false,"path_per_floor":["M","M","M","M","M","R","?","E","T","R","?","E"],"character_chosen":"DEFECT","items_purchased":["Steam","StuffTheSpire:Mouthbags"],"campfire_rested":0,"item_purchase_floors":[0,0],"current_hp_per_floor":[40,40,40,39,35,35,35,19,19,19,8,0,0],"gold":308,"neow_bonus":"","is_daily":false,"chose_seed":false,"campfire_upgraded":2,"win_rate":0.0,"timestamp":1611667555,"path_taken":["M","M","M","M","M","R","?","E","T","R","?","E"],"items_purchased_type":["Card","Relic"],"build_version":"2020-11-17","purchased_purges":0,"victory":false,"max_hp_per_floor":[75,75,75,75,75,75,75,75,75,75,75,75,75],"relic_stats":{"counters":[34,103],"obtain_stats":[{"Calipers":0,"Replay:PocketPolymizer":45,"Singing Bowl":43,"Mango":0,"aspiration:TomeofQuesting":8,"StuffTheSpire:BottledEssence":0,"Ancient Tea Set":30,"conspire:InfiniteJournal":0,"Lizard Tail":0,"infinitespire:ShieldingShard":0,"WristBlade":17,"aspiration:BabyByrd":7,"hubris:FunFungus":0,"Fusion Hammer":34,"HandDrill":0,"StuffTheSpire:Nightcore":0,"Ring of the Snake":0,"hubris:GlazedTorus":0,"aspiration:Nostalgia":0,"Basket Of Snakes":0,"Blue Candle":24,"Thread and Needle":0,"infinitespire:CheckeredPen":9,"Orichalcum":0,"War Paint":42,"aspiration:HiddenCompartment":6,"ChaoDraw":0,"infinitespire:DarkRift":0,"Busted Crown":36,"StuffTheSpire:Mouthbags":0,"StuffTheSpire:MayFlowers":0,"ReplayTheSpireMod:Ring of Collecting":0,"Bird Faced Urn":0,"infinitespire:Satchel":9,"StuffTheSpire:DarkSteelAnvil":0,"Garlic":0,"hubris:OldNail":12,"GodSword1":0,"Pocketwatch":0},{"Calipers":0,"Replay:PocketPolymizer":24,"Singing Bowl":23,"Mango":0,"aspiration:TomeofQuesting":33,"StuffTheSpire:BottledEssence":0,"Ancient Tea Set":16,"conspire:InfiniteJournal":0,"Lizard Tail":0,"infinitespire:ShieldingShard":0,"WristBlade":10,"aspiration:BabyByrd":32,"hubris:FunFungus":0,"Fusion Hammer":18,"HandDrill":0,"StuffTheSpire:Nightcore":27,"Ring of the Snake":0,"hubris:GlazedTorus":27,"aspiration:Nostalgia":0,"Basket Of Snakes":0,"Blue Candle":14,"Thread and Needle":27,"infinitespire:CheckeredPen":6,"Orichalcum":0,"War Paint":23,"aspiration:HiddenCompartment":5,"ChaoDraw":0,"infinitespire:DarkRift":0,"Busted Crown":19,"StuffTheSpire:Mouthbags":0,"StuffTheSpire:MayFlowers":0,"ReplayTheSpireMod:Ring of Collecting":0,"Bird Faced Urn":0,"infinitespire:Satchel":33,"StuffTheSpire:DarkSteelAnvil":27,"Garlic":0,"hubris:OldNail":8,"GodSword1":0,"Pocketwatch":27},{"Calipers":0,"Replay:PocketPolymizer":74,"Singing Bowl":73,"Mango":0,"aspiration:TomeofQuesting":101,"StuffTheSpire:BottledEssence":0,"Ancient Tea Set":54,"conspire:InfiniteJournal":0,"Lizard Tail":0,"infinitespire:ShieldingShard":0,"WristBlade":40,"aspiration:BabyByrd":97,"hubris:FunFungus":0,"Fusion Hammer":61,"HandDrill":0,"StuffTheSpire:Nightcore":79,"Ring of the Snake":0,"hubris:GlazedTorus":79,"aspiration:Nostalgia":0,"Basket Of Snakes":0,"Blue Candle":49,"Thread and Needle":79,"infinitespire:CheckeredPen":24,"Orichalcum":0,"War Paint":73,"aspiration:HiddenCompartment":19,"ChaoDraw":0,"infinitespire:DarkRift":0,"Busted Crown":63,"StuffTheSpire:Mouthbags":0,"StuffTheSpire:MayFlowers":0,"ReplayTheSpireMod:Ring of Collecting":0,"Bird Faced Urn":0,"infinitespire:Satchel":101,"StuffTheSpire:DarkSteelAnvil":79,"Garlic":0,"hubris:OldNail":32,"GodSword1":0,"Pocketwatch":79}]},"card_choices":[{"not_picked":["StuffTheSpire:LoadUp","Streamline","Panic Button"],"picked":"SKIP","floor":1},{"not_picked":["StuffTheSpire:LoadUp","FIFO Queue"],"picked":"Ball Lightning","floor":2},{"not_picked":["Steam","StuffTheSpire:Rend"],"picked":"Gash","floor":3},{"not_picked":["Go for the Eyes","Ball Lightning","Biased Cognition"],"picked":"SKIP","floor":4},{"not_picked":["Barrage","Conserve Battery"],"picked":"BootSequence","floor":5},{"not_picked":["Melter","Capacitor"],"picked":"Redo","floor":8}],"player_experience":43906,"relics_obtained":[{"floor":8,"key":"aspiration:TomeofQuesting"},{"floor":9,"key":"infinitespire:Satchel"}],"event_choices":[{"damage_healed":0,"gold_gain":75,"player_choice":"Gold","damage_taken":11,"max_hp_gain":0,"max_hp_loss":0,"event_name":"betterThird:BetterGoop","floor":11,"gold_loss":0}],"is_beta":true,"boss_relics":[],"items_purged_floors":[],"is_endless":false,"potions_floor_spawned":[1,2,8],"killed_by":"3 Sentries","ascension_level":0}}