{"host":"y24pqu7jih1n8m3t","time":1611619774,"event":{"mods":["AchievementEnabler","BaseMod","Bestiary","Block Reminder","Colored Map","Colored Powertips","DeckTracker","Highlight Path","Minty Spire (QoL Compilation)","Permanent Neow","Quick Restart","Rare Cards Sparkle","Relic Stats"],"gold_per_floor":[118,132,132,143,23,23,52,52,78,110,130,150,165,190,190,295,295,275,275,285,285,301,331,331,363,436,446,446,476,476,476,476,571,571,583,583,126,145,158,158,158,158,158,184,194,194,211,223,223,223,223,223,36,36,36],"floor_reached":54,"language":"ENG","playtime":4543,"items_purged":["Defend_P","Shame"],"score":841,"play_id":"7f6fcc79-a474-44d7-9e98-7c3c7aa44e1e","local_time":"20210125190934","is_ascension_mode":true,"campfire_choices":[{"data":"SashWhip","floor":6,"key":"SMITH"},{"data":"Crescendo","floor":8,"key":"SMITH"},{"floor":15,"key":"RECALL"},{"floor":24,"key":"REST"},{"floor":28,"key":"REST"},{"floor":30,"key":"REST"},{"floor":32,"key":"REST"},{"data":"Vault","floor":40,"key":"SMITH"},{"floor":49,"key":"REST"},{"data":"Halt","floor":52,"key":"SMITH"}],"circlet_count":0,"master_deck":["Strike_P+1","Strike_P+1","Strike_P+1","Strike_P+1","Defend_P+1","Defend_P+1","Defend_P+1","Eruption+1","Vigilance","DeceiveReality","Halt+1","Crescendo+1","SashWhip+1","TalkToTheHand+1","FollowUp","FlyingSleeves","Halt","ClearTheMind","EmptyFist","DevaForm+1","CutThroughFate","Adaptation","Vengeance","FlurryOfBlows+1","ClearTheMind+1","Indignation","FollowUp+1","RitualDagger","Vault+1","Vengeance+1","ReachHeaven","Protect","ThirdEye+1","WheelKick","Swivel","MentalFortress+1","FlurryOfBlows","MentalFortress","Halt","Perseverance"],"relics":["Philosopher\u0027s Stone","Ancient Tea Set","Calipers","Whetstone","Cursed Key","MutagenicStrength","Tiny Chest","Lantern","Mercury Hourglass","Akabeko","Busted Crown","Art of War","The Courier","Damaru","Oddly Smooth Stone"],"acts_visited":["Exordium","TheCity","TheBeyond","TheEnding"],"potions_floor_usage":[10,16,23,27,42,50],"damage_taken":[{"damage":1,"enemies":"2 Louse","floor":1,"turns":2},{"damage":0,"enemies":"Cultist","floor":2,"turns":4},{"damage":0,"enemies":"Jaw Worm","floor":4,"turns":4},{"damage":4,"enemies":"3 Sentries","floor":7,"turns":6},{"damage":0,"enemies":"Lagavulin","floor":10,"turns":2},{"damage":4,"enemies":"Blue Slaver","floor":11,"turns":2},{"damage":15,"enemies":"2 Fungi Beasts","floor":12,"turns":2},{"damage":7,"enemies":"Large Slime","floor":13,"turns":5},{"damage":2,"enemies":"Gremlin Nob","floor":14,"turns":4},{"damage":9,"enemies":"Hexaghost","floor":16,"turns":10},{"damage":30,"enemies":"2 Thieves","floor":18,"turns":4},{"damage":18,"enemies":"3 Byrds","floor":20,"turns":4},{"damage":0,"enemies":"3 Cultists","floor":22,"turns":4},{"damage":3,"enemies":"Book of Stabbing","floor":23,"turns":5},{"damage":28,"enemies":"Slavers","floor":25,"turns":3},{"damage":9,"enemies":"Chosen and Byrds","floor":27,"turns":5},{"damage":14,"enemies":"Book of Stabbing","floor":29,"turns":5},{"damage":68,"enemies":"Automaton","floor":33,"turns":9},{"damage":3,"enemies":"3 Shapes","floor":35,"turns":3},{"damage":6,"enemies":"Orb Walker","floor":38,"turns":2},{"damage":9,"enemies":"Sphere and 2 Shapes","floor":39,"turns":4},{"damage":0,"enemies":"Reptomancer","floor":42,"turns":4},{"damage":5,"enemies":"Nemesis","floor":44,"turns":5},{"damage":0,"enemies":"3 Darklings","floor":45,"turns":3},{"damage":0,"enemies":"Maw","floor":47,"turns":4},{"damage":5,"enemies":"Spire Growth","floor":48,"turns":4},{"damage":58,"enemies":"Awakened One","floor":50,"turns":10},{"damage":83,"enemies":"Shield and Spear","floor":54,"turns":3}],"seed_played":"8479426780131864780","potions_obtained":[{"floor":1,"key":"AttackPotion"},{"floor":2,"key":"SteroidPotion"},{"floor":11,"key":"FairyPotion"},{"floor":14,"key":"Block Potion"},{"floor":16,"key":"EssenceOfSteel"},{"floor":25,"key":"Regen Potion"},{"floor":29,"key":"SmokeBomb"},{"floor":33,"key":"Strength Potion"},{"floor":44,"key":"StancePotion"}],"is_trial":false,"path_per_floor":["M","M","?","M","$","R","E","R","T","E","M","M","M","E","R","B",null,"M","?","M","?","M","E","R","E","T","M","R","E","R","?","R","B",null,"M","?","$","M","M","R","T","E","T","E","M","?","M","M","R","B",null,"R","$","E"],"character_chosen":"WATCHER","items_purchased":["SashWhip","Ambrosia","Art of War","ReachHeaven","Protect","Oddly Smooth Stone","Halt","Perseverance"],"campfire_rested":5,"item_purchase_floors":[5,37,37,37,37,53,53,53],"current_hp_per_floor":[71,71,71,71,71,71,67,67,67,67,63,48,41,39,39,30,72,42,42,24,24,24,21,42,14,14,19,40,26,47,41,62,21,72,69,69,69,63,54,54,54,54,54,49,49,49,49,44,65,7,72,72,72,0,0],"gold":36,"neow_bonus":"BOSS_RELIC","is_daily":false,"chose_seed":false,"campfire_upgraded":4,"win_rate":0.0,"timestamp":1611619774,"path_taken":["M","M","?","?","$","R","E","R","T","E","M","M","?","E","R","BOSS","M","?","M","?","M","E","R","E","T","M","R","E","R","?","R","BOSS","M","?","$","M","?","R","?","E","T","E","M","?","M","?","R","BOSS","R","$","E"],"items_purchased_type":["Card","Potion","Relic","Card","Card","Relic","Card","Card"],"build_version":"2020-12-22","purchased_purges":2,"victory":false,"max_hp_per_floor":[72,72,72,72,72,72,72,72,72,72,72,72,72,72,72,72,72,72,72,72,72,72,72,72,72,72,72,72,72,72,72,72,72,72,72,72,72,72,72,72,72,72,72,72,72,72,72,72,72,72,72,72,72,72,72],"relic_stats":{"Busted Crown":14,"counters":[28,121],"Tiny Chest":1,"Art of War":[1],"Whetstone":["TalkToTheHand","Strike_P"],"Cursed Key":2,"obtain_stats":[{"Lantern":25,"Calipers":10,"Damaru":44,"Oddly Smooth Stone":53,"The Courier":41,"Whetstone":14,"Ancient Tea Set":7,"Cursed Key":17,"Akabeko":29,"Mercury Hourglass":26,"Busted Crown":34,"MutagenicStrength":21,"Philosopher\u0027s Stone":0,"Tiny Chest":23,"Art of War":37,"PureWater":0},{"Lantern":15,"Calipers":5,"Damaru":23,"Oddly Smooth Stone":27,"The Courier":21,"Whetstone":9,"Ancient Tea Set":4,"Cursed Key":10,"Akabeko":17,"Mercury Hourglass":15,"Busted Crown":18,"MutagenicStrength":12,"Philosopher\u0027s Stone":0,"Tiny Chest":14,"Art of War":19,"PureWater":0},{"Lantern":61,"Calipers":18,"Damaru":97,"Oddly Smooth Stone":118,"The Courier":88,"Whetstone":31,"Ancient Tea Set":16,"Cursed Key":41,"Akabeko":70,"Mercury Hourglass":61,"Busted Crown":79,"MutagenicStrength":49,"Philosopher\u0027s Stone":0,"Tiny Chest":58,"Art of War":82,"PureWater":0}],"Mercury Hourglass":[231]},"card_choices":[{"not_picked":["WaveOfTheHand","PathToVictory"],"picked":"DeceiveReality","floor":1},{"not_picked":["Indignation","FlurryOfBlows"],"picked":"Halt","floor":2},{"not_picked":["Nirvana","Prostrate"],"picked":"Crescendo","floor":4},{"not_picked":["EmptyBody","Study"],"picked":"TalkToTheHand","floor":7},{"not_picked":["Prostrate","Weave"],"picked":"FollowUp","floor":10},{"not_picked":["PathToVictory","Crescendo"],"picked":"FlyingSleeves","floor":11},{"not_picked":["ClearTheMind","ConjureBlade"],"picked":"Halt","floor":12},{"not_picked":["Sanctity","ThirdEye"],"picked":"ClearTheMind","floor":13},{"not_picked":["ThirdEye","Evaluate"],"picked":"EmptyFist","floor":14},{"not_picked":["DeusExMachina","MasterReality"],"picked":"DevaForm","floor":16},{"not_picked":["Protect","FlyingSleeves"],"picked":"CutThroughFate","floor":18},{"not_picked":["ClearTheMind","Nirvana+1"],"picked":"Adaptation","floor":20},{"not_picked":["SashWhip","EmptyMind"],"picked":"Vengeance","floor":22},{"not_picked":["SashWhip","ClearTheMind"],"picked":"FlurryOfBlows+1","floor":23},{"not_picked":["Pray","Crescendo"],"picked":"ClearTheMind+1","floor":25},{"not_picked":["Alpha","FearNoEvil"],"picked":"Indignation","floor":27},{"not_picked":["Crescendo","Nirvana"],"picked":"FollowUp+1","floor":29},{"not_picked":["SpiritShield","DeusExMachina"],"picked":"Vault","floor":33},{"not_picked":[],"picked":"Vengeance+1","floor":35},{"not_picked":[],"picked":"ThirdEye+1","floor":38},{"not_picked":[],"picked":"WheelKick","floor":39},{"not_picked":[],"picked":"Swivel","floor":44},{"not_picked":[],"picked":"MentalFortress+1","floor":45},{"not_picked":[],"picked":"FlurryOfBlows","floor":47},{"not_picked":[],"picked":"MentalFortress","floor":48}],"player_experience":177270,"relics_obtained":[{"floor":7,"key":"Ancient Tea Set"},{"floor":10,"key":"Calipers"},{"floor":14,"key":"Whetstone"},{"floor":23,"key":"Tiny Chest"},{"floor":25,"key":"Lantern"},{"floor":26,"key":"Mercury Hourglass"},{"floor":29,"key":"Akabeko"},{"floor":41,"key":"The Courier"},{"floor":44,"key":"Damaru"}],"event_choices":[{"damage_healed":0,"gold_gain":0,"player_choice":"Forge","damage_taken":0,"max_hp_gain":0,"max_hp_loss":0,"event_name":"Accursed Blacksmith","floor":3,"gold_loss":0,"cards_upgraded":["Eruption"]},{"damage_healed":0,"gold_gain":0,"player_choice":"Simplicity","damage_taken":0,"max_hp_gain":0,"max_hp_loss":0,"event_name":"Back to Basics","floor":19,"gold_loss":0,"cards_upgraded":["Strike_P","Strike_P","Strike_P","Defend_P","Defend_P","Defend_P"]},{"damage_healed":0,"gold_gain":0,"player_choice":"Inject Mutagens","damage_taken":0,"relics_obtained":["MutagenicStrength"],"max_hp_gain":0,"max_hp_loss":0,"event_name":"Drug Dealer","floor":21,"gold_loss":0},{"damage_healed":0,"gold_gain":0,"player_choice":"Joined the Cult","damage_taken":6,"max_hp_gain":0,"max_hp_loss":0,"event_name":"Nest","floor":31,"gold_loss":0,"cards_obtained":["RitualDagger"]},{"damage_healed":0,"gold_gain":0,"player_choice":"Upgraded","damage_taken":0,"max_hp_gain":0,"max_hp_loss":0,"event_name":"Upgrade Shrine","floor":36,"gold_loss":0,"cards_upgraded":["DevaForm"]},{"cards_removed":["Clumsy"],"damage_healed":0,"gold_gain":0,"player_choice":"Card Removal","damage_taken":0,"max_hp_gain":0,"max_hp_loss":0,"event_name":"Wheel of Change","floor":46,"gold_loss":0}],"is_beta":false,"boss_relics":[{"not_picked":["Fusion Hammer","SacredBark"],"picked":"Cursed Key"},{"not_picked":["Sozu","Coffee Dripper"],"picked":"Busted Crown"}],"items_purged_floors":[5,37],"is_endless":false,"potions_floor_spawned":[1,2,11,14,16,25,29,33,44,47,48],"killed_by":"Shield and Spear","ascension_level":1}}