{"host":"0ukt4blzh5g8drbw","time":1611671109,"event":{"mods":["100% Spire Juice","ATMod(∞¢Ë™Mod)","AchievementEnabler","Act Like it!","Arknights The Spire","Aspiration","BaseMod","ChefMod","Dota2Spire","Downfall","Energized Spire","Gensokyo","GungeonMod","KinomotoSakuraMod(ƒæ÷Æ±æ”£)","Koishi","Luminous","Mari Mod (Legacy)","Mari\u0027s V1 Patch","Marisa£®ÏF”Í°°ƒß¿Ì…≥£©","Minty Spire (QoL Compilation)","Quick Restart","Reimu£®≤©¿ˆ¡È√Œ£©","Remilia£®¿Ÿ√◊¿Ú—«£©","Replay The Spire","Robot Space Explorer","StSLib","The Alterego","The Bug Knight","The Construct","The Marked","The Runesmith","The Servant 0.9.4","WarShipGirlsR/’ΩΩ¢…Ÿ≈ÆR mod","Yakumo Yukari mod","Youmu£®ªÍ∆«—˝√Œ£©","Yuyuko","[IsaacMod]“‘»ˆº‚À˛","°æ“≈ŒÔø®≈∆°øREMEMod"],"gold_per_floor":[111,168,93,93,93,128,139,151,151,164,164,199,219,232,232,328,328,339,339,359,369,176,202,202,280,280,280,280,290,320,330,330,433,433,443,443,461,475,486,486,497,523,523,549,559,559,559,592,592,599,599,599,242,296,359],"floor_reached":56,"language":"ZHS","playtime":4432,"items_purged":["HollowMod:NailStrikeStart","HollowMod:QuickDashStart","HollowMod:QuickDashStart"],"score":1366,"play_id":"ca130b79-2fc6-4912-bc65-c6ce9da4ec54","local_time":"20210126222509","is_ascension_mode":false,"campfire_choices":[{"data":"HollowMod:GrimmsGift","floor":15.0,"key":"SMITH"},{"data":"HollowMod:SoulEater","floor":24.0,"key":"SMITH"},{"data":"HollowMod:MantisMark","floor":27.0,"key":"SMITH"},{"data":"HollowMod:FocusHealStart","floor":32.0,"key":"SMITH"},{"data":"HollowMod:SlysStrikes","floor":40.0,"key":"SMITH"},{"floor":49.0,"key":"RECALL"},{"data":"HollowMod:ChannelNail","floor":52.0,"key":"SMITH"}],"circlet_count":0,"master_deck":["HollowMod:NailStrikeStart","HollowMod:NailStrikeStart","HollowMod:NailStrikeStart","HollowMod:QuickDashStart","HollowMod:QuickDashStart","HollowMod:FocusHealStart+1","HollowMod:PogoStrike","construct:CriticalHit","HollowMod:ChannelNail+1","HollowMod:SoulShaman","HollowMod:GrimmsGift+1","HollowMod:Weaversong","HollowMod:MantisMark+1","HollowMod:VengefulSpirit+1","HollowMod:SoulEater+1","HollowMod:theNailsmith","HollowMod:SoulStrike+1","HollowMod:SlysStrikes+1","HollowMod:CloakDash+1","HollowMod:MantisMark+1","HollowMod:SoulVessel+1","HollowMod:DoubleDash+1"],"relics":["HollowMod:VesselMask","AT_ATBox","HushsDoor","REME_ComplimentaryCards","NeowsBlessing","GuppysTail","Meat on the Bone","Dota2Spire:EchoSabre","Dota2Spire:EyeOfSkadi","Oddly Smooth Stone","energizedSpire:MagnifyingGlass","GuppysHairball","m_SnakeBloodCore","Membership Card","Orichalcum","HollowMod:LumaflyLanternRelic","Mirror","energizedSpire:EnergizedDie","GuppysCollar","ReplayTheSpireMod:Shallot","DemoMod:ChaffGrenade","SalivaCoin","Strawberry","Dota2Spire:Butterfly","Dota2Spire:MagicBottle","Strange Spoon","Dota2Spire:ShadowBlade"],"acts_visited":["Exordium","TheCity","TheBeyond","TheEnding"],"potions_floor_usage":[55,55,55],"damage_taken":[{"damage":0.0,"enemies":"2 Louse","floor":1.0,"turns":1.0},{"damage":0.0,"enemies":"Gremlin Nob","floor":6.0,"turns":1.0},{"damage":0.0,"enemies":"Cultist","floor":7.0,"turns":1.0},{"damage":4.0,"enemies":"Jaw Worm","floor":8.0,"turns":2.0},{"damage":2.0,"enemies":"Blue Slaver","floor":10.0,"turns":2.0},{"damage":24.0,"enemies":"3 Sentries","floor":12.0,"turns":10.0},{"damage":0.0,"enemies":"2 Fungi Beasts","floor":13.0,"turns":4.0},{"damage":2.0,"enemies":"Exordium Thugs","floor":14.0,"turns":4.0},{"damage":27.0,"enemies":"HollowMod:FalseKnight","floor":16.0,"turns":8.0},{"damage":14.0,"enemies":"Shell Parasite","floor":18.0,"turns":4.0},{"damage":0.0,"enemies":"Spheric Guardian","floor":20.0,"turns":3.0},{"damage":21.0,"enemies":"Shelled Parasite and Fungi","floor":21.0,"turns":5.0},{"damage":23.0,"enemies":"Book of Stabbing","floor":23.0,"turns":5.0},{"damage":0.0,"enemies":"Cultist and Chosen","floor":29.0,"turns":5.0},{"damage":15.0,"enemies":"Gremlin Leader","floor":30.0,"turns":6.0},{"damage":3.0,"enemies":"Snecko","floor":31.0,"turns":3.0},{"damage":20.0,"enemies":"Collector","floor":33.0,"turns":6.0},{"damage":18.0,"enemies":"3 Darklings","floor":35.0,"turns":3.0},{"damage":0.0,"enemies":"3 Shapes","floor":37.0,"turns":3.0},{"damage":0.0,"enemies":"Transient","floor":38.0,"turns":5.0},{"damage":6.0,"enemies":"Jaw Worm Horde","floor":39.0,"turns":3.0},{"damage":7.0,"enemies":"Maw","floor":41.0,"turns":4.0},{"damage":0.0,"enemies":"Nemesis","floor":42.0,"turns":3.0},{"damage":0.0,"enemies":"Giant Head","floor":44.0,"turns":4.0},{"damage":0.0,"enemies":"3 Darklings","floor":45.0,"turns":3.0},{"damage":0.0,"enemies":"Transient","floor":46.0,"turns":5.0},{"damage":0.0,"enemies":"R_Hoarder","floor":48.0,"turns":4.0},{"damage":7.0,"enemies":"Donu and Deca","floor":50.0,"turns":5.0},{"damage":25.0,"enemies":"Shield and Spear","floor":54.0,"turns":4.0},{"damage":61,"enemies":"The Heart","floor":55,"turns":5}],"seed_played":"-3845814484600426440","potions_obtained":[{"floor":1.0,"key":"Venom Potion"},{"floor":6.0,"key":"ZuzhouPotion:ReiMu"},{"floor":16.0,"key":"Milkshake"},{"floor":21.0,"key":"SteroidPotion"},{"floor":23.0,"key":"Death Potion"},{"floor":31.0,"key":"ColorlessPotion"},{"floor":38.0,"key":"Explosive Potion"},{"floor":39.0,"key":"Swift Potion"}],"is_trial":false,"path_per_floor":["M","?","$","?","$","E","M","M","T","M","T","E","M","M","R","B",null,"M","?","M","M","$","E","R","?","T","R","?","M","E","M","R","B",null,"M","?","M","M","M","R","M","E","T","E","M","M","?","E","R","B",null,"R","$","E","B",null],"character_chosen":"THE_BUGKNIGHT","items_purchased":["HollowMod:MantisMark","GuppysHairball","Membership Card","GuppysCollar","Dota2Spire:Butterfly","Dota2Spire:MagicBottle","Strange Spoon"],"campfire_rested":0,"item_purchase_floors":[17,17,22,34,53,53,53],"current_hp_per_floor":[75,60,60,60,60,60,60,62,67,65,65,53,59,63,63,46,67,59,59,62,44,44,36,36,21,21,21,77,77,75,75,75,64,64,55,55,64,64,61,61,63,64,64,64,64,64,64,71,71,71,71,71,71,55,19],"gold":359,"neow_bonus":"THREE_ENEMY_KILL","is_daily":false,"chose_seed":false,"campfire_upgraded":6,"win_rate":0.0,"timestamp":1611671109,"path_taken":["M","?","$","?","$","E","M","M","T","?","?","E","M","M","R","BOSS","M","?","?","?","$","E","R","?","T","R","?","M","E","M","R","BOSS","M","?","M","?","M","R","M","E","T","E","M","M","?","E","R","BOSS","R","$","E","BOSS"],"items_purchased_type":["Card","Relic","Relic","Relic","Relic","Relic","Relic"],"build_version":"2020-12-22","purchased_purges":3,"victory":true,"max_hp_per_floor":[75,75,75,75,75,75,75,75,80,80,80,80,80,80,80,80,67,67,67,67,67,67,67,67,67,67,67,77,77,77,77,77,77,64,64,64,64,64,64,64,64,64,64,64,64,64,64,71,71,71,71,71,71,71,71],"card_choices":[{"not_picked":["Bomb","HollowMod:HowlingWraiths"],"picked":"HollowMod:ChannelNail","floor":1.0},{"not_picked":["HollowMod:SharpenedShadows","HollowMod:GoodIntentions","HollowMod:FallenFury"],"picked":"SKIP","floor":6.0},{"not_picked":["HollowMod:DesolateDive","HollowMod:MidwifesHunger","HollowMod:BaldurShell"],"picked":"SKIP","floor":7.0},{"not_picked":["HollowMod:SiblingsSouls","HollowMod:LifebloodCocoon"],"picked":"HollowMod:SoulShaman","floor":8.0},{"not_picked":["HollowMod:CloakDash","HollowMod:theNailsmith","HollowMod:ShadowDash"],"picked":"SKIP","floor":10.0},{"not_picked":["HollowMod:ShadowDash","HollowMod:MawleksShell","HollowMod:NewGlowingWomb"],"picked":"SKIP","floor":12.0},{"not_picked":["HollowMod:MawleksShell","HollowMod:InfectedCysts"],"picked":"HollowMod:GrimmsGift","floor":13.0},{"not_picked":["HollowMod:GrimmsGift","HollowMod:TaintedHusks"],"picked":"HollowMod:Weaversong","floor":14.0},{"not_picked":["HollowMod:MidwifesHunger","HollowMod:ZotesMagnificence"],"picked":"HollowMod:theNailsmith","floor":16.0},{"not_picked":["HollowMod:LifebloodCocoon","HollowMod:FastStrike"],"picked":"HollowMod:VengefulSpirit+1","floor":18.0},{"not_picked":["HollowMod:TaintedHusks","HollowMod:VengefulVoid","HollowMod:MonarchWings+1"],"picked":"SKIP","floor":20.0},{"not_picked":["HollowMod:NewGlowingWomb","HollowMod:FallenFury+1","HollowMod:LifebloodCocoon"],"picked":"SKIP","floor":21.0},{"not_picked":["HollowMod:theNailsmith","HollowMod:DescendingDark"],"picked":"HollowMod:SoulEater","floor":23.0},{"not_picked":["HollowMod:VengefulVoid+1","HollowMod:SiblingsSouls","HollowMod:ShapeofUnn+1"],"picked":"SKIP","floor":29.0},{"not_picked":["HollowMod:NewLittleFool","HollowMod:NewJinnsSoul"],"picked":"HollowMod:SoulStrike+1","floor":30.0},{"not_picked":["HollowMod:TaintedHusks+1","HollowMod:WraithStrike","HollowMod:NewJinnsSoul"],"picked":"SKIP","floor":31.0},{"not_picked":["HollowMod:ElderbugsWisdom","HollowMod:theNailsmith"],"picked":"HollowMod:SlysStrikes","floor":33.0},{"not_picked":["HollowMod:ShapeofUnn+1","HollowMod:WraithStrike+1","HollowMod:SharpenedShadows"],"picked":"SKIP","floor":35.0},{"not_picked":["HollowMod:PerfectDash+1","HollowMod:HeavyBlow"],"picked":"HollowMod:CloakDash+1","floor":37.0},{"not_picked":["HollowMod:NewJinnsSoul+1","HollowMod:HeavyBlow+1","HollowMod:SoulStrike"],"picked":"SKIP","floor":38.0},{"not_picked":["HollowMod:InfectionAssault+1","HollowMod:Weaversong"],"picked":"HollowMod:MantisMark+1","floor":39.0},{"not_picked":["HollowMod:NewJinnsSoul+1","HollowMod:SoulEater+1","HollowMod:InfectedCysts+1"],"picked":"SKIP","floor":41.0},{"not_picked":["HollowMod:HowlingWraiths","HollowMod:SiblingsSouls","HollowMod:ElderbugsWisdom"],"picked":"SKIP","floor":42.0},{"not_picked":["HollowMod:TaintedHusks","HollowMod:SiblingsShadow+1","HollowMod:PerfectDash"],"picked":"SKIP","floor":44.0},{"not_picked":["HollowMod:VengefulVoid","HollowMod:FallenFury+1","HollowMod:HowlingWraiths"],"picked":"SKIP","floor":45.0},{"not_picked":["HollowMod:NewLittleFool","HollowMod:CycloneSlash+1"],"picked":"HollowMod:SoulVessel+1","floor":46.0},{"not_picked":["HollowMod:SoulShaman","HollowMod:ShadowDash","HollowMod:NewLittleFool+1"],"picked":"SKIP","floor":48.0},{"not_picked":["HollowMod:CloakDash","HollowMod:LifebloodCocoon+1"],"picked":"HollowMod:DoubleDash+1","floor":54.0}],"player_experience":132765,"relics_obtained":[{"floor":6.0,"key":"Dota2Spire:EchoSabre"},{"floor":9.0,"key":"Dota2Spire:EyeOfSkadi"},{"floor":12.0,"key":"Oddly Smooth Stone"},{"floor":23.0,"key":"Orichalcum"},{"floor":26.0,"key":"HollowMod:LumaflyLanternRelic"},{"floor":30.0,"key":"Mirror"},{"floor":42.0,"key":"ReplayTheSpireMod:Shallot"},{"floor":43.0,"key":"DemoMod:ChaffGrenade"},{"floor":44.0,"key":"SalivaCoin"},{"floor":48.0,"key":"Strawberry"},{"floor":54.0,"key":"Dota2Spire:ShadowBlade"}],"event_choices":[{"damage_healed":0.0,"max_hp_gain":0.0,"max_hp_loss":0.0,"gold_gain":0.0,"event_name":"WeMeetAgain","player_choice":"Gave Potion","floor":4.0,"gold_loss":0.0,"damage_taken":0.0,"relics_obtained":["Meat on the Bone"]},{"cards_removed":["HollowMod:theNailsmith"],"damage_healed":46.0,"max_hp_gain":10.0,"max_hp_loss":0.0,"gold_gain":0.0,"event_name":"Bonfire Elementals","player_choice":"Offered Rare","floor":28.0,"gold_loss":0.0,"damage_taken":0.0},{"damage_healed":0.0,"max_hp_gain":0.0,"max_hp_loss":0.0,"gold_gain":0.0,"event_name":"SensoryStone","player_choice":"Memory 1","floor":36.0,"gold_loss":0.0,"damage_taken":0.0},{"damage_healed":0.0,"max_hp_gain":0.0,"max_hp_loss":0.0,"gold_gain":0.0,"event_name":"Transmorgrifier","player_choice":"Ignored","floor":47.0,"gold_loss":0.0,"damage_taken":0.0}],"is_beta":false,"boss_relics":[{"not_picked":["Velvet Choker","Runic Pyramid"],"picked":"energizedSpire:MagnifyingGlass"},{"not_picked":[]},{"not_picked":["aspiration:MobileForge","SacredBark"],"picked":"energizedSpire:EnergizedDie"},{"not_picked":[]}],"items_purged_floors":[3,22,53],"is_endless":false,"potions_floor_spawned":[1,6,16,21,23,30,31,38,39,44],"ascension_level":0}}