{"host":"uvmuduost5bzvojs","time":1611632026,"event":{"mods":["Aspiration","Bard","BaseMod","Better Match","Block Reminder","Conspire","Hermit","Highlight Path","Hubris","Infinite Spire","Jorbs\u0027s Wanderer Trilogy","Mad Scientist","Marisa????????","Mimic Mod","Minty Spire (QoL Compilation)","Potionbrewer","Replay The Spire","Robot Space Explorer","StSLib","The Blackbeard","The Construct","The Cursed","The Disciple","The Hayseed","The Hierophant","The Juggle","The Jungle","The Poker Player","The Runesmith","The Servant 0.9.4","The Spell Scribe","The Valiant","TheBandit"],"gold_per_floor":[13,29,29,44,119,119,153,165,192,192,206,131,148,164,164,263,263,283,298,298,298],"floor_reached":20,"language":"ENG","playtime":1350,"items_purged":[],"score":178,"play_id":"d58eead5-a855-45ae-86e0-b9777414df0d","local_time":"20210125223346","is_ascension_mode":false,"campfire_choices":[{"floor":6,"key":"DIG"},{"data":"SilverBlades","floor":10,"key":"SMITH"},{"floor":15,"key":"DIG"}],"circlet_count":0,"master_deck":["Strike_S","Strike_S","Strike_S","Strike_S","Defend_S","Defend_S","Defend_S","Defend_S","KidneyShot","Exchange+1","SilverBlades+1","ShatteredReality","Rewind","InstantArmor","Potential","hubris:Ssssneak+1","Starlight+1","FanOfKnives","Ricochet","Deny","Rewind","InstantArmor"],"relics":["Uniform","Replay:Multitool","aspiration:TomeofQuesting","Gremlin Food","Strawberry","hubris:Reverence","conspire:SpecialSausage"],"acts_visited":["Exordium","TheCity"],"potions_floor_usage":[16,16,16],"damage_taken":[{"damage":8,"enemies":"Jaw Worm","floor":1,"turns":5},{"damage":4,"enemies":"Cultist","floor":2,"turns":5},{"damage":3,"enemies":"Small Slimes","floor":4,"turns":3},{"damage":27,"enemies":"Gremlin Nob","floor":7,"turns":5},{"damage":0,"enemies":"Exordium Wildlife","floor":8,"turns":3},{"damage":0,"enemies":"3 Louse","floor":11,"turns":2},{"damage":0,"enemies":"Looter","floor":13,"turns":1},{"damage":10,"enemies":"Lots of Slimes","floor":14,"turns":4},{"damage":9,"enemies":"Hexaghost","floor":16,"turns":8},{"damage":0,"enemies":"Shell Parasite","floor":18,"turns":2},{"damage":4,"enemies":"Spheric Guardian","floor":19,"turns":3},{"damage":0,"enemies":"Centurion and Healer","floor":20,"turns":2}],"seed_played":"-814946697974960217","potions_obtained":[{"floor":1,"key":"FearPotion"},{"floor":2,"key":"SpeedPotion"},{"floor":8,"key":"Elixir"},{"floor":18,"key":"BlessingOfTheForge"}],"is_trial":false,"path_per_floor":["M","M","?","M","?","R","E","M","T","R","M","?","M","M","R","B",null,"M","M","M"],"character_chosen":"THE_SERVANT","items_purchased":[],"campfire_rested":0,"item_purchase_floors":[],"current_hp_per_floor":[57,53,53,50,44,44,17,17,24,24,24,24,24,14,14,5,72,72,68,68,68],"gold":298,"neow_bonus":"ONE_RARE_RELIC","is_daily":false,"chose_seed":false,"campfire_upgraded":1,"win_rate":0.0,"timestamp":1611632026,"path_taken":["M","M","?","M","?","R","E","M","T","R","?","?","M","M","R","BOSS","M","M","M"],"items_purchased_type":[],"build_version":"2020-12-22","purchased_purges":0,"victory":false,"max_hp_per_floor":[65,65,65,65,65,65,65,65,72,72,72,72,72,72,72,72,72,72,72,72,72],"card_choices":[{"not_picked":["Luminosity","FastForward"],"picked":"SilverBlades","floor":1},{"not_picked":["Rewind","SpecialFormula"],"picked":"ShatteredReality","floor":2},{"not_picked":["DoubleEdge","BestPractice"],"picked":"Rewind","floor":4},{"not_picked":["Moonlight","Defy"],"picked":"InstantArmor","floor":7},{"not_picked":["Collapse","MoonPhase"],"picked":"Potential","floor":8},{"not_picked":["Rewind","Unruled","DoubleEdge"],"picked":"SKIP","floor":11},{"not_picked":["Specialist+1","Swift Strike+1"],"picked":"hubris:Ssssneak+1","floor":12},{"not_picked":["Defy+1","Revamp+1"],"picked":"Starlight+1","floor":12},{"not_picked":["ShatteredReality","Contraction"],"picked":"FanOfKnives","floor":13},{"not_picked":["Barrier","FastForward"],"picked":"Ricochet","floor":14},{"not_picked":["ForgedInTime","Initiator"],"picked":"Deny","floor":16},{"not_picked":["DoubleEdge","FanOfKnives"],"picked":"Rewind","floor":18},{"not_picked":["Unruled","Revamp"],"picked":"InstantArmor","floor":19}],"player_experience":1811151,"relics_obtained":[{"floor":6,"key":"aspiration:TomeofQuesting"},{"floor":7,"key":"Gremlin Food"},{"floor":9,"key":"Strawberry"},{"floor":15,"key":"hubris:Reverence"}],"event_choices":[{"damage_healed":0,"gold_gain":0,"player_choice":"Grow","damage_taken":0,"max_hp_gain":0,"max_hp_loss":0,"event_name":"Living Wall","floor":3,"gold_loss":0,"cards_upgraded":["Exchange"]},{"damage_healed":0,"gold_gain":75,"player_choice":"Touch","damage_taken":6,"max_hp_gain":0,"max_hp_loss":0,"event_name":"FaceTrader","floor":5,"gold_loss":0},{"damage_healed":0,"gold_gain":0,"player_choice":"2","damage_taken":0,"max_hp_gain":0,"max_hp_loss":0,"event_name":"betterMatch:BetterMatch","floor":12,"gold_loss":0,"cards_obtained":["betterMatch:ColorlessUncommonCard","betterMatch:CommonCard"]}],"is_beta":false,"boss_relics":[{"not_picked":["Tiny House","Abe\u0027s Treasure"],"picked":"conspire:SpecialSausage"}],"items_purged_floors":[],"is_endless":false,"potions_floor_spawned":[1,2,8,13,18],"killed_by":"Centurion and Healer","ascension_level":0}}