{"host":"s88k97ee8ljqz1kp","time":1611678931,"event":{"mods":["Act Like it!","BaseMod","BshForSts","Communication Mod","Downfall","Friendly Minions","GifTheSpireLib","Minty Spire (QoL Compilation)","Relic Stats","StSLib","SuperFastMode","yUi"],"gold_per_floor":[99,114,114,129,129,159,159,189,219,219,219],"floor_reached":10,"language":"ENG","playtime":357,"items_purged":[],"score":84,"play_id":"20619700-2e1b-44b2-a44f-d4adbc83c65b","local_time":"20210126113531","daily_mods":["Heirloom","Vintage","Elite Swarm"],"is_ascension_mode":false,"campfire_choices":[{"data":"Bash","floor":1,"key":"SMITH"}],"circlet_count":0,"master_deck":["Strike_R","Strike_R","Strike_R","Strike_R","Defend_R","Defend_R","Defend_R","Defend_R","Bash+1","Searing Blow","Iron Wave","Fiend Fire","Corruption","Impervious"],"relics":["Burning Blood","WingedGreaves","Peace Pipe","bronze:BronzeIdol","Akabeko","Mummified Hand","Potion Belt","Unceasing Top"],"acts_visited":["Exordium"],"potions_floor_usage":[9],"damage_taken":[{"damage":6,"enemies":"Jaw Worm","floor":2,"turns":3},{"damage":6,"enemies":"Cultist","floor":4,"turns":3},{"damage":30,"enemies":"3 Sentries","floor":6,"turns":10},{"damage":40,"enemies":"Lagavulin","floor":8,"turns":7},{"damage":8,"enemies":"Gremlin Nob","floor":9,"turns":4},{"damage":26,"enemies":"3 Sentries","floor":10,"turns":6}],"seed_played":"-4735054310349275430","potions_obtained":[{"floor":6,"key":"Block Potion"}],"is_trial":false,"path_per_floor":["R","M","?","M","?","E","T","E","E","E"],"character_chosen":"IRONCLAD","items_purchased":[],"campfire_rested":0,"item_purchase_floors":[],"current_hp_per_floor":[80,80,80,80,80,56,56,22,20,0,0],"gold":219,"neow_bonus":"","is_daily":true,"chose_seed":false,"campfire_upgraded":1,"win_rate":0.0,"timestamp":1611678931,"path_taken":["R","M","?","?","?","E","T","E","E","E"],"items_purchased_type":[],"build_version":"2020-12-22","purchased_purges":0,"victory":false,"max_hp_per_floor":[80,80,80,80,80,80,80,80,80,80,80],"relic_stats":{"Peace Pipe":0,"counters":[6,33],"Mummified Hand":[1],"obtain_stats":[{"Peace Pipe":2,"Potion Belt":8,"Mummified Hand":7,"WingedGreaves":0,"Burning Blood":0,"Akabeko":6,"Unceasing Top":9,"bronze:BronzeIdol":4},{"Peace Pipe":1,"Potion Belt":4,"Mummified Hand":3,"WingedGreaves":0,"Burning Blood":0,"Akabeko":3,"Unceasing Top":5,"bronze:BronzeIdol":2},{"Peace Pipe":3,"Potion Belt":23,"Mummified Hand":16,"WingedGreaves":0,"Burning Blood":0,"Akabeko":16,"Unceasing Top":27,"bronze:BronzeIdol":6}],"Burning Blood":30,"Unceasing Top":[1]},"card_choices":[{"not_picked":["Impervious","Double Tap"],"picked":"Fiend Fire","floor":6},{"not_picked":["Bludgeon","Brutality"],"picked":"Corruption","floor":8},{"not_picked":["Corruption","Exhume"],"picked":"Impervious","floor":9}],"player_experience":154568,"relics_obtained":[{"floor":2,"key":"Peace Pipe"},{"floor":4,"key":"bronze:BronzeIdol"},{"floor":6,"key":"Akabeko"},{"floor":7,"key":"Mummified Hand"},{"floor":8,"key":"Potion Belt"},{"floor":9,"key":"Unceasing Top"}],"event_choices":[{"damage_healed":0,"gold_gain":0,"cards_transformed":["Strike_R"],"player_choice":"Transformed","damage_taken":0,"max_hp_gain":0,"max_hp_loss":0,"event_name":"Transmorgrifier","floor":3,"gold_loss":0,"cards_obtained":["Searing Blow"]},{"damage_healed":0,"gold_gain":0,"player_choice":"1 cards matched","damage_taken":0,"max_hp_gain":0,"max_hp_loss":0,"event_name":"Match and Keep!","floor":5,"gold_loss":0,"cards_obtained":["Iron Wave"]}],"is_beta":false,"boss_relics":[],"items_purged_floors":[],"is_endless":false,"potions_floor_spawned":[6],"killed_by":"3 Sentries","ascension_level":0}}