{"host":"x3xr1fzypq6qqz5s","time":1611665549,"event":{"mods":["BaseMod","Better Vampires","Colored Powertips","DeckTracker","Highlight Path","Minty Spire (QoL Compilation)","Quick Restart","Rare Cards Sparkle","Relic Stats"],"gold_per_floor":[114,189,189,88,101,101,63,63,63,82,100,100,125,150,150,270,270,290,303,328,341,256,256,276,301,301,344,162,162,186,186,186,186,186],"floor_reached":33,"language":"ZHS","playtime":1369,"items_purged":["Defend_G","Strike_G"],"score":286,"play_id":"dd5664d8-f8da-4bd7-85ce-7a2b5586f338","local_time":"20210126205229","is_ascension_mode":false,"campfire_choices":[{"data":"Noxious Fumes","floor":8.0,"key":"SMITH"},{"floor":12.0,"key":"REST"},{"data":"Well Laid Plans","floor":15.0,"key":"SMITH"},{"floor":23.0,"key":"REST"},{"floor":32,"key":"REST"}],"circlet_count":0,"master_deck":["Strike_G","Strike_G","Strike_G","Strike_G","Defend_G","Defend_G","Defend_G","Survivor","Neutralize","Well Laid Plans+1","PiercingWail","Dash","Noxious Fumes+1","Deadly Poison","Blur","Corpse Explosion","Bullet Time","Bullet Time","Noxious Fumes+1"],"relics":["Ring of the Snake","NeowsBlessing","Golden Idol","StrikeDummy","SlaversCollar","Tough Bandages","Regal Pillow"],"acts_visited":["Exordium","TheCity"],"potions_floor_usage":[27,27,33],"damage_taken":[{"damage":0.0,"enemies":"2 Louse","floor":1.0,"turns":1.0},{"damage":0.0,"enemies":"Jaw Worm","floor":5.0,"turns":1.0},{"damage":0.0,"enemies":"Small Slimes","floor":10.0,"turns":1.0},{"damage":9.0,"enemies":"Exordium Thugs","floor":11.0,"turns":5.0},{"damage":0.0,"enemies":"Lots of Slimes","floor":13.0,"turns":3.0},{"damage":0.0,"enemies":"Looter","floor":14.0,"turns":3.0},{"damage":27.0,"enemies":"Slime Boss","floor":16.0,"turns":10.0},{"damage":11.0,"enemies":"Spheric Guardian","floor":18.0,"turns":5.0},{"damage":2.0,"enemies":"3 Byrds","floor":19.0,"turns":3.0},{"damage":12.0,"enemies":"Centurion and Healer","floor":20.0,"turns":7.0},{"damage":9.0,"enemies":"Cultist and Chosen","floor":21.0,"turns":8.0},{"damage":0,"enemies":"Snake Plant","floor":24,"turns":5},{"damage":1,"enemies":"Centurion and Healer","floor":25,"turns":5},{"damage":29,"enemies":"Slavers","floor":27,"turns":4},{"damage":11,"enemies":"Snecko","floor":30,"turns":5},{"damage":59,"enemies":"Champ","floor":33,"turns":9}],"seed_played":"-2492540450664067772","potions_obtained":[{"floor":5.0,"key":"EssenceOfSteel"},{"floor":14.0,"key":"Strength Potion"},{"floor":16.0,"key":"DuplicationPotion"},{"floor":18.0,"key":"ColorlessPotion"},{"floor":20.0,"key":"SpeedPotion"},{"floor":25,"key":"DuplicationPotion"}],"is_trial":false,"path_per_floor":["M","?","?","$","M","?","$","R","T","M","M","R","M","M","R","B",null,"M","M","M","M","?","R","M","M","T","E","$","?","M","?","R","B"],"character_chosen":"THE_SILENT","items_purchased":["PiercingWail","Noxious Fumes","Bullet Time"],"campfire_rested":3,"item_purchase_floors":[4,7,28],"current_hp_per_floor":[70,59,42,42,42,42,42,42,42,42,33,54,54,54,54,27,70,59,57,45,36,36,57,57,56,56,27,27,27,16,16,52,0,0],"gold":186,"neow_bonus":"THREE_ENEMY_KILL","is_daily":false,"chose_seed":false,"campfire_upgraded":2,"win_rate":0.0,"timestamp":1611665549,"path_taken":["M","?","?","?","M","?","$","R","T","?","M","R","M","M","R","BOSS","M","?","M","M","?","R","M","M","T","E","$","?","?","?","R","BOSS"],"items_purchased_type":["Card","Card","Card"],"build_version":"2020-12-22","purchased_purges":2,"victory":false,"max_hp_per_floor":[70,70,70,70,70,70,70,70,70,70,70,70,70,70,70,70,70,70,70,70,70,70,70,70,70,70,70,70,70,70,70,70,70,70],"relic_stats":{"Tough Bandages":[15],"Regal Pillow":15,"counters":[16,75],"Golden Idol":83,"obtain_stats":[{"SlaversCollar":17,"Tough Bandages":22,"Regal Pillow":27,"NeowsBlessing":0,"Golden Idol":3,"StrikeDummy":9,"Ring of the Snake":0},{"SlaversCollar":7,"Tough Bandages":11,"Regal Pillow":14,"NeowsBlessing":0,"Golden Idol":1,"StrikeDummy":2,"Ring of the Snake":0},{"SlaversCollar":24,"Tough Bandages":47,"Regal Pillow":61,"NeowsBlessing":0,"Golden Idol":1,"StrikeDummy":2,"Ring of the Snake":0}],"Ring of the Snake":[32]},"card_choices":[{"not_picked":["Slice","Quick Slash"],"picked":"Well Laid Plans","floor":1.0},{"not_picked":["Acrobatics","Well Laid Plans"],"picked":"Dash","floor":5.0},{"not_picked":["Cloak And Dagger","Tactician","Underhanded Strike"],"picked":"SKIP","floor":10.0},{"not_picked":["Infinite Blades","Prepared","Backstab"],"picked":"SKIP","floor":11.0},{"not_picked":["Flying Knee","Cloak And Dagger"],"picked":"Deadly Poison","floor":13.0},{"not_picked":["Underhanded Strike","Deadly Poison"],"picked":"Blur","floor":14.0},{"not_picked":["After Image","Tools of the Trade"],"picked":"Corpse Explosion","floor":16.0},{"not_picked":["Cloak And Dagger+1","Endless Agony","Prepared+1"],"picked":"SKIP","floor":18.0},{"not_picked":["Bane","Dagger Throw","Slice"],"picked":"SKIP","floor":19.0},{"not_picked":["Slice+1","Bane","Well Laid Plans"],"picked":"SKIP","floor":20.0},{"not_picked":["Deflect","Concentrate","PiercingWail"],"picked":"SKIP","floor":21.0},{"not_picked":["Cloak And Dagger","Dagger Spray","Outmaneuver+1"],"picked":"SKIP","floor":24},{"not_picked":["Blur","Noxious Fumes","Calculated Gamble+1"],"picked":"SKIP","floor":25},{"not_picked":["Reflex","Blade Dance+1","Dagger Spray"],"picked":"SKIP","floor":27},{"not_picked":["Acrobatics","Deflect+1"],"picked":"Noxious Fumes","floor":30}],"player_experience":638743,"relics_obtained":[{"floor":9.0,"key":"StrikeDummy"},{"floor":27,"key":"Regal Pillow"}],"event_choices":[{"damage_healed":0.0,"max_hp_gain":0.0,"max_hp_loss":0.0,"gold_gain":75.0,"event_name":"World of Goop","player_choice":"Gather Gold","floor":2.0,"gold_loss":0.0,"damage_taken":11.0},{"damage_healed":0.0,"max_hp_gain":0.0,"max_hp_loss":0.0,"gold_gain":0.0,"event_name":"Golden Idol","player_choice":"Take Damage","floor":3.0,"gold_loss":0.0,"damage_taken":17.0,"relics_obtained":["Golden Idol"]},{"cards_removed":["Defend_G"],"damage_healed":0.0,"max_hp_gain":0.0,"max_hp_loss":0.0,"gold_gain":0.0,"event_name":"Purifier","player_choice":"Purged","floor":6.0,"gold_loss":0.0,"damage_taken":0.0},{"damage_healed":0.0,"max_hp_gain":0.0,"max_hp_loss":0.0,"gold_gain":0.0,"event_name":"Addict","player_choice":"Obtained Relic","floor":22.0,"gold_loss":85.0,"damage_taken":0.0,"relics_obtained":["Tough Bandages"]},{"damage_healed":0,"gold_gain":0,"player_choice":"Copied","damage_taken":0,"max_hp_gain":0,"max_hp_loss":0,"event_name":"Duplicator","floor":29,"gold_loss":0,"cards_obtained":["Bullet Time"]},{"damage_healed":0,"gold_gain":0,"player_choice":"Upgraded","damage_taken":0,"max_hp_gain":0,"max_hp_loss":0,"event_name":"Upgrade Shrine","floor":31,"gold_loss":0,"cards_upgraded":["Noxious Fumes"]}],"is_beta":false,"boss_relics":[{"not_picked":["Calling Bell","Velvet Choker"],"picked":"SlaversCollar"}],"items_purged_floors":[4,28],"is_endless":false,"potions_floor_spawned":[5,14,16,18,20,25],"killed_by":"Champ","ascension_level":0}}