{"host":"9d9dhukr2jywmy0f","time":1611695815,"event":{"mods":["2.2 Compatiblity","Alarm Clock","BaseMod","Bestiary","Block Reminder","Colored Map","Colored Powertips","Curses Come First","DeckTracker","Displayed Cursed Tome","Highlight Path","Key Reminder","Minty Spire (QoL Compilation)","Quick Restart","Rare Cards Sparkle","Relic Sorter","Relic Stats","Reliquary","Spire Birthday Party","StSLib","SuperFastMode","Synergy Search","Unceasing Turn Reminder","Unknown Chances"],"gold_per_floor":[119,44,54,54,54,82,82],"floor_reached":6,"language":"ZHS","playtime":62,"items_purged":["Strike_R"],"score":138,"play_id":"1bceffb5-d779-48f4-aa92-2c9e1ab2010c","local_time":"20210127051655","is_ascension_mode":true,"campfire_choices":[],"circlet_count":0,"master_deck":["AscendersBane","Strike_R","Strike_R","Strike_R","Defend_R","Defend_R","Defend_R","Defend_R","Bash","Shrug It Off"],"relics":["Burning Blood","NeowsBlessing","reliquary:RoseTintedGlasses","keyreminder:keyreminder"],"acts_visited":["Exordium"],"potions_floor_usage":[],"damage_taken":[{"damage":0,"enemies":"Small Slimes","floor":1,"turns":1},{"damage":0,"enemies":"Cultist","floor":3,"turns":1},{"damage":0,"enemies":"Gremlin Nob","floor":6,"turns":1}],"seed_played":"-1003314078803184764","potions_obtained":[],"is_trial":false,"path_per_floor":["M","$","M","?","$","E"],"character_chosen":"IRONCLAD","items_purchased":[],"campfire_rested":0,"item_purchase_floors":[],"current_hp_per_floor":[74,74,75,68,68,74,74],"gold":82,"neow_bonus":"THREE_ENEMY_KILL","is_daily":false,"chose_seed":false,"campfire_upgraded":0,"win_rate":0.0,"timestamp":1611695815,"path_taken":["M","$","M","?","$","E"],"items_purchased_type":[],"build_version":"2020-11-30","purchased_purges":1,"victory":false,"max_hp_per_floor":[75,75,75,75,75,75,75],"relic_stats":{"counters":[3,3],"obtain_stats":[{"keyreminder:keyreminder":6,"NeowsBlessing":0,"reliquary:RoseTintedGlasses":6,"Burning Blood":0},{"keyreminder:keyreminder":3,"NeowsBlessing":0,"reliquary:RoseTintedGlasses":3,"Burning Blood":0},{"keyreminder:keyreminder":3,"NeowsBlessing":0,"reliquary:RoseTintedGlasses":3,"Burning Blood":0}],"Burning Blood":13},"card_choices":[{"not_picked":["Perfected Strike","Reckless Charge","Cleave"],"picked":"SKIP","floor":1},{"not_picked":["Thunderclap","Dropkick","Seeing Red"],"picked":"SKIP","floor":3},{"not_picked":["Clothesline","Thunderclap"],"picked":"Shrug It Off","floor":6}],"player_experience":863629,"relics_obtained":[{"floor":6,"key":"reliquary:RoseTintedGlasses"}],"event_choices":[{"cards_removed":["Strike_R"],"damage_healed":0,"gold_gain":0,"player_choice":"Card Removal","damage_taken":7,"max_hp_gain":0,"max_hp_loss":0,"event_name":"Golden Wing","floor":4,"gold_loss":0}],"is_beta":false,"boss_relics":[],"items_purged_floors":[2],"is_endless":false,"potions_floor_spawned":[],"killed_by":"Gremlin Nob","ascension_level":20}}