{"host":"8rqsnaeml9gxb0kp","time":1611624015,"event":{"mods":["AchievementEnabler","BaseMod","Dark Map","Minty Spire (QoL Compilation)","StSLib"],"gold_per_floor":[116,92,92,112,187,213,231,259,283,283,316,281,291,38,38,133,133,178,93,135,135,151,204,204,236,236,236,266,25,61,61,61,165,165,209,233,233,233,246,246,278,278,305,305,305,75,103,103,103,103],"floor_reached":51,"language":"ENG","playtime":2849,"items_purged":["Strike_R","Strike_R"],"score":1275,"play_id":"bdd698e0-a4a7-4742-b6a4-78ef8d16c68c","local_time":"20210125172015","is_ascension_mode":true,"campfire_choices":[{"data":"Uppercut","floor":10.0,"key":"SMITH"},{"data":"HandOfGreed","floor":15.0,"key":"SMITH"},{"floor":24,"key":"REST"},{"floor":27,"key":"REST"},{"data":"Apotheosis","floor":32,"key":"SMITH"},{"data":"Impervious","floor":40,"key":"SMITH"},{"floor":42,"key":"REST"},{"data":"Power Through","floor":45,"key":"SMITH"},{"data":"Spot Weakness","floor":49,"key":"SMITH"}],"circlet_count":0,"master_deck":["AscendersBane","Strike_R","Strike_R+1","Defend_R+1","Defend_R","Defend_R","Defend_R+1","Bash","Uppercut+1","Sword Boomerang+1","Power Through+1","Shrug It Off","Iron Wave","Spot Weakness+1","Thunderclap","Inflame+1","HandOfGreed+1","Combust","Impervious+1","Headbutt+1","Apotheosis+1","Reaper+1","Pummel+1","Clothesline+1"],"relics":["Burning Blood","NeowsBlessing","Smiling Mask","Tiny Chest","War Paint","Orichalcum","Busted Crown","Molten Egg 2","Red Skull","Self Forming Clay","HornCleat","Centennial Puzzle","Singing Bowl","Velvet Choker","Vajra","Pen Nib","Lantern","Du-Vu Doll","Strange Spoon","Sundial"],"acts_visited":["Exordium","TheCity","TheBeyond"],"potions_floor_usage":[23,28,28,33],"damage_taken":[{"damage":0.0,"enemies":"Jaw Worm","floor":1.0,"turns":1.0},{"damage":0.0,"enemies":"2 Louse","floor":4.0,"turns":1.0},{"damage":0.0,"enemies":"Lagavulin","floor":6.0,"turns":1.0},{"damage":4.0,"enemies":"Small Slimes","floor":7.0,"turns":3.0},{"damage":15.0,"enemies":"Gremlin Nob","floor":8.0,"turns":4.0},{"damage":19.0,"enemies":"3 Sentries","floor":11.0,"turns":8.0},{"damage":4.0,"enemies":"2 Fungi Beasts","floor":13.0,"turns":3.0},{"damage":16.0,"enemies":"The Guardian","floor":16.0,"turns":6.0},{"damage":19.0,"enemies":"Spheric Guardian","floor":18.0,"turns":4.0},{"damage":16.0,"enemies":"2 Thieves","floor":20.0,"turns":4.0},{"damage":23.0,"enemies":"Cultist and Chosen","floor":22.0,"turns":10.0},{"damage":17,"enemies":"Gremlin Leader","floor":23,"turns":5},{"damage":26,"enemies":"Book of Stabbing","floor":25,"turns":5},{"damage":5,"enemies":"Gremlin Leader","floor":28,"turns":7},{"damage":6,"enemies":"Chosen and Byrds","floor":30,"turns":4},{"damage":49,"enemies":"Champ","floor":33,"turns":9},{"damage":30,"enemies":"3 Darklings","floor":35,"turns":5},{"damage":4,"enemies":"3 Shapes","floor":39,"turns":4},{"damage":44,"enemies":"Reptomancer","floor":41,"turns":7},{"damage":6,"enemies":"Nemesis","floor":47,"turns":6},{"damage":31,"enemies":"Time Eater","floor":50,"turns":5}],"seed_played":"4380241364803012910","potions_obtained":[{"floor":1.0,"key":"SkillPotion"},{"floor":6.0,"key":"Explosive Potion"},{"floor":7.0,"key":"GamblersBrew"},{"floor":8.0,"key":"LiquidMemories"},{"floor":13.0,"key":"Regen Potion"},{"floor":18.0,"key":"Strength Potion"},{"floor":22.0,"key":"SteroidPotion"},{"floor":25,"key":"Fire Potion"},{"floor":30,"key":"LiquidMemories"},{"floor":47,"key":"SpeedPotion"}],"is_trial":false,"path_per_floor":["M","$","?","M","?","E","M","E","T","R","E","?","M","$","R","B",null,"M","?","M","T","M","E","R","E","T","R","E","$","M","?","R","B",null,"M","T","?","?","M","R","E","R","T","T","R","$","E","?","R","B",null],"character_chosen":"IRONCLAD","items_purchased":["Sword Boomerang","HandOfGreed","Combust","Apotheosis","Pummel+1","Strange Spoon"],"campfire_rested":3,"item_purchase_floors":[2,14,14,29,46,46],"current_hp_per_floor":[78,78,62,68,57,63,65,56,56,56,43,63,65,65,65,55,74,61,61,51,51,49,38,62,42,42,66,69,69,71,71,71,28,70,62,62,62,62,75,75,53,80,80,80,80,80,80,80,80,76],"gold":103,"neow_bonus":"THREE_ENEMY_KILL","is_daily":false,"chose_seed":false,"campfire_upgraded":6,"win_rate":0.0,"timestamp":1611624015,"path_taken":["M","$","?","M","?","E","M","E","T","R","E","?","M","?","R","BOSS","M","?","M","?","?","E","R","E","T","R","E","?","M","?","R","BOSS","M","?","?","?","?","R","E","R","T","?","R","$","E","?","R","BOSS"],"items_purchased_type":["Card","Card","Card","Card","Card","Relic"],"build_version":"2020-12-22","purchased_purges":2,"victory":true,"max_hp_per_floor":[80,80,80,80,80,80,80,80,80,80,80,80,80,80,80,80,80,80,80,80,80,80,80,80,80,80,80,82,82,84,84,84,84,84,86,86,86,86,88,88,90,90,90,90,90,90,90,90,90,90],"card_choices":[{"not_picked":["Shrug It Off","Clash"],"picked":"Uppercut","floor":1.0},{"not_picked":["Feel No Pain","Havoc"],"picked":"Power Through","floor":4.0},{"not_picked":["Bloodletting","Headbutt"],"picked":"Shrug It Off","floor":6.0},{"not_picked":["True Grit","Rage"],"picked":"Iron Wave","floor":7.0},{"not_picked":["Battle Trance","Seeing Red"],"picked":"Spot Weakness","floor":8.0},{"not_picked":["Anger","Entrench"],"picked":"Thunderclap","floor":11.0},{"not_picked":["Body Slam","Sentinel"],"picked":"Inflame","floor":13.0},{"not_picked":["Barricade","Brutality"],"picked":"Impervious","floor":16.0},{"not_picked":["Body Slam"],"picked":"SKIP","floor":18.0},{"not_picked":["Anger+1"],"picked":"SKIP","floor":20.0},{"not_picked":[],"picked":"Headbutt+1","floor":22.0},{"not_picked":["Anger+1"],"picked":"SKIP","floor":23},{"not_picked":["Brutality"],"picked":"SKIP","floor":25},{"not_picked":["Body Slam+1"],"picked":"Singing Bowl","floor":28},{"not_picked":["Heavy Blade+1"],"picked":"Singing Bowl","floor":30},{"not_picked":[],"picked":"Reaper+1","floor":33},{"not_picked":["Clash+1"],"picked":"Singing Bowl","floor":35},{"not_picked":["Havoc"],"picked":"Singing Bowl","floor":39},{"not_picked":["Flex+1"],"picked":"Singing Bowl","floor":41},{"not_picked":[],"picked":"Clothesline+1","floor":47}],"player_experience":139754,"relics_obtained":[{"floor":6.0,"key":"Smiling Mask"},{"floor":8.0,"key":"Tiny Chest"},{"floor":9.0,"key":"War Paint"},{"floor":11.0,"key":"Orichalcum"},{"floor":21.0,"key":"Red Skull"},{"floor":23,"key":"Self Forming Clay"},{"floor":25,"key":"HornCleat"},{"floor":26,"key":"Centennial Puzzle"},{"floor":28,"key":"Singing Bowl"},{"floor":36,"key":"Vajra"},{"floor":41,"key":"Pen Nib"},{"floor":43,"key":"Lantern"},{"floor":44,"key":"Du-Vu Doll"},{"floor":47,"key":"Sundial"}],"event_choices":[{"damage_healed":0.0,"max_hp_gain":0.0,"max_hp_loss":0.0,"gold_gain":0.0,"event_name":"Shining Light","player_choice":"Entered Light","floor":3.0,"gold_loss":0.0,"damage_taken":16.0,"cards_upgraded":["Sword Boomerang","Strike_R"]},{"damage_healed":0.0,"max_hp_gain":0.0,"max_hp_loss":0.0,"gold_gain":75.0,"event_name":"World of Goop","player_choice":"Gather Gold","floor":5.0,"gold_loss":0.0,"damage_taken":11.0},{"damage_healed":20.0,"max_hp_gain":0.0,"max_hp_loss":0.0,"gold_gain":0.0,"event_name":"The Cleric","player_choice":"Healed","floor":12.0,"gold_loss":35.0,"damage_taken":0.0},{"damage_healed":0.0,"max_hp_gain":0.0,"max_hp_loss":0.0,"gold_gain":0.0,"event_name":"Addict","player_choice":"Obtained Relic","floor":19.0,"gold_loss":85.0,"damage_taken":0.0,"relics_obtained":["Molten Egg 2"]},{"damage_healed":0,"gold_gain":0,"player_choice":"Ignored","damage_taken":0,"max_hp_gain":0,"max_hp_loss":0,"event_name":"Vampires","floor":31,"gold_loss":0},{"damage_healed":0,"gold_gain":0,"player_choice":"Ignored","damage_taken":0,"max_hp_gain":0,"max_hp_loss":0,"event_name":"Tomb of Lord Red Mask","floor":37,"gold_loss":0},{"cards_removed":["Strike_R"],"damage_healed":0,"gold_gain":0,"player_choice":"Purged","damage_taken":0,"max_hp_gain":0,"max_hp_loss":0,"event_name":"Purifier","floor":38,"gold_loss":0},{"damage_healed":0,"gold_gain":0,"player_choice":"Forge","damage_taken":0,"max_hp_gain":0,"max_hp_loss":0,"event_name":"Accursed Blacksmith","floor":48,"gold_loss":0,"cards_upgraded":["Inflame"]}],"is_beta":false,"boss_relics":[{"not_picked":["Coffee Dripper","Tiny House"],"picked":"Busted Crown"},{"not_picked":["Runic Cube","Snecko Eye"],"picked":"Velvet Choker"}],"items_purged_floors":[29,46],"is_endless":false,"potions_floor_spawned":[1,6,7,8,13,18,22,25,30,47],"ascension_level":10}}