{"host":"qekv59dthhdg54sz","time":1611684352,"event":{"mods":["AchievementEnabler","BaseMod","Colored Map","DeckTracker","KOR Keyword Fix","Minty Spire (QoL Compilation)","Rare Cards Sparkle","StSLib","SuperFastMode"],"gold_per_floor":[119,119,119,15,30,30,30,94,94,94,119,137,147,117,117,194,194,164,21,39,55,55,55,55,55],"floor_reached":24,"language":"KOR","playtime":570,"items_purged":["Strike_R"],"score":340,"play_id":"681baea9-a9e5-4c00-bc9d-5753c84705c2","local_time":"20210127030552","is_ascension_mode":true,"campfire_choices":[{"data":"Fire Breathing","floor":6,"key":"SMITH"},{"data":"Searing Blow","floor":10,"key":"SMITH"},{"data":"Armaments","floor":15,"key":"SMITH"},{"floor":23,"key":"REST"}],"circlet_count":0,"master_deck":["AscendersBane","Strike_R","Strike_R","Defend_R","Defend_R","Defend_R","Defend_R","Bash","Searing Blow+1","Armaments+1","Fire Breathing+1","Disarm","Spot Weakness","Offering","Battle Trance","Power Through"],"relics":["Burning Blood","Thread and Needle","Self Forming Clay","Kunai","Torii","Empty Cage"],"acts_visited":["Exordium","TheCity"],"potions_floor_usage":[16,18,24],"damage_taken":[{"damage":0,"enemies":"Small Slimes","floor":1,"turns":5},{"damage":3,"enemies":"Jaw Worm","floor":5,"turns":4},{"damage":8,"enemies":"3 Sentries","floor":8,"turns":5},{"damage":8,"enemies":"3 Sentries","floor":11,"turns":5},{"damage":0,"enemies":"2 Louse","floor":12,"turns":3},{"damage":2,"enemies":"2 Fungi Beasts","floor":13,"turns":5},{"damage":0,"enemies":"Looter","floor":14,"turns":4},{"damage":31,"enemies":"Hexaghost","floor":16,"turns":11},{"damage":27,"enemies":"2 Thieves","floor":18,"turns":5},{"damage":25,"enemies":"Spheric Guardian","floor":20,"turns":8},{"damage":7,"enemies":"Snake Plant","floor":21,"turns":7},{"damage":49,"enemies":"Gremlin Leader","floor":24,"turns":4}],"seed_played":"-229006286746372120","potions_obtained":[{"floor":1,"key":"Swift Potion"},{"floor":5,"key":"BlessingOfTheForge"},{"floor":20,"key":"BlessingOfTheForge"}],"is_trial":false,"path_per_floor":["M","?","?","$","M","R","$","?","T","R","E","M","M","M","R","B",null,"M","$","M","M","?","R","E"],"character_chosen":"IRONCLAD","items_purchased":["Searing Blow","Armaments","Battle Trance"],"campfire_rested":1,"item_purchase_floors":[4,4,19],"current_hp_per_floor":[68,73,73,73,73,73,73,71,71,71,69,73,73,73,73,48,67,46,46,27,26,26,47,0,0],"gold":55,"neow_bonus":"ONE_RARE_RELIC","is_daily":false,"chose_seed":false,"campfire_upgraded":3,"win_rate":0.0,"timestamp":1611684352,"path_taken":["M","?","?","$","M","R","?","?","T","R","E","M","M","M","R","BOSS","M","$","M","M","?","R","E"],"items_purchased_type":["Card","Card","Card"],"build_version":"2020-12-22","purchased_purges":1,"victory":false,"max_hp_per_floor":[68,73,73,73,73,73,73,73,73,73,73,73,73,73,73,73,73,73,73,73,73,73,73,73,73],"card_choices":[{"not_picked":["Anger","Clothesline","Clash"],"picked":"SKIP","floor":1},{"not_picked":["Sever Soul","Body Slam"],"picked":"Fire Breathing","floor":5},{"not_picked":["Juggernaut","Rampage"],"picked":"Disarm","floor":11},{"not_picked":["Rage","Dropkick","Thunderclap"],"picked":"SKIP","floor":12},{"not_picked":["Sword Boomerang","Pummel","Clash"],"picked":"SKIP","floor":13},{"not_picked":["Ghostly Armor","Anger"],"picked":"Spot Weakness","floor":14},{"not_picked":["Fiend Fire","Reaper"],"picked":"Offering","floor":16},{"not_picked":["Combust","Clothesline+1","Disarm"],"picked":"SKIP","floor":18},{"not_picked":["Havoc","Feel No Pain","Cleave+1"],"picked":"SKIP","floor":20},{"not_picked":["Heavy Blade","Intimidate"],"picked":"Power Through","floor":21}],"player_experience":858013,"relics_obtained":[{"floor":8,"key":"Self Forming Clay"},{"floor":9,"key":"Kunai"},{"floor":11,"key":"Torii"}],"event_choices":[{"damage_healed":0,"gold_gain":0,"player_choice":"Donut","damage_taken":0,"max_hp_gain":5,"max_hp_loss":0,"event_name":"Big Fish","floor":2,"gold_loss":0},{"damage_healed":0,"gold_gain":0,"player_choice":"Ignored","damage_taken":0,"max_hp_gain":0,"max_hp_loss":0,"event_name":"Liars Game","floor":3,"gold_loss":0},{"damage_healed":0,"gold_gain":0,"player_choice":"Searched \u00271\u0027 times","damage_taken":0,"max_hp_gain":0,"max_hp_loss":0,"event_name":"Dead Adventurer","floor":8,"gold_loss":0}],"is_beta":false,"boss_relics":[{"not_picked":["Calling Bell","SlaversCollar"],"picked":"Empty Cage"}],"items_purged_floors":[19],"is_endless":false,"potions_floor_spawned":[1,5,8,20],"killed_by":"Gremlin Leader","ascension_level":15}}