{"host":"0awa854l6bexpjrv","time":1611644027,"event":{"mods":["BaseMod","Block Reminder","Colored Map","Colored Powertips","Downfall","Highlight Path","Minty Spire (QoL Compilation)","Quick Restart","Rare Cards Sparkle","StSLib","SuperFastMode"],"gold_per_floor":[99,115,134,44,44,44,69,97,123,162,59,59,76,103,120,221,221,221,233,248,248,32,132,132,132,164,95,109,109,121,132,151,253,253,253,271,282,298,4,24,76,76,87,87,142,142,153,163,176,176,176,176],"floor_reached":50,"language":"ENG","playtime":4819,"items_purged":["bronze:Strike","bronze:Strike","bronze:Strike","bronze:Strike"],"score":520,"play_id":"d9bc67bf-a0de-480b-acd9-95158ffe38b9","local_time":"20210125225347","is_ascension_mode":false,"campfire_choices":[{"data":"bronze:Goto","floor":1.0,"key":"SMITH"},{"data":"bronze:Terminator","floor":6.0,"key":"SMITH"},{"data":"bronze:ForceShield","floor":12.0,"key":"SMITH"},{"data":"bronze:RecursiveStrike","floor":18.0,"key":"SMITH"},{"data":"bronze:DecaBeam","floor":25.0,"key":"SMITH"},{"data":"bronze:Break","floor":35.0,"key":"SMITH"}],"circlet_count":0,"master_deck":["bronze:Defend","bronze:Defend","bronze:Defend","bronze:Replicate","bronze:Goto+1","bronze:Philosophize+1","bronze:Terminator+1","bronze:WildBeam","bronze:Constructor","bronze:Branch","bronze:ForLoop","bronze:ChosenStrike","bronze:BronzeOrb","bronze:RecursiveStrike+1","bronze:ChosenStrike","bronze:Deprecate+1","downfall:Bewildered","bronze:Optimize","bronze:DecaBeam+1","bronze:Shield+1","bronze:Overheat+1","bronze:Optimize+1","expansioncontent:DashGenerateEvil","bronze:Boost+1","bronze:Break+1","bronze:Return+1","bronze:Mutator","expansioncontent:AwakenDeath","bronze:Backtrace","bronze:DigitalCarnage+1","bronze:DigitalCarnage+1"],"relics":["Velvet Choker","MawBank","Happy Flower","Pear","Runic Pyramid","sneckomod:BabySnecko","Tiny Chest","TungstenRod","Shuriken","SlaversCollar","Strange Spoon","Boot","Bronze Scales"],"acts_visited":["Exordium","TheCity","TheBeyond"],"potions_floor_usage":[],"damage_taken":[{"damage":0.0,"enemies":"Small Slimes","floor":2.0,"turns":3.0},{"damage":1.0,"enemies":"Cultist","floor":3.0,"turns":3.0},{"damage":10.0,"enemies":"downfall:FleeingMerchant","floor":4.0,"turns":4.0},{"damage":3.0,"enemies":"Jaw Worm","floor":8.0,"turns":3.0},{"damage":0.0,"enemies":"Large Slime","floor":9.0,"turns":4.0},{"damage":0.0,"enemies":"downfall:FleeingMerchant","floor":11.0,"turns":4.0},{"damage":0.0,"enemies":"3 Louse","floor":13.0,"turns":4.0},{"damage":14.0,"enemies":"Lagavulin","floor":14.0,"turns":6.0},{"damage":1.0,"enemies":"Exordium Wildlife","floor":15.0,"turns":3.0},{"damage":16.0,"enemies":"WA_ARCHETYPE_RETAIN","floor":16.0,"turns":9.0},{"damage":8.0,"enemies":"3 Byrds","floor":19.0,"turns":5.0},{"damage":1.0,"enemies":"Spheric Guardian","floor":20.0,"turns":3.0},{"damage":9.0,"enemies":"downfall:FleeingMerchant","floor":22.0,"turns":4.0},{"damage":0.0,"enemies":"downfall:FleeingMerchant","floor":23.0,"turns":5.0},{"damage":4.0,"enemies":"Gremlin Leader","floor":26.0,"turns":7.0},{"damage":5.0,"enemies":"downfall:FleeingMerchant","floor":27.0,"turns":4.0},{"damage":0.0,"enemies":"Snake Plant","floor":28.0,"turns":3.0},{"damage":4.0,"enemies":"Snecko","floor":30.0,"turns":3.0},{"damage":0.0,"enemies":"Shelled Parasite and Fungi","floor":31.0,"turns":3.0},{"damage":0.0,"enemies":"Snake Plant","floor":32.0,"turns":3.0},{"damage":23.0,"enemies":"IC_MUSHROOM_ARCHETYPE","floor":33.0,"turns":7.0},{"damage":12.0,"enemies":"3 Darklings","floor":36.0,"turns":4.0},{"damage":4.0,"enemies":"3 Shapes","floor":37.0,"turns":3.0},{"damage":0.0,"enemies":"Maw","floor":38.0,"turns":7.0},{"damage":0.0,"enemies":"Transient","floor":40.0,"turns":5.0},{"damage":0.0,"enemies":"3 Darklings","floor":43.0,"turns":5.0},{"damage":3.0,"enemies":"Spire Growth","floor":47.0,"turns":5.0},{"damage":46.0,"enemies":"Transient","floor":48.0,"turns":5.0},{"damage":5.0,"enemies":"Maw","floor":49.0,"turns":7.0},{"damage":19,"enemies":"SI_POISON_ARCHETYPE","floor":50,"turns":2}],"seed_played":"281333829754755071","potions_obtained":[{"floor":3.0,"key":"Dexterity Potion"},{"floor":9.0,"key":"Fruit Juice"},{"floor":13.0,"key":"DuplicationPotion"},{"floor":15.0,"key":"GamblersBrew"},{"floor":23.0,"key":"EssenceOfSteel"},{"floor":26.0,"key":"Ancient Potion"},{"floor":30.0,"key":"PowerPotion"},{"floor":33.0,"key":"bronze:BuildAFunctionPotion"},{"floor":43.0,"key":"bronze:FreeFunctionsPotion"},{"floor":47.0,"key":"BlessingOfTheForge"},{"floor":49.0,"key":"GamblersBrew"}],"is_trial":false,"path_per_floor":["R","M","M","$","?","R","T","M","M","T","$","R","M","E","M","B",null,"R","M","M","?","$","?","T","R","E","$","M","?","M","M","M","B",null,"R","M","M","M","$","M","T","?","M","?","T","?","M","M","M","B"],"character_chosen":"THE_AUTOMATON","items_purchased":["bronze:Optimize","Shuriken","expansioncontent:DashGenerateEvil","Strange Spoon"],"campfire_rested":0,"item_purchase_floors":[22,27,27,39],"current_hp_per_floor":[70,70,69,59,59,59,59,56,61,61,61,61,61,57,56,40,85,85,77,76,76,67,67,67,67,63,58,58,58,54,54,54,31,85,85,73,69,69,69,69,69,69,69,69,69,69,66,20,15,0,0,0],"gold":176,"neow_bonus":"BOSS_RELIC","is_daily":false,"chose_seed":false,"campfire_upgraded":6,"win_rate":0.0,"timestamp":1611644027,"path_taken":["R","M","M","$","?","R","T","?","M","?","$","R","?","E","M","BOSS","R","M","M","?","$","?","T","R","E","$","M","?","M","M","M","BOSS","R","M","M","M","$","M","T","?","M","?","?","?","M","M","M","BOSS"],"items_purchased_type":["Card","Relic","Card","Relic"],"build_version":"2020-12-22","purchased_purges":4,"victory":false,"max_hp_per_floor":[70,70,70,70,70,70,70,70,75,75,75,75,75,85,85,85,85,85,85,85,85,85,85,85,85,85,85,85,85,85,85,85,85,85,85,85,85,85,85,85,85,85,85,85,85,85,85,85,85,85,85,85],"card_choices":[{"not_picked":["bronze:DelayedSlice","bronze:Invalidate"],"picked":"bronze:Philosophize","floor":2.0},{"not_picked":["bronze:DelayedGuard","bronze:OilSpill"],"picked":"bronze:Terminator","floor":3.0},{"not_picked":["bronze:Turbo","bronze:Backtrace"],"picked":"bronze:WildBeam","floor":4.0},{"not_picked":["bronze:BugBarrage","bronze:Shield"],"picked":"bronze:Constructor","floor":8.0},{"not_picked":["bronze:OilSpill","bronze:FineTuning"],"picked":"bronze:Branch","floor":9.0},{"not_picked":["bronze:Shield","bronze:GetLatest"],"picked":"bronze:ForceShield","floor":11.0},{"not_picked":["bronze:DelayedSlice","bronze:WhirlingStrike"],"picked":"bronze:ForLoop","floor":13.0},{"not_picked":["bronze:DelayedSlice","bronze:WhirlingStrike"],"picked":"bronze:ChosenStrike","floor":14.0},{"not_picked":["bronze:BurnOut","bronze:WildBeam"],"picked":"bronze:BronzeOrb","floor":15.0},{"not_picked":["bronze:ThunderWave","bronze:Verify"],"picked":"bronze:RecursiveStrike","floor":16.0},{"not_picked":["bronze:BitShift","bronze:Constructor"],"picked":"bronze:ChosenStrike","floor":19.0},{"not_picked":["bronze:Iterate","bronze:BitShift"],"picked":"bronze:Deprecate+1","floor":20.0},{"not_picked":["bronze:Backtrace+1","bronze:Philosophize","bronze:DelayedGuard"],"picked":"SKIP","floor":22.0},{"not_picked":[],"picked":"bronze:DecaBeam","floor":23.0},{"not_picked":["bronze:Turbo","bronze:DarkDash+1"],"picked":"bronze:Shield+1","floor":23.0},{"not_picked":["bronze:OilSpill","bronze:CloningBeam+1"],"picked":"bronze:Overheat+1","floor":26.0},{"not_picked":["bronze:ChildClass","bronze:Deprecate"],"picked":"bronze:Optimize+1","floor":27.0},{"not_picked":["bronze:Branch","bronze:Overload+1","bronze:BitShift"],"picked":"SKIP","floor":28.0},{"not_picked":["bronze:Backtrace","bronze:Deprecate","bronze:Constructor+1"],"picked":"SKIP","floor":30.0},{"not_picked":["bronze:BugBarrage","bronze:DigitalCarnage+1","bronze:Overload"],"picked":"SKIP","floor":31.0},{"not_picked":["bronze:BugBarrage","bronze:DigitalCarnage+1","bronze:Overload"],"picked":"SKIP","floor":31.0},{"not_picked":["bronze:Iterate","bronze:BronzeArmor"],"picked":"bronze:Boost+1","floor":32.0},{"not_picked":["bronze:Mutator","bronze:ThunderWave"],"picked":"bronze:Break","floor":33.0},{"not_picked":["bronze:BitShift","bronze:BuggyMess","bronze:Constructor+1"],"picked":"SKIP","floor":36.0},{"not_picked":["bronze:Terminator","bronze:WhirlingStrike+1"],"picked":"bronze:Return+1","floor":37.0},{"not_picked":["bronze:Frontload","bronze:DelayedSlice"],"picked":"bronze:Mutator","floor":38.0},{"not_picked":["bronze:BitShift+1","bronze:Overload+1","bronze:FollowUp+1"],"picked":"SKIP","floor":40.0},{"not_picked":["bronze:OilSpill","bronze:Frontload+1","bronze:DelayedSlice"],"picked":"SKIP","floor":43.0},{"not_picked":["expansioncontent:Hexaburn","expansioncontent:PolyBeam"],"picked":"expansioncontent:AwakenDeath","floor":44.0},{"not_picked":["bronze:CutThrough+1","bronze:Separator","bronze:ForLoop"],"picked":"SKIP","floor":47.0},{"not_picked":["bronze:DelayedGuard+1","bronze:Deprecate+1"],"picked":"bronze:DigitalCarnage+1","floor":48.0},{"not_picked":["bronze:DelayedSlice","bronze:DarkDash+1"],"picked":"bronze:DigitalCarnage+1","floor":49.0}],"player_experience":631405,"relics_obtained":[{"floor":7.0,"key":"MawBank"},{"floor":10.0,"key":"Happy Flower"},{"floor":14.0,"key":"Pear"},{"floor":24.0,"key":"Tiny Chest"},{"floor":26.0,"key":"TungstenRod"},{"floor":41.0,"key":"Boot"},{"floor":45.0,"key":"Bronze Scales"}],"event_choices":[{"damage_healed":0.0,"max_hp_gain":0.0,"max_hp_loss":0.0,"gold_gain":0.0,"event_name":"Vampires","player_choice":"Ignored","floor":29.0,"gold_loss":0.0,"damage_taken":0.0},{"cards_removed":["bronze:ForceShield"],"damage_healed":0.0,"max_hp_gain":0.0,"max_hp_loss":0.0,"gold_gain":0.0,"event_name":"Falling","player_choice":"Removed Skill","floor":42.0,"gold_loss":0.0,"damage_taken":0.0}],"is_beta":false,"boss_relics":[{"not_picked":["bronze:MakeshiftBattery","Tiny House"],"picked":"Runic Pyramid"},{"not_picked":["Sozu","Cursed Key"],"picked":"SlaversCollar"}],"items_purged_floors":[4,11,22,39],"is_endless":false,"potions_floor_spawned":[3,9,13,15,23,26,30,31,33,43,47,48,49],"killed_by":"SI_POISON_ARCHETYPE","ascension_level":0}}