{"host":"cxn6tbf67hppzwy1","time":1611661032,"event":{"mods":["BaseMod","Minty Spire (QoL Compilation)","Replay The Spire","Shop Mod","StSLib","Waifu the Spire","¡¾ÒÅÎï¿¨ÅÆ¡¿REMEMod"],"gold_per_floor":[116,129,129,79,1,1,31,47,47,63,63,81,98,113,113,210,210,226,245,256,256,276,302,302,328,401,435,435,435],"floor_reached":28,"language":"ZHS","playtime":639,"items_purged":[],"score":458,"play_id":"fa476d16-1468-4f12-871d-9e9f9dbb001c","local_time":"20210126193712","is_ascension_mode":true,"campfire_choices":[{"data":"Blasphemy","floor":6.0,"key":"SMITH"},{"data":"Offering","floor":11.0,"key":"SMITH"},{"data":"Pummel","floor":15.0,"key":"SMITH"},{"data":"Bludgeon","floor":24.0,"key":"SMITH"}],"circlet_count":0,"master_deck":["Strike_R","Strike_R","Strike_R","Strike_R","Strike_R","Defend_R","Defend_R","Defend_R","Bash+1","Blasphemy+1","Shockwave","Pummel+1","Offering+1","Bludgeon+1","Whirlwind"],"relics":["Burning Blood","REME_ComplimentaryCards","Peace Pipe","Electric Blood","Nloth\u0027s Gift","ReplayTheSpireMod:Ninjato","Centennial Puzzle","Eternal Feather","Toxic Egg 2"],"acts_visited":["Exordium","TheCity"],"potions_floor_usage":[],"damage_taken":[{"damage":0.0,"enemies":"2 Louse","floor":1.0,"turns":1.0},{"damage":0.0,"enemies":"Jaw Worm","floor":2.0,"turns":1.0},{"damage":0.0,"enemies":"Gremlin Nob","floor":7.0,"turns":1.0},{"damage":0.0,"enemies":"Cultist","floor":8.0,"turns":2.0},{"damage":14.0,"enemies":"Lots of Slimes","floor":10.0,"turns":4.0},{"damage":16.0,"enemies":"Gremlin Gang","floor":12.0,"turns":3.0},{"damage":6.0,"enemies":"3 Louse","floor":13.0,"turns":2.0},{"damage":4.0,"enemies":"Red Slaver","floor":14.0,"turns":2.0},{"damage":6.0,"enemies":"Slime Boss","floor":16.0,"turns":1.0},{"damage":20.0,"enemies":"Shell Parasite","floor":18.0,"turns":2.0},{"damage":7.0,"enemies":"Chosen","floor":19.0,"turns":3.0},{"damage":12.0,"enemies":"Centurion and Healer","floor":20.0,"turns":1.0},{"damage":3.0,"enemies":"Snake Plant","floor":22.0,"turns":2.0},{"damage":35.0,"enemies":"Replay:Snechameleon","floor":23.0,"turns":2.0},{"damage":20.0,"enemies":"Slavers","floor":25.0,"turns":2.0},{"damage":12.0,"enemies":"Replay:Snechameleon","floor":27.0,"turns":3.0},{"damage":11,"enemies":"Cultist and Chosen","floor":28,"turns":3}],"seed_played":"-345040168434844486","potions_obtained":[{"floor":8.0,"key":"Adrenaline Potion"},{"floor":12.0,"key":"Strength Potion"},{"floor":14.0,"key":"PowerPotion"},{"floor":19.0,"key":"Strength Potion"},{"floor":22.0,"key":"Reflective Coating"}],"is_trial":false,"path_per_floor":["M","M","?","?","$","R","E","M","T","M","R","M","M","M","R","B",null,"M","M","M","?","M","E","R","E","T","E","M"],"character_chosen":"IRONCLAD","items_purchased":["Pummel"],"campfire_rested":0,"item_purchase_floors":[5],"current_hp_per_floor":[80,80,80,80,80,80,80,80,80,72,72,62,62,64,64,64,80,66,65,59,59,62,33,33,19,19,13,2,2],"gold":435,"neow_bonus":"THREE_ENEMY_KILL","is_daily":false,"chose_seed":false,"campfire_upgraded":4,"win_rate":0.0,"timestamp":1611661032,"path_taken":["M","M","?","?","?","R","E","?","T","M","R","?","M","?","R","BOSS","M","M","M","?","M","E","R","E","T","E","M"],"items_purchased_type":["Card"],"build_version":"2020-12-22","purchased_purges":0,"victory":false,"max_hp_per_floor":[80,80,80,80,80,80,80,80,80,80,80,80,80,80,80,80,80,80,80,80,80,80,80,80,80,80,80,80,80],"card_choices":[{"not_picked":["Cleave","Second Wind"],"picked":"Shockwave","floor":1.0},{"not_picked":["Abandon","True Grit","Reckless Charge"],"picked":"SKIP","floor":2.0},{"not_picked":["Impervious","REME_Scribble"],"picked":"Offering","floor":7.0},{"not_picked":["ReplayTheSpireMod:Strike From Hell","Twin Strike","Abandon"],"picked":"SKIP","floor":8.0},{"not_picked":["Spot Weakness","Dual Wield","Replay:Undeath\u0027s Touch"],"picked":"SKIP","floor":10.0},{"not_picked":["Thunderclap","Headbutt","Bloodletting"],"picked":"SKIP","floor":12.0},{"not_picked":["Twin Strike","ReplayTheSpireMod:Strike From Hell","Anger"],"picked":"SKIP","floor":13.0},{"not_picked":["Heavy Blade","Body Slam","Havoc"],"picked":"SKIP","floor":14.0},{"not_picked":["REME_ACTH","Reaper"],"picked":"Bludgeon","floor":16.0},{"not_picked":["Ghostly Armor","Run Through","Body Slam"],"picked":"SKIP","floor":18.0},{"not_picked":["Intimidate","Perfected Strike","REME_Cut"],"picked":"SKIP","floor":19.0},{"not_picked":["Clothesline","Heavy Blade+1","Evolve"],"picked":"SKIP","floor":20.0},{"not_picked":["Shrug It Off","Juggernaut","Clothesline"],"picked":"SKIP","floor":22.0},{"not_picked":["Iron Wave+1","REME_TheLastStrike","Thunderclap"],"picked":"SKIP","floor":23.0},{"not_picked":["Run Through","Bludgeon"],"picked":"Whirlwind","floor":25.0},{"not_picked":["Armaments+1","Brutality","ReplayTheSpireMod:Muscle Training+1"],"picked":"SKIP","floor":27.0}],"player_experience":44391,"relics_obtained":[{"floor":7.0,"key":"Peace Pipe"},{"floor":23.0,"key":"ReplayTheSpireMod:Ninjato"},{"floor":25.0,"key":"Centennial Puzzle"},{"floor":26.0,"key":"Eternal Feather"},{"floor":27.0,"key":"Toxic Egg 2"}],"event_choices":[{"cards_removed":["Defend_R"],"damage_healed":0.0,"max_hp_gain":0.0,"max_hp_loss":0.0,"gold_gain":0.0,"event_name":"The Cleric","player_choice":"Card Removal","floor":4.0,"gold_loss":50.0,"damage_taken":0.0},{"damage_healed":0.0,"max_hp_gain":0.0,"max_hp_loss":0.0,"gold_gain":0.0,"event_name":"N\u0027loth","player_choice":"Traded Relic","floor":21.0,"relics_lost":["NeowsBlessing"],"gold_loss":0.0,"damage_taken":0.0,"relics_obtained":["Nloth\u0027s Gift"]}],"is_beta":false,"boss_relics":[{"not_picked":["Fusion Hammer","Runic Cube"],"picked":"Electric Blood"}],"items_purged_floors":[],"is_endless":false,"potions_floor_spawned":[8,12,14,19,22,23],"killed_by":"Cultist and Chosen","ascension_level":4}}