{"host":"rjfefv2ruvigm2gb","time":1611642502,"event":{"mods":["Act Like it!","AlwaysNeverKeys","BaseMod","Better Third Choice","Block Reminder","Conspire","Curses Come First","Displayed Cursed Tome","Downfall","Elementarium","Fox Events","GifTheSpireLib","Gold Saver","Googly Eyes","HexUI Lib","Hubris","Infinite Spire","Ironclad Rager","Marked Mod","Mimic Mod","Minty Spire (QoL Compilation)","Permanent Neow","Poor People Problems","Quick Restart","Relic Filter","Relic Stats","Reliquary","Replay The Spire","Retaliation","Shop Mod","Small Relic Pack","StS++","StSLib","Stuff the Spire","SuperFastMode","The Blue Laboratory","Transform Curses","Uncapped","Virulent Crown","Watcher Patcher"],"gold_per_floor":[1155,1167,1167,1183,1196,1213,1213,1213,1076,1076,1095,1107,1107,1142,1156,1254,1254,1254,1264,1264,1264,716,734,734,734,748,785,785,785,802,835,848,948,948,948,964,523,534,534,564,564,576,576,592,609,609,624,637,655,655,655,655,655,655],"floor_reached":52,"language":"ENG","playtime":6830,"items_purged":["hubris:Disease"],"score":717,"play_id":"ebe5fff1-d7e6-4bd8-af18-96189e00a320","local_time":"20210126002822","is_ascension_mode":false,"campfire_choices":[{"floor":1.0,"key":"DIG"},{"data":"champ:Haymaker","floor":8.0,"key":"SMITH"},{"data":"champ:Shatter","floor":10.0,"key":"SMITH"},{"floor":18.0,"key":"DIG"},{"floor":28.0,"key":"DIG"},{"floor":35.0,"key":"DIG"},{"floor":43.0,"key":"REST"},{"floor":46.0,"key":"DIG"}],"circlet_count":0,"master_deck":["champ:Strike","champ:Strike","champ:Strike","champ:Strike","champ:Defend","champ:Defend","champ:Defend","champ:Defend","champ:Execute+1","champ:Taunt","champ:PreciseThrust+1","champ:Backstep+1","champ:EnGarde","champ:Haymaker+1","champ:TornadoPunch","champ:Shatter+1","champ:StanceDance","champ:FanOfKnives","champ:SkillfulDodge","champ:CrownThrow","champ:SteelEdge","champ:GutPunch","champ:Duel","StuffTheSpire:Rapture","champ:ShieldSlam+1","champ:ShieldWall","Writhe","champ:Encircle","champ:FlashCut","champ:DancingMaster","champ:CalledShot+1","champ:VampiricStrike","champ:PerfectedStrike+1","champ:ShieldWall+1","champ:FancyFootwork+1","champ:StanceDance+1","champ:EnGarde+1","champ:EnGarde+1","champ:Encircle"],"relics":["champ:ChampionCrown","downfall:HeartBlessingGreen","downfall:HeartBlessingRed","downfall:HeartBlessingBlue","conspire:TopHat","Shovel","hubris:Reverence","conspire:SpecialSausage","StuffTheSpire:OldFever","ReplayFunnel","Pondfish Scales","Pantograph","StuffTheSpire:Wildfire","infinitespire:Eraser","hubris:TenFootPole","StoneCalendar","StuffTheSpire:RunicHypercube","Black Star","StSpp:BrokenTotem","War Paint","Dead Branch","hubris:BottledRain","StuffTheSpire:RubySignet"],"acts_visited":["Exordium","TheCity","TheBeyond","TheEnding"],"potions_floor_usage":[],"damage_taken":[{"damage":10.0,"enemies":"Cultist","floor":2.0,"turns":3.0},{"damage":11.0,"enemies":"Jaw Worm","floor":4.0,"turns":3.0},{"damage":0.0,"enemies":"2 Louse","floor":5.0,"turns":2.0},{"damage":0.0,"enemies":"Blue Slaver","floor":6.0,"turns":3.0},{"damage":10.0,"enemies":"downfall:FleeingMerchant","floor":9.0,"turns":4.0},{"damage":17.0,"enemies":"Large Slime","floor":11.0,"turns":5.0},{"damage":17.0,"enemies":"Exordium Wildlife","floor":12.0,"turns":4.0},{"damage":10.0,"enemies":"Lagavulin","floor":14.0,"turns":6.0},{"damage":0.0,"enemies":"Red Slaver","floor":15.0,"turns":2.0},{"damage":73.0,"enemies":"DF_ARCHETYPE_STREAMLINE","floor":16.0,"turns":11.0},{"damage":12.0,"enemies":"Shell Parasite","floor":19.0,"turns":3.0},{"damage":5.0,"enemies":"downfall:FleeingMerchant","floor":22.0,"turns":4.0},{"damage":5.0,"enemies":"3 Byrds","floor":23.0,"turns":4.0},{"damage":20.0,"enemies":"Centurion and Healer","floor":26.0,"turns":5.0},{"damage":25.0,"enemies":"Sentry and Sphere","floor":27.0,"turns":5.0},{"damage":0.0,"enemies":"Sentry and Sphere","floor":29.0,"turns":1.0},{"damage":16.0,"enemies":"Snake Plant","floor":30.0,"turns":5.0},{"damage":38.0,"enemies":"conspire:MimicChest","floor":31.0,"turns":7.0},{"damage":8.0,"enemies":"Cultist and Chosen","floor":32.0,"turns":5.0},{"damage":67.0,"enemies":"IC_MUSHROOM_ARCHETYPE","floor":33.0,"turns":7.0},{"damage":42.0,"enemies":"3 Darklings","floor":36.0,"turns":5.0},{"damage":10.0,"enemies":"downfall:FleeingMerchant","floor":37.0,"turns":4.0},{"damage":14.0,"enemies":"Orb Walker","floor":38.0,"turns":2.0},{"damage":6.0,"enemies":"R_Hoarder","floor":40.0,"turns":10.0},{"damage":14.0,"enemies":"4 Shapes","floor":42.0,"turns":4.0},{"damage":10.0,"enemies":"Sphere and 2 Shapes","floor":44.0,"turns":2.0},{"damage":18.0,"enemies":"Spire Growth","floor":45.0,"turns":4.0},{"damage":43.0,"enemies":"Maw","floor":47.0,"turns":7.0},{"damage":21.0,"enemies":"Jaw Worm Horde","floor":48.0,"turns":2.0},{"damage":16.0,"enemies":"Writhing Mass","floor":49.0,"turns":7.0},{"damage":61.0,"enemies":"WA_ARCHETYPE_DIVINITY","floor":50.0,"turns":11.0},{"damage":152,"enemies":"downfall:CharBossMerchant","floor":52,"turns":6}],"seed_played":"7876746569703831196","potions_obtained":[{"floor":4.0,"key":"blueLaboratory:ArtificerPotion"},{"floor":11.0,"key":"blueLaboratory:FrostheartPotion"},{"floor":14.0,"key":"SmokeBomb"},{"floor":15.0,"key":"DistilledChaos"},{"floor":16.0,"key":"DDmod:CleansePotion"},{"floor":19.0,"key":"StSpp:SecondWindPotion"},{"floor":30.0,"key":"Strength Potion"},{"floor":31.0,"key":"blueLaboratory:BottledHope"},{"floor":39.0,"key":"DistilledChaos"},{"floor":40.0,"key":"blueLaboratory:HeartbeatPotion"},{"floor":44.0,"key":"Flashbang"},{"floor":48.0,"key":"blueLaboratory:BottleOfRum"}],"is_trial":false,"path_per_floor":["R","M","?","M","M","M","T","R","$","R","M","M","T","E","M","B",null,"R","M","?","?","$","M","T","?","M","MIM","R","M","M","?","M","B",null,"R","M","$","M","?","E","T","M","R","M","M","R","M","M","M","B",null,"E"],"character_chosen":"THE_CHAMP","items_purchased":["champ:Shatter","ReplayFunnel","Pondfish Scales","champ:ShieldWall","StSpp:BrokenTotem","infinitespire:BlackPotion","champ:FancyFootwork+1","blueLaboratory:StoneskinPotion"],"campfire_rested":1,"item_purchase_floors":[9,22,22,22,37,37,37,37],"current_hp_per_floor":[91,91,91,80,80,80,80,80,80,80,78,76,76,76,76,13,118,118,106,106,106,106,101,101,101,101,96,96,96,85,57,49,17,118,118,76,76,72,72,66,66,52,87,87,69,69,46,40,33,14,118,0,0,0],"gold":655,"neow_bonus":"TWENTY_PERCENT_HP_BONUS","is_daily":false,"chose_seed":false,"campfire_upgraded":2,"win_rate":0.0,"timestamp":1611642502,"path_taken":["R","M","?","M","?","M","T","R","$","R","?","M","?","E","M","BOSS","R","M","?","?","$","M","T","?","M","?","R","M","?","?","M","BOSS","R","M","$","M","?","E","T","?","R","M","M","R","?","M","M","BOSS","E"],"items_purchased_type":["Card","Relic","Relic","Card","Relic","Potion","Card","Potion"],"build_version":"2020-12-22","purchased_purges":1,"victory":false,"max_hp_per_floor":[118,118,118,118,118,118,118,118,118,118,118,118,118,118,118,118,118,118,118,118,118,118,118,118,118,118,118,118,118,118,118,118,118,118,118,118,118,118,118,118,118,118,118,118,118,118,118,118,118,118,118,118,118,118],"relic_stats":{"Shovel":5,"counters":[32,153],"Pantograph":50,"Dead Branch":[17],"StoneCalendar":[116],"Black Star":1,"War Paint":["champ:CalledShot","champ:Backstep"],"obtain_stats":[{"ReplayFunnel":22,"downfall:HeartBlessingRed":1,"StuffTheSpire:RunicHypercube":34,"Dead Branch":40,"champ:ChampionCrown":0,"downfall:HeartBlessingGreen":1,"conspire:SpecialSausage":17,"StuffTheSpire:Wildfire":25,"StoneCalendar":31,"War Paint":40,"conspire:TopHat":7,"Pondfish Scales":22,"Shovel":13,"downfall:HeartBlessingBlue":1,"Bronze Scales":1,"Pantograph":24,"StSpp:BrokenTotem":37,"hubris:TenFootPole":28,"Black Star":35,"StuffTheSpire:RubySignet":46,"infinitespire:Eraser":27,"StuffTheSpire:OldFever":18,"hubris:Reverence":14,"hubris:BottledRain":41},{"ReplayFunnel":12,"downfall:HeartBlessingRed":0,"StuffTheSpire:RunicHypercube":20,"Dead Branch":24,"champ:ChampionCrown":0,"downfall:HeartBlessingGreen":0,"conspire:SpecialSausage":10,"StuffTheSpire:Wildfire":13,"StoneCalendar":18,"War Paint":24,"conspire:TopHat":4,"Pondfish Scales":12,"Shovel":7,"downfall:HeartBlessingBlue":0,"Bronze Scales":0,"Pantograph":13,"StSpp:BrokenTotem":22,"hubris:TenFootPole":15,"Black Star":20,"StuffTheSpire:RubySignet":27,"infinitespire:Eraser":15,"StuffTheSpire:OldFever":10,"hubris:Reverence":8,"hubris:BottledRain":24},{"ReplayFunnel":50,"downfall:HeartBlessingRed":0,"StuffTheSpire:RunicHypercube":89,"Dead Branch":110,"champ:ChampionCrown":0,"downfall:HeartBlessingGreen":0,"conspire:SpecialSausage":43,"StuffTheSpire:Wildfire":54,"StoneCalendar":77,"War Paint":110,"conspire:TopHat":11,"Pondfish Scales":50,"Shovel":24,"downfall:HeartBlessingBlue":0,"Bronze Scales":0,"Pantograph":54,"StSpp:BrokenTotem":98,"hubris:TenFootPole":64,"Black Star":89,"StuffTheSpire:RubySignet":120,"infinitespire:Eraser":64,"StuffTheSpire:OldFever":43,"hubris:Reverence":30,"hubris:BottledRain":110}]},"card_choices":[{"not_picked":["champ:AdrenalArmor","champ:SkillfulDodge"],"picked":"champ:PreciseThrust","floor":2.0},{"not_picked":["champ:DefensiveShout","champ:PreciseThrust"],"picked":"champ:Backstep","floor":4.0},{"not_picked":["champ:DefensiveShout","champ:Circumvent"],"picked":"champ:EnGarde","floor":5.0},{"not_picked":["champ:Parry","champ:DefensiveShout"],"picked":"champ:Haymaker","floor":6.0},{"not_picked":["champ:Endure","champ:EnragedBash"],"picked":"champ:TornadoPunch","floor":9.0},{"not_picked":["champ:CrookedStrike","champ:FlashCut"],"picked":"champ:StanceDance","floor":11.0},{"not_picked":["champ:CalledShot","champ:Endure"],"picked":"champ:FanOfKnives","floor":12.0},{"not_picked":["champ:Lariat","champ:EnGarde"],"picked":"champ:SkillfulDodge","floor":14.0},{"not_picked":["champ:PerfectedStrike","champ:ArenaPreparation"],"picked":"champ:CrownThrow","floor":15.0},{"not_picked":["champ:IgnorePain","champ:VampiricStrike"],"picked":"champ:SteelEdge","floor":16.0},{"not_picked":["champ:DefensiveShout+1","champ:Haymaker+1"],"picked":"champ:GutPunch","floor":19.0},{"not_picked":["StuffTheSpire:CelestialWarden","StuffTheSpire:BrainWave"],"picked":"StuffTheSpire:Rapture","floor":21.0},{"not_picked":["champ:BringItOn+1","champ:CrownThrow+1"],"picked":"champ:ShieldSlam+1","floor":22.0},{"not_picked":["champ:AdrenalArmor","champ:Lariat","champ:RecklessLeap"],"picked":"SKIP","floor":23.0},{"not_picked":["champ:BladeFlurry","champ:BringItOn","champ:FocusedBerserking"],"picked":"SKIP","floor":26.0},{"not_picked":["champ:ArenaPreparation","champ:HeartStrike"],"picked":"champ:Encircle","floor":27.0},{"not_picked":["champ:EnGarde","champ:AdrenalArmor+1"],"picked":"champ:FlashCut","floor":30.0},{"not_picked":["champ:GutPunch+1","champ:EnGarde+1"],"picked":"champ:DancingMaster","floor":31.0},{"not_picked":["champ:TornadoPunch","champ:FancyFootwork"],"picked":"champ:CalledShot","floor":32.0},{"not_picked":["champ:Devastate","champ:DancingMaster"],"picked":"champ:VampiricStrike","floor":33.0},{"not_picked":["champ:FanOfKnives","champ:CalledShot"],"picked":"champ:PerfectedStrike+1","floor":36.0},{"not_picked":["champ:FalseCounter","champ:FanOfKnives"],"picked":"champ:ShieldWall+1","floor":37.0},{"not_picked":["champ:RecklessLeap+1","champ:PreciseThrust+1"],"picked":"champ:StanceDance+1","floor":38.0},{"not_picked":["champ:Haymaker","champ:Circumvent","champ:SkillfulDodge"],"picked":"SKIP","floor":40.0},{"not_picked":["champ:BladeFlurry","champ:BerserkersShout+1"],"picked":"champ:EnGarde+1","floor":42.0},{"not_picked":["champ:EnGarde+1","champ:Haymaker+1","champ:PerfectedStrike"],"picked":"SKIP","floor":44.0},{"not_picked":["champ:EndlessRage","champ:DancingMaster"],"picked":"champ:EnGarde+1","floor":45.0},{"not_picked":["champ:Haymaker","champ:Circumvent+1","champ:FanOfKnives+1"],"picked":"SKIP","floor":47.0},{"not_picked":["champ:Haymaker","champ:Circumvent+1","champ:FanOfKnives+1"],"picked":"SKIP","floor":47.0},{"not_picked":["champ:DeathBlow","champ:RapidStrikes"],"picked":"champ:Encircle","floor":48.0},{"not_picked":["champ:ShieldSlam","champ:BerserkersShout+1","champ:Lariat"],"picked":"SKIP","floor":49.0}],"player_experience":1070913,"relics_obtained":[{"floor":1.0,"key":"Bronze Scales"},{"floor":7.0,"key":"conspire:TopHat"},{"floor":13.0,"key":"Shovel"},{"floor":14.0,"key":"hubris:Reverence"},{"floor":18.0,"key":"StuffTheSpire:OldFever"},{"floor":24.0,"key":"Pantograph"},{"floor":27.0,"key":"infinitespire:Eraser"},{"floor":28.0,"key":"hubris:TenFootPole"},{"floor":31.0,"key":"StoneCalendar"},{"floor":35.0,"key":"Black Star"},{"floor":40.0,"key":"War Paint"},{"floor":40.0,"key":"Dead Branch"},{"floor":41.0,"key":"hubris:BottledRain"},{"floor":46.0,"key":"StuffTheSpire:RubySignet"}],"event_choices":[{"damage_healed":0.0,"max_hp_gain":0.0,"max_hp_loss":0.0,"gold_gain":0.0,"event_name":"Lab","player_choice":"Got Potions","floor":39.0,"gold_loss":0.0,"damage_taken":0.0}],"is_beta":false,"boss_relics":[{"not_picked":["SacredBark","hubris:TerracottaHorce"],"picked":"conspire:SpecialSausage"},{"not_picked":["Sozu","StSpp:PileOfSugar"],"picked":"StuffTheSpire:RunicHypercube"}],"items_purged_floors":[9],"is_endless":false,"potions_floor_spawned":[4,11,14,15,16,19,30,31,40,44,48,49],"killed_by":"downfall:CharBossMerchant","ascension_level":0}}