{"host":"ljmxc81w1zg7qdd2","time":1611636155,"event":{"mods":["BaseMod","BetterRewards","Colored Map","Hubris","Minty Spire (QoL Compilation)","Replay The Spire","Shop Mod","StSLib","The Animator","The Construct","The Cursed","The Necromancer","The Servant 0.9.4"],"gold_per_floor":[109,109,121,17,17,48,68,68,120,135,147,147,147,160,160,277,277,293,305,325,325,325,325,235,235,270,270,270,270,280,296,221,234,234,234,234],"floor_reached":35,"language":"ENG","playtime":1743,"items_purged":["Strike_B"],"score":304,"play_id":"bc19ece1-fd57-433b-9709-62ec4427d345","local_time":"20210125204235","is_ascension_mode":false,"campfire_choices":[{"data":"Crystallizer","floor":13,"key":"SMITH"},{"data":"BasicCrystalCard","floor":15,"key":"SMITH"},{"data":"Electrodynamics","floor":25,"key":"SMITH"},{"data":"Defragment","floor":27,"key":"SMITH"},{"floor":29,"key":"RECALL"}],"circlet_count":0,"master_deck":["Strike_B","Strike_B","Strike_B","Defend_B","Defend_B","Zap+1","Dualcast","Capacitor+1","Coolheaded+1","Skim","Beam Cell","BasicCrystalCard+1","Crystallizer+1","Cold Snap","Electrodynamics+1","Defragment+1","Chaos","Crystallizer+1","Conserve Battery","Crystallizer+1"],"relics":["Cracked Core","NeowsBlessing","Blue Doll","hubris:Towel","hubris:ToyBattleship","ReplayTheSpireMod:Lightbulb","ReplayTheSpireMod:Ring of Addiction","ReplayTheSpireMod:Ring of Challenge","White Beast Statue","Potion Belt","hubris:GrandSneckoEye","Ice Cream","Smiling Mask"],"acts_visited":["Exordium","TheCity"],"potions_floor_usage":[10,10,16,16,16,16,26,35,35,35],"damage_taken":[{"damage":0,"enemies":"Cultist","floor":1,"turns":1},{"damage":0,"enemies":"Small Slimes","floor":3,"turns":1},{"damage":0,"enemies":"3 Sentries","floor":6,"turns":2},{"damage":4,"enemies":"Jaw Worm","floor":7,"turns":6},{"damage":8,"enemies":"Red Slaver","floor":10,"turns":2},{"damage":3,"enemies":"2 Fungi Beasts","floor":11,"turns":3},{"damage":2,"enemies":"Large Slime","floor":14,"turns":4},{"damage":43,"enemies":"Hexaghost","floor":16,"turns":18},{"damage":5,"enemies":"Chosen","floor":18,"turns":4},{"damage":14,"enemies":"3 Byrds","floor":19,"turns":3},{"damage":14,"enemies":"Snake Plant","floor":20,"turns":4},{"damage":7,"enemies":"Book of Stabbing","floor":26,"turns":4},{"damage":17,"enemies":"Centurion and Healer","floor":30,"turns":4},{"damage":0,"enemies":"Chosen and Byrds","floor":31,"turns":3},{"damage":10,"enemies":"Cultist and Chosen","floor":33,"turns":5},{"damage":26,"enemies":"hubris:MusketHawk","floor":35,"turns":3}],"seed_played":"-3157810050318420426","potions_obtained":[{"floor":6,"key":"Fire Potion"},{"floor":7,"key":"Fire Potion"},{"floor":12,"key":"Swift Potion"},{"floor":12,"key":"Dexterity Potion"},{"floor":12,"key":"ColorlessPotion"},{"floor":14,"key":"LiquidMemories"},{"floor":16,"key":"FearPotion"},{"floor":18,"key":"LiquidBronze"},{"floor":19,"key":"PotionOfCapacity"},{"floor":20,"key":"CultistPotion"},{"floor":26,"key":"FocusPotion"},{"floor":30,"key":"DistilledChaos"},{"floor":31,"key":"Fire Potion"},{"floor":33,"key":"Energy Potion"}],"is_trial":false,"path_per_floor":["M","?","M","$","?","E","M","?","T","M","M","?","R","M","R","B",null,"M","M","M","?","PTL","PTL","?","R","E","R","T","R","M","M","?","M","R_BF","B"],"character_chosen":"DEFECT","items_purchased":["Coolheaded+1"],"campfire_rested":0,"item_purchase_floors":[4],"current_hp_per_floor":[75,75,75,75,75,75,71,71,71,63,60,60,60,58,58,15,73,68,54,40,40,40,40,40,40,33,33,33,33,16,16,16,6,24,0,0],"gold":234,"neow_bonus":"THREE_ENEMY_KILL","is_daily":false,"chose_seed":false,"campfire_upgraded":4,"win_rate":0.0,"timestamp":1611636155,"path_taken":["M","?","?","$","?","E","M","?","T","?","M","?","R","M","R","BOSS","M","M","M","?","PTL","PTL","?","R","E","R","T","R","M","?","?","M","R_BF","BOSS"],"items_purchased_type":["Card"],"build_version":"2020-12-22","purchased_purges":1,"victory":false,"max_hp_per_floor":[75,75,75,75,75,75,75,75,75,75,75,75,75,75,75,73,73,73,73,71,71,71,69,69,69,67,67,67,67,65,65,65,63,63,63,63],"card_choices":[{"not_picked":["Stack","Blizzard"],"picked":"Rebound","floor":1},{"not_picked":["BootSequence","Sweeping Beam"],"picked":"Capacitor","floor":3},{"not_picked":["Redo","Conserve Battery"],"picked":"Skim","floor":6},{"not_picked":["Steam","Scrape"],"picked":"Beam Cell","floor":7},{"not_picked":["Go for the Eyes","Ball Lightning"],"picked":"BasicCrystalCard","floor":10},{"not_picked":["Ball Lightning","Lockon"],"picked":"Crystallizer","floor":11},{"not_picked":["Hologram","Coolheaded"],"picked":"Cold Snap","floor":14},{"not_picked":["Buffer","Fission"],"picked":"Electrodynamics","floor":16},{"not_picked":["Ball Lightning","Scrape"],"picked":"Defragment","floor":18},{"not_picked":["Blizzard+1","ReplaySolidLightProjector","Stack"],"picked":"SKIP","floor":19},{"not_picked":["hubris:Prefetch","Conserve Battery","Cold Snap"],"picked":"SKIP","floor":20},{"not_picked":["Lockon","Ball Lightning"],"picked":"Chaos","floor":26},{"not_picked":["Fission","Gash"],"picked":"Crystallizer","floor":30},{"not_picked":["Ball Lightning","Beam Cell"],"picked":"Conserve Battery","floor":31},{"not_picked":["Cold Snap","Electrodynamics"],"picked":"Crystallizer+1","floor":33}],"player_experience":101783,"relics_obtained":[{"floor":6,"key":"hubris:ToyBattleship"},{"floor":9,"key":"ReplayTheSpireMod:Lightbulb"},{"floor":12,"key":"ReplayTheSpireMod:Ring of Addiction"},{"floor":12,"key":"ReplayTheSpireMod:Ring of Challenge"},{"floor":12,"key":"White Beast Statue"},{"floor":12,"key":"Potion Belt"},{"floor":26,"key":"Ice Cream"},{"floor":28,"key":"Smiling Mask"}],"event_choices":[{"cards_removed":["Rebound"],"damage_healed":0,"gold_gain":0,"player_choice":"Gave Card","damage_taken":0,"relics_obtained":["Blue Doll"],"max_hp_gain":0,"max_hp_loss":0,"event_name":"WeMeetAgain","floor":2,"gold_loss":0},{"damage_healed":0,"gold_gain":0,"player_choice":"Upgraded","damage_taken":0,"max_hp_gain":0,"max_hp_loss":0,"event_name":"Upgrade Shrine","floor":8,"gold_loss":0,"cards_upgraded":["Capacitor"]},{"damage_healed":0,"gold_gain":0,"player_choice":"Ignored","damage_taken":0,"max_hp_gain":0,"max_hp_loss":0,"event_name":"Ghosts","floor":21,"gold_loss":0},{"cards_removed":["Defend_B"],"damage_healed":0,"gold_gain":0,"player_choice":"Upgrade and Remove","damage_taken":0,"max_hp_gain":0,"max_hp_loss":0,"event_name":"Designer","floor":24,"gold_loss":90,"cards_upgraded":["Zap"]},{"cards_removed":["Defend_B"],"damage_healed":0,"gold_gain":0,"player_choice":"Gave Gold","damage_taken":0,"max_hp_gain":0,"max_hp_loss":0,"event_name":"Beggar","floor":32,"gold_loss":75}],"is_beta":false,"boss_relics":[{"not_picked":["Empty Cage","hubris:Stopwatch"],"picked":"hubris:GrandSneckoEye"}],"items_purged_floors":[4],"is_endless":false,"potions_floor_spawned":[6,7,14,16,18,19,20,26,30,31,33],"killed_by":"hubris:MusketHawk","ascension_level":0}}