{"host":"r53pw7z744tg3fxg","time":1611680999,"event":{"mods":["AchievementEnabler","BaseMod","Colored Map","Colored Powertips","Highlight Path","Minty Spire (QoL Compilation)","Quick Restart","Transform Curses"],"gold_per_floor":[113,113,132,132,151,185,185,185,232,77,95,111,111,131,131,206,206,222,235,150,150,150],"floor_reached":21,"language":"ENG","playtime":936,"items_purged":["Regret"],"score":335,"play_id":"1b99fb97-abd3-4f70-b81d-47e7e0ab53d7","local_time":"20210126100959","is_ascension_mode":true,"campfire_choices":[{"floor":8.0,"key":"REST"},{"floor":13.0,"key":"REST"},{"data":"Eruption","floor":15.0,"key":"SMITH"}],"circlet_count":0,"master_deck":["AscendersBane","Strike_P","Strike_P","Strike_P+1","Strike_P","Defend_P","Defend_P","Defend_P","Defend_P","Eruption+1","Vigilance","Mind Blast+1","WindmillStrike","BowlingBash","Prostrate","EmptyBody","LikeWater","ThirdEye","FollowUp","Evaluate","Establishment","Sanctity","FlyingSleeves"],"relics":["PureWater","Happy Flower","Juzu Bracelet","Whetstone","Snecko Eye","Damaru"],"acts_visited":["Exordium","TheCity"],"potions_floor_usage":[],"damage_taken":[{"damage":7.0,"enemies":"2 Louse","floor":1.0,"turns":4.0},{"damage":2.0,"enemies":"Jaw Worm","floor":3.0,"turns":3.0},{"damage":2.0,"enemies":"Cultist","floor":5.0,"turns":4.0},{"damage":17.0,"enemies":"3 Sentries","floor":6.0,"turns":4.0},{"damage":6.0,"enemies":"Blue Slaver","floor":11.0,"turns":3.0},{"damage":8.0,"enemies":"3 Louse","floor":12.0,"turns":3.0},{"damage":2.0,"enemies":"Looter","floor":14.0,"turns":3.0},{"damage":33.0,"enemies":"The Guardian","floor":16.0,"turns":13.0},{"damage":22.0,"enemies":"Spheric Guardian","floor":18.0,"turns":6.0},{"damage":9.0,"enemies":"Shell Parasite","floor":19.0,"turns":7.0},{"damage":29,"enemies":"Sentry and Sphere","floor":21,"turns":5}],"seed_played":"1576275925365775613","potions_obtained":[{"floor":1.0,"key":"Ancient Potion"},{"floor":6.0,"key":"Explosive Potion"}],"is_trial":false,"path_per_floor":["M","?","M","?","M","E","?","R","T","$","M","M","R","M","R","B",null,"M","M","?","M"],"character_chosen":"WATCHER","items_purchased":["LikeWater"],"campfire_rested":2,"item_purchase_floors":[10],"current_hp_per_floor":[54,54,52,52,50,33,33,53,53,53,47,39,59,57,57,24,57,35,26,26,0,0],"gold":150,"neow_bonus":"RANDOM_COLORLESS","is_daily":false,"chose_seed":false,"campfire_upgraded":1,"win_rate":0.0,"timestamp":1611680999,"path_taken":["M","?","M","?","M","E","?","R","T","$","M","M","R","M","R","BOSS","M","M","?","M"],"items_purchased_type":["Card"],"build_version":"2020-12-22","purchased_purges":1,"victory":false,"max_hp_per_floor":[68,68,68,68,68,68,68,68,68,68,68,68,68,68,68,68,68,68,68,68,68,68],"card_choices":[{"not_picked":["Impatience","Deep Breath"],"picked":"Mind Blast","floor":0.0},{"not_picked":["CrushJoints","DeceiveReality"],"picked":"WindmillStrike","floor":1.0},{"not_picked":["FlurryOfBlows","ThirdEye"],"picked":"BowlingBash","floor":3.0},{"not_picked":["CrushJoints","SandsOfTime"],"picked":"Prostrate","floor":5.0},{"not_picked":["EmptyFist","InnerPeace"],"picked":"EmptyBody","floor":6.0},{"not_picked":["Meditate","Crescendo"],"picked":"ThirdEye","floor":11.0},{"not_picked":["BowlingBash","SignatureMove"],"picked":"FollowUp","floor":12.0},{"not_picked":["Indignation","FlyingSleeves"],"picked":"Evaluate","floor":14.0},{"not_picked":["SpiritShield","ConjureBlade"],"picked":"Establishment","floor":16.0},{"not_picked":["ClearTheMind","Evaluate"],"picked":"Sanctity","floor":18.0},{"not_picked":["InnerPeace","CutThroughFate"],"picked":"FlyingSleeves","floor":19.0}],"player_experience":1362597,"relics_obtained":[{"floor":6.0,"key":"Happy Flower"},{"floor":9.0,"key":"Whetstone"}],"event_choices":[{"damage_healed":0.0,"max_hp_gain":0.0,"max_hp_loss":0.0,"gold_gain":0.0,"event_name":"Liars Game","player_choice":"Ignored","floor":2.0,"gold_loss":0.0,"damage_taken":0.0},{"damage_healed":0.0,"max_hp_gain":0.0,"max_hp_loss":0.0,"gold_gain":0.0,"event_name":"Golden Wing","player_choice":"Ignored","floor":4.0,"gold_loss":0.0,"damage_taken":0.0},{"damage_healed":0.0,"max_hp_gain":0.0,"max_hp_loss":0.0,"gold_gain":0.0,"event_name":"Big Fish","player_choice":"Box","floor":7.0,"gold_loss":0.0,"damage_taken":0.0,"relics_obtained":["Juzu Bracelet"],"cards_obtained":["Regret"]},{"damage_healed":0.0,"max_hp_gain":0.0,"max_hp_loss":0.0,"gold_gain":0.0,"event_name":"Addict","player_choice":"Obtained Relic","floor":20.0,"gold_loss":85.0,"damage_taken":0.0,"relics_obtained":["Damaru"]}],"is_beta":false,"boss_relics":[{"not_picked":["Philosopher\u0027s Stone","Ectoplasm"],"picked":"Snecko Eye"}],"items_purged_floors":[10],"is_endless":false,"potions_floor_spawned":[1,6,12],"killed_by":"Sentry and Sphere","ascension_level":17}}