{"host":"99l0i25nwwr6z99u","time":1611628894,"event":{"mods":["Act Like it!","BaseMod","Colored Map","Colored Powertips","Downfall","Googly Eyes","Minty Spire (QoL Compilation)","Quick Restart","StSLib"],"gold_per_floor":[99,116,116,126,143,593,593,605,38,38,38,50,50,84,102,102,102,102],"floor_reached":16,"language":"ENG","playtime":638,"items_purged":[],"score":127,"play_id":"d11710a6-25ce-4020-b1bb-cea0eb2005da","local_time":"20210125214134","is_ascension_mode":false,"campfire_choices":[{"data":"champ:Taunt","floor":1.0,"key":"SMITH"},{"data":"expansioncontent:QuickStudy","floor":10.0,"key":"SMITH"},{"data":"champ:StanceDance","floor":13,"key":"SMITH"}],"circlet_count":0,"master_deck":["champ:Strike","champ:Strike","champ:Strike","champ:Strike","champ:Defend","champ:Defend","champ:Defend","champ:Defend","champ:Execute","champ:Taunt+1","champ:FaceSlap","champ:FlashCut","champ:TornadoPunch","champ:FocusedDefense","champ:StanceDance+1","expansioncontent:QuickStudy+1","champ:Circumvent","Regret","champ:SkillfulDodge","champ:DefensiveShout","champ:SteelEdge"],"relics":["champ:ChampionCrown","downfall:ShatteredFragment","InkBottle","Gambling Chip","Orichalcum"],"acts_visited":["Exordium"],"potions_floor_usage":[12,16,16],"damage_taken":[{"damage":10.0,"enemies":"2 Louse","floor":2.0,"turns":2.0},{"damage":3.0,"enemies":"Jaw Worm","floor":4.0,"turns":2.0},{"damage":10.0,"enemies":"Cultist","floor":5.0,"turns":3.0},{"damage":9.0,"enemies":"Blue Slaver","floor":8.0,"turns":2.0},{"damage":9.0,"enemies":"downfall:FleeingMerchant","floor":9.0,"turns":4.0},{"damage":9,"enemies":"Exordium Wildlife","floor":12,"turns":3},{"damage":8,"enemies":"Lagavulin","floor":14,"turns":5},{"damage":15,"enemies":"3 Louse","floor":15,"turns":2},{"damage":58,"enemies":"WA_ARCHETYPE_RETAIN","floor":16,"turns":8}],"seed_played":"3612738492635824716","potions_obtained":[{"floor":4.0,"key":"Explosive Potion"},{"floor":8.0,"key":"Fire Potion"},{"floor":12,"key":"Fire Potion"},{"floor":15,"key":"Slimebound:ThreeZeroPotion"}],"is_trial":false,"path_per_floor":["R","M","?","M","M","?","T","M","$","R","?","M","R","E","M","B"],"character_chosen":"THE_CHAMP","items_purchased":["Gambling Chip","expansioncontent:QuickStudy","champ:Circumvent"],"campfire_rested":0,"item_purchase_floors":[9,9,9],"current_hp_per_floor":[99,99,72,69,69,69,69,60,56,56,56,57,57,54,54,0,0,0],"gold":102,"neow_bonus":"TEN_PERCENT_HP_BONUS","is_daily":false,"chose_seed":false,"campfire_upgraded":3,"win_rate":0.0,"timestamp":1611628894,"path_taken":["R","M","?","M","M","?","T","M","$","R","?","?","R","E","M","BOSS"],"items_purchased_type":["Relic","Card","Card"],"build_version":"2020-12-22","purchased_purges":0,"victory":false,"max_hp_per_floor":[99,99,99,99,99,99,99,99,99,99,99,99,99,99,99,99,99,99],"card_choices":[{"not_picked":["champ:FancyFootwork","champ:GutPunch"],"picked":"champ:FaceSlap","floor":2.0},{"not_picked":["champ:PerfectedStrike","champ:PreciseThrust"],"picked":"champ:FlashCut","floor":4.0},{"not_picked":["champ:RecklessLeap","champ:Encircle"],"picked":"champ:TornadoPunch","floor":5.0},{"not_picked":["champ:CrownThrow","champ:TornadoPunch"],"picked":"champ:FocusedDefense","floor":8.0},{"not_picked":["champ:DefensiveShout","champ:FocusedBerserking"],"picked":"champ:StanceDance","floor":9.0},{"not_picked":["champ:AdrenalArmor","champ:BerserkersShout"],"picked":"champ:SkillfulDodge","floor":12},{"not_picked":["champ:TornadoPunch","champ:HeartStrike"],"picked":"champ:DefensiveShout","floor":14},{"not_picked":["champ:GladiatorStyle","champ:AdrenalArmor"],"picked":"champ:SteelEdge","floor":15}],"player_experience":937742,"relics_obtained":[{"floor":7.0,"key":"InkBottle"},{"floor":14,"key":"Orichalcum"}],"event_choices":[],"is_beta":false,"boss_relics":[],"items_purged_floors":[],"is_endless":false,"potions_floor_spawned":[4,8,12,15],"killed_by":"WA_ARCHETYPE_RETAIN","ascension_level":0}}