{"host":"FirstDane","time":1611633979,"event":{"mods":["BaseMod","Bestiary","Highlight Path","Minty Spire (QoL Compilation)","Relic Stats","Slay the Relics Exporter"],"gold_per_floor":[110,110,110,130,147,147,179,179,254,269,280,310,324,335,335,335,335],"floor_reached":16,"language":"ENG","playtime":1010,"items_purged":[],"score":228,"play_id":"76f657cd-d1d4-494e-882e-72a645ac8644","local_time":"20210125220619","is_ascension_mode":true,"campfire_choices":[{"data":"Bane","floor":6,"key":"SMITH"},{"floor":8,"key":"REST"},{"floor":15,"key":"REST"}],"circlet_count":0,"master_deck":["AscendersBane","Strike_G","Strike_G","Strike_G","Strike_G","Defend_G","Defend_G","Defend_G","Defend_G","Survivor","Neutralize","Noxious Fumes","Bane+1","Dagger Throw","Poisoned Stab","Acrobatics","PiercingWail","Venomology","Footwork"],"relics":["SacredBark","Centennial Puzzle","Bottled Tornado","Paper Crane"],"acts_visited":["Exordium"],"potions_floor_usage":[7,12,14,14,16,16],"damage_taken":[{"damage":0,"enemies":"2 Louse","floor":1,"turns":3},{"damage":6,"enemies":"Cultist","floor":4,"turns":5},{"damage":4,"enemies":"Jaw Worm","floor":5,"turns":4},{"damage":22,"enemies":"Lagavulin","floor":7,"turns":5},{"damage":12,"enemies":"3 Louse","floor":10,"turns":3},{"damage":10,"enemies":"Gremlin Gang","floor":11,"turns":5},{"damage":15,"enemies":"Gremlin Nob","floor":12,"turns":4},{"damage":1,"enemies":"Exordium Wildlife","floor":13,"turns":3},{"damage":0,"enemies":"Looter","floor":14,"turns":2},{"damage":28,"enemies":"Slime Boss","floor":16,"turns":7}],"seed_played":"-4302147490376473333","potions_obtained":[{"floor":5,"key":"SteroidPotion"},{"floor":11,"key":"Dexterity Potion"},{"floor":12,"key":"Block Potion"},{"floor":14,"key":"Weak Potion"}],"is_trial":false,"path_per_floor":["M","?","?","M","M","R","E","R","T","M","M","E","M","M","R","B"],"character_chosen":"THE_SILENT","items_purchased":[],"campfire_rested":2,"item_purchase_floors":[],"current_hp_per_floor":[59,52,52,46,42,42,20,39,39,27,17,2,1,1,20,0,0],"gold":335,"neow_bonus":"BOSS_RELIC","is_daily":false,"chose_seed":false,"campfire_upgraded":1,"win_rate":0.0,"timestamp":1611633979,"path_taken":["M","?","?","M","M","R","E","R","T","M","M","E","M","?","R","BOSS"],"items_purchased_type":[],"build_version":"2020-12-18","purchased_purges":0,"victory":false,"max_hp_per_floor":[66,66,66,66,66,66,66,66,66,66,66,66,66,66,66,66,66],"relic_stats":{"Centennial Puzzle":[15],"counters":[10,41],"obtain_stats":[{"Centennial Puzzle":7,"SacredBark":0,"Bottled Tornado":9,"Paper Crane":12,"Ring of the Snake":0},{"Centennial Puzzle":4,"SacredBark":0,"Bottled Tornado":4,"Paper Crane":7,"Ring of the Snake":0},{"Centennial Puzzle":17,"SacredBark":0,"Bottled Tornado":17,"Paper Crane":29,"Ring of the Snake":0}]},"card_choices":[{"not_picked":["Dagger Spray","Bane"],"picked":"Noxious Fumes","floor":1},{"not_picked":["Deflect","Dodge and Roll"],"picked":"Bane","floor":4},{"not_picked":["Infinite Blades","Crippling Poison"],"picked":"Dagger Throw","floor":5},{"not_picked":["Deadly Poison","Tactician"],"picked":"Poisoned Stab","floor":7},{"not_picked":["Prepared","Tactician","Underhanded Strike"],"picked":"SKIP","floor":10},{"not_picked":["Riddle With Holes","Poisoned Stab"],"picked":"Acrobatics","floor":11},{"not_picked":["Deflect","Dagger Spray"],"picked":"PiercingWail","floor":12},{"not_picked":["Quick Slash","Dagger Throw"],"picked":"Venomology","floor":13},{"not_picked":["Blade Dance","Flying Knee"],"picked":"Footwork","floor":14}],"player_experience":3990116,"relics_obtained":[{"floor":7,"key":"Centennial Puzzle"},{"floor":9,"key":"Bottled Tornado"},{"floor":12,"key":"Paper Crane"}],"event_choices":[{"cards_removed":["Defend_G"],"damage_healed":0,"gold_gain":0,"player_choice":"Card Removal","damage_taken":7,"max_hp_gain":0,"max_hp_loss":0,"event_name":"Golden Wing","floor":2,"gold_loss":0},{"cards_removed":["Strike_G"],"damage_healed":0,"gold_gain":0,"player_choice":"Purged","damage_taken":0,"max_hp_gain":0,"max_hp_loss":0,"event_name":"Purifier","floor":3,"gold_loss":0}],"is_beta":true,"boss_relics":[],"items_purged_floors":[],"is_endless":false,"potions_floor_spawned":[5,11,12,14],"killed_by":"Slime Boss","ascension_level":20}}