{"host":"3yynf0dn84873kbr","time":1611671837,"event":{"mods":["Act Like it!","Arknights The Spire","BaseMod","CapriCore","Challenge The Spire","Minty Spire (QoL Compilation)","StSLib","[IsaacMod]ÒÔÈö¼âËþ"],"gold_per_floor":[112,112,130,144,144,144,144],"floor_reached":6,"language":"ZHS","playtime":109,"items_purged":[],"score":36,"play_id":"ab6788b8-6fb0-46e9-94ff-832d2262d2bc","local_time":"20210126223717","is_ascension_mode":false,"campfire_choices":[],"circlet_count":0,"master_deck":["ats:Strike C","ats:Strike G","ats:Strike S","ats:Strike V","ats:Armor Crushing Shot","ats:Defend","ats:Defend","ats:Defend","ats:Defend","ats:Emotion Absorption","ats:Healing Strengthening","ats:Sashimi Platter","ats:Leaping Hammer"],"relics":["ats:Sanity","HushsDoor","Damocles","NeowsBlessing","Eternal Feather","Dream Catcher","Pantograph"],"acts_visited":["Exordium"],"potions_floor_usage":[],"damage_taken":[{"damage":0,"enemies":"Jaw Worm","floor":1,"turns":1},{"damage":0,"enemies":"Small Slimes","floor":3,"turns":2},{"damage":0,"enemies":"Cultist","floor":4,"turns":1},{"damage":56,"enemies":"Gremlin Nob","floor":6,"turns":5}],"seed_played":"7974065220699009380","potions_obtained":[{"floor":1,"key":"BlessingOfTheForge"}],"is_trial":false,"path_per_floor":["M","?","M","M","$","E"],"character_chosen":"DOCTOR_CLASS","items_purchased":[],"campfire_rested":0,"item_purchase_floors":[],"current_hp_per_floor":[72,72,72,72,72,0,0],"gold":144,"neow_bonus":"THREE_ENEMY_KILL","is_daily":false,"chose_seed":false,"campfire_upgraded":0,"win_rate":0.0,"timestamp":1611671837,"path_taken":["M","?","?","M","$","E"],"items_purchased_type":[],"build_version":"2020-12-22","purchased_purges":0,"victory":false,"max_hp_per_floor":[72,72,72,72,72,72,72],"card_choices":[{"not_picked":[],"picked":"ChaosCard","floor":0},{"not_picked":["ats:Literary Storm","ats:Guardian Obelisk"],"picked":"ats:Healing Strengthening","floor":1},{"not_picked":["Bomb","ats:Guard Mode"],"picked":"ats:Sashimi Platter","floor":3},{"not_picked":["ats:Durian","ats:Closed Bolt Burst Fire"],"picked":"ats:Leaping Hammer","floor":4}],"player_experience":119737,"relics_obtained":[{"floor":1,"key":"Eternal Feather"},{"floor":3,"key":"Dream Catcher"},{"floor":4,"key":"Pantograph"}],"event_choices":[{"damage_healed":0,"gold_gain":0,"player_choice":"Leave","damage_taken":0,"max_hp_gain":0,"max_hp_loss":0,"event_name":"The Cleric","floor":2,"gold_loss":0}],"is_beta":false,"boss_relics":[],"items_purged_floors":[],"is_endless":false,"potions_floor_spawned":[1],"killed_by":"Gremlin Nob","ascension_level":0}}