{"host":"28p8ce41sjwa6lzf","time":1611685570,"event":{"mods":["BaseMod","Bestiary","Colored Map","Colored Powertips","Dark Map","Highlight Path","Minty Spire (QoL Compilation)","Permanent Neow","Quick Restart","Random Character Button","Rare Cards Sparkle","Relic Stats","StSLib","Unceasing Turn Reminder"],"gold_per_floor":[110,128,128,53,63,63,89,102,102,134,148,180,180,198,198,273,273,293,327,342,358,376,376,411,411,411,611,639,650,676,692,692,770,770,782,795,131,149,168,168,193,193,216,249,260,260,280,280,280,280,280],"floor_reached":50,"language":"ENG","playtime":6088,"items_purged":["Normality","Strike_B"],"score":1372,"play_id":"6d3bbe84-121e-44a3-bd21-121ac3b54181","local_time":"20210126122610","is_ascension_mode":true,"campfire_choices":[{"data":"Double Energy","floor":6.0,"key":"SMITH"},{"data":"Cold Snap","floor":13.0,"key":"SMITH"},{"data":"Reboot","floor":15.0,"key":"SMITH"},{"data":"Chill","floor":23.0,"key":"SMITH"},{"data":"Coolheaded","floor":25.0,"key":"SMITH"},{"data":"Turbo","floor":32.0,"key":"SMITH"},{"data":"Seek","floor":40.0,"key":"SMITH"},{"data":"Reboot","floor":46.0,"key":"SMITH"},{"floor":49.0,"key":"RECALL"}],"circlet_count":0,"master_deck":["AscendersBane","Strike_B","Strike_B","Defend_B","Defend_B","Defend_B","Zap","Dualcast","Coolheaded+1","Cold Snap+1","Double Energy+1","Self Repair","Rebound","Reboot+1","Cold Snap+1","Biased Cognition+1","Echo Form+1","Capacitor+1","Chill+1","Defragment+1","Hologram+1","Barrage","Loop+1","Loop+1","Turbo+1","Reboot+1","Rainbow","Defragment+1","Hologram","Seek+1","Stack+1","Capacitor+1","Creative AI+1","Hyperbeam"],"relics":["Cracked Core","Dead Branch","Pear","Meat on the Bone","Vajra","Frozen Egg 2","Black Star","Red Mask","Eternal Feather","Dream Catcher","Bag of Preparation","Smiling Mask","Blue Candle","HornCleat","Regal Pillow","Runic Pyramid","Pantograph","Lee\u0027s Waffle","Sundial","StrikeDummy","Lantern","Singing Bowl"],"acts_visited":["Exordium","TheCity","TheBeyond"],"potions_floor_usage":[50],"damage_taken":[{"damage":4.0,"enemies":"Small Slimes","floor":1.0,"turns":5.0},{"damage":10.0,"enemies":"2 Louse","floor":2.0,"turns":3.0},{"damage":0.0,"enemies":"Cultist","floor":5.0,"turns":3.0},{"damage":9.0,"enemies":"3 Sentries","floor":7.0,"turns":11.0},{"damage":0.0,"enemies":"Looter","floor":8.0,"turns":3.0},{"damage":25.0,"enemies":"Gremlin Nob","floor":10.0,"turns":4.0},{"damage":16.0,"enemies":"3 Louse","floor":11.0,"turns":3.0},{"damage":8.0,"enemies":"3 Sentries","floor":12.0,"turns":7.0},{"damage":7.0,"enemies":"Exordium Thugs","floor":14.0,"turns":4.0},{"damage":29.0,"enemies":"The Guardian","floor":16.0,"turns":20.0},{"damage":4.0,"enemies":"Spheric Guardian","floor":18.0,"turns":4.0},{"damage":33.0,"enemies":"Masked Bandits","floor":19.0,"turns":6.0},{"damage":15.0,"enemies":"Chosen","floor":20.0,"turns":9.0},{"damage":24.0,"enemies":"Centurion and Healer","floor":21.0,"turns":9.0},{"damage":20.0,"enemies":"Snake Plant","floor":22.0,"turns":6.0},{"damage":26.0,"enemies":"Book of Stabbing","floor":24.0,"turns":5.0},{"damage":0.0,"enemies":"Slavers","floor":28.0,"turns":8.0},{"damage":1.0,"enemies":"Cultist and Chosen","floor":29.0,"turns":4.0},{"damage":35.0,"enemies":"Gremlin Leader","floor":30.0,"turns":7.0},{"damage":0.0,"enemies":"Sentry and Sphere","floor":31.0,"turns":4.0},{"damage":24.0,"enemies":"Champ","floor":33.0,"turns":18.0},{"damage":5.0,"enemies":"Orb Walker","floor":35.0,"turns":6.0},{"damage":11.0,"enemies":"3 Darklings","floor":36.0,"turns":2.0},{"damage":0.0,"enemies":"4 Shapes","floor":38.0,"turns":10.0},{"damage":0.0,"enemies":"Maw","floor":39.0,"turns":6.0},{"damage":3.0,"enemies":"Reptomancer","floor":41.0,"turns":9.0},{"damage":0.0,"enemies":"Giant Head","floor":44.0,"turns":8.0},{"damage":5.0,"enemies":"Sphere and 2 Shapes","floor":45.0,"turns":6.0},{"damage":7.0,"enemies":"Jaw Worm Horde","floor":47.0,"turns":5.0},{"damage":93,"enemies":"Awakened One","floor":50,"turns":4}],"seed_played":"8432911253521164377","potions_obtained":[{"floor":1.0,"key":"FocusPotion"},{"floor":7.0,"key":"Ancient Potion"},{"floor":14.0,"key":"SpeedPotion"},{"floor":20.0,"key":"Explosive Potion"},{"floor":30.0,"key":"SteroidPotion"},{"floor":31.0,"key":"AttackPotion"},{"floor":33.0,"key":"PotionOfCapacity"},{"floor":39.0,"key":"Energy Potion"},{"floor":41.0,"key":"PotionOfCapacity"}],"is_trial":false,"path_per_floor":["M","M","?","$","M","R","E","M","T","E","M","E","R","M","R","B",null,"M","?","M","M","M","R","E","R","T","?","E","M","E","M","R","B",null,"M","M","$","M","M","R","E","?","T","E","M","R","M","?","R","B"],"character_chosen":"DEFECT","items_purchased":["Pantograph","Lee\u0027s Waffle","Seek"],"campfire_rested":0,"item_purchase_floors":[37,37,37],"current_hp_per_floor":[60,50,50,50,50,50,51,58,58,52,48,59,59,59,59,49,73,76,50,54,56,62,62,55,70,70,70,77,81,53,53,68,44,72,67,56,88,88,88,88,85,85,85,88,90,90,92,92,92,0,0],"gold":280,"neow_bonus":"ONE_RARE_RELIC","is_daily":false,"chose_seed":false,"campfire_upgraded":8,"win_rate":0.0,"timestamp":1611685570,"path_taken":["M","M","?","$","M","R","E","M","T","E","M","E","R","M","R","BOSS","M","?","M","M","M","R","E","R","T","?","E","M","E","M","R","BOSS","M","?","$","M","M","R","E","?","T","E","M","R","M","?","R","BOSS"],"items_purchased_type":["Relic","Relic","Card"],"build_version":"2020-12-22","purchased_purges":2,"victory":false,"max_hp_per_floor":[71,71,71,71,71,71,81,81,81,81,81,81,81,81,81,81,81,81,81,81,81,81,81,81,81,81,81,81,81,81,81,81,81,81,81,81,88,88,88,88,88,88,88,88,90,90,92,92,92,92,92],"relic_stats":{"Regal Pillow":0,"Lee\u0027s Waffle":32,"Singing Bowl":4,"counters":[30,198],"Dead Branch":[162],"Blue Candle":[0],"Eternal Feather":30,"Bag of Preparation":[28],"Smiling Mask":50,"Dream Catcher":0,"Sundial":[4],"Pantograph":0,"Black Star":5,"obtain_stats":[{"Regal Pillow":30,"Lee\u0027s Waffle":37,"Lantern":44,"Pear":7,"Singing Bowl":44,"Dead Branch":0,"Blue Candle":28,"Vajra":10,"Eternal Feather":24,"Bag of Preparation":26,"Frozen Egg 2":12,"Smiling Mask":28,"Dream Catcher":24,"HornCleat":30,"Sundial":41,"Pantograph":37,"Black Star":17,"Red Mask":19,"Cracked Core":0,"StrikeDummy":41,"Meat on the Bone":9,"Runic Pyramid":34},{"Regal Pillow":19,"Lee\u0027s Waffle":23,"Lantern":27,"Pear":4,"Singing Bowl":27,"Dead Branch":0,"Blue Candle":17,"Vajra":6,"Eternal Feather":16,"Bag of Preparation":16,"Frozen Egg 2":8,"Smiling Mask":17,"Dream Catcher":16,"HornCleat":19,"Sundial":26,"Pantograph":23,"Black Star":10,"Red Mask":12,"Cracked Core":0,"StrikeDummy":26,"Meat on the Bone":5,"Runic Pyramid":21},{"Regal Pillow":120,"Lee\u0027s Waffle":150,"Lantern":183,"Pear":22,"Singing Bowl":183,"Dead Branch":0,"Blue Candle":110,"Vajra":29,"Eternal Feather":102,"Bag of Preparation":102,"Frozen Egg 2":39,"Smiling Mask":110,"Dream Catcher":102,"HornCleat":120,"Sundial":175,"Pantograph":150,"Black Star":63,"Red Mask":73,"Cracked Core":0,"StrikeDummy":175,"Meat on the Bone":25,"Runic Pyramid":142}],"Meat on the Bone":96},"card_choices":[{"not_picked":["Consume","Stack"],"picked":"Coolheaded","floor":1.0},{"not_picked":["Sweeping Beam","Stack"],"picked":"Cold Snap","floor":2.0},{"not_picked":["White Noise","Go for the Eyes"],"picked":"Double Energy","floor":5.0},{"not_picked":["Sunder","Leap"],"picked":"Self Repair","floor":7.0},{"not_picked":["Gash","Stack"],"picked":"Rebound","floor":8.0},{"not_picked":["Melter","Stack"],"picked":"Reboot","floor":10.0},{"not_picked":["Stack","Rebound"],"picked":"Cold Snap","floor":11.0},{"not_picked":["Stack","Gash"],"picked":"Biased Cognition+1","floor":12.0},{"not_picked":["Self Repair+1","Leap","Redo"],"picked":"SKIP","floor":14.0},{"not_picked":["Amplify","Seek"],"picked":"Echo Form+1","floor":16.0},{"not_picked":["Compile Driver","Sweeping Beam"],"picked":"Capacitor+1","floor":18.0},{"not_picked":["Compile Driver","Rip and Tear"],"picked":"Chill","floor":19.0},{"not_picked":["Ball Lightning","Stack"],"picked":"Defragment+1","floor":20.0},{"not_picked":["Steam","Leap"],"picked":"Hologram+1","floor":21.0},{"not_picked":["Redo","Reprogram"],"picked":"Barrage","floor":22.0},{"not_picked":["Sweeping Beam","Meteor Strike"],"picked":"Loop+1","floor":24.0},{"not_picked":["Leap","Stack+1"],"picked":"Loop+1","floor":28.0},{"not_picked":["Melter","Sweeping Beam"],"picked":"Turbo","floor":29.0},{"not_picked":["Turbo","Darkness","Barrage+1"],"picked":"SKIP","floor":30.0},{"not_picked":["Sweeping Beam","Ball Lightning+1"],"picked":"Reboot","floor":31.0},{"not_picked":["Thunder Strike","Multi-Cast"],"picked":"Rainbow","floor":33.0},{"not_picked":["Self Repair+1","Capacitor+1"],"picked":"Defragment+1","floor":35.0},{"not_picked":["Barrage+1","Sweeping Beam"],"picked":"Hologram","floor":36.0},{"not_picked":["Rebound+1","Redo"],"picked":"Stack+1","floor":38.0},{"not_picked":["Rebound","Gash","Barrage"],"picked":"SKIP","floor":39.0},{"not_picked":["Self Repair+1","Rip and Tear"],"picked":"Capacitor+1","floor":41.0},{"not_picked":["Conserve Battery","Coolheaded"],"picked":"Creative AI+1","floor":44.0},{"not_picked":["Gash+1","Conserve Battery","Go for the Eyes+1"],"picked":"Singing Bowl","floor":45.0},{"not_picked":["Tempest","Fusion","Steam"],"picked":"Singing Bowl","floor":47.0}],"player_experience":1178866,"relics_obtained":[{"floor":7.0,"key":"Pear"},{"floor":9.0,"key":"Meat on the Bone"},{"floor":10.0,"key":"Vajra"},{"floor":12.0,"key":"Frozen Egg 2"},{"floor":19.0,"key":"Red Mask"},{"floor":24.0,"key":"Eternal Feather"},{"floor":24.0,"key":"Dream Catcher"},{"floor":26.0,"key":"Bag of Preparation"},{"floor":28.0,"key":"Smiling Mask"},{"floor":28.0,"key":"Blue Candle"},{"floor":30.0,"key":"HornCleat"},{"floor":30.0,"key":"Regal Pillow"},{"floor":41.0,"key":"Sundial"},{"floor":41.0,"key":"StrikeDummy"},{"floor":44.0,"key":"Lantern"},{"floor":44.0,"key":"Singing Bowl"}],"event_choices":[{"damage_healed":0.0,"max_hp_gain":0.0,"max_hp_loss":0.0,"gold_gain":0.0,"event_name":"Living Wall","player_choice":"Grow","floor":3.0,"gold_loss":0.0,"damage_taken":0.0,"cards_upgraded":["Cold Snap"]},{"damage_healed":0.0,"max_hp_gain":0.0,"max_hp_loss":0.0,"gold_gain":0.0,"event_name":"Masked Bandits","player_choice":"Fought Bandits","floor":19.0,"gold_loss":0.0,"damage_taken":0.0},{"damage_healed":0.0,"max_hp_gain":0.0,"max_hp_loss":0.0,"gold_gain":250.0,"event_name":"The Joust","player_choice":"Bet on Owner","floor":27.0,"gold_loss":50.0,"damage_taken":0.0},{"cards_removed":["Defend_B"],"damage_healed":0.0,"max_hp_gain":0.0,"max_hp_loss":0.0,"gold_gain":0.0,"event_name":"Falling","player_choice":"Removed Skill","floor":42.0,"gold_loss":0.0,"damage_taken":0.0},{"damage_healed":0.0,"max_hp_gain":0.0,"max_hp_loss":0.0,"gold_gain":0.0,"cards_transformed":["Strike_B"],"event_name":"Transmorgrifier","player_choice":"Transformed","floor":48.0,"gold_loss":0.0,"damage_taken":0.0,"cards_obtained":["Hyperbeam"]}],"is_beta":false,"boss_relics":[{"not_picked":["Tiny House","Philosopher\u0027s Stone"],"picked":"Black Star"},{"not_picked":["Coffee Dripper","Velvet Choker"],"picked":"Runic Pyramid"}],"items_purged_floors":[4,37],"is_endless":false,"potions_floor_spawned":[1,7,8,14,20,22,24,30,31,33,35,39,41,47],"killed_by":"Awakened One","ascension_level":20}}