{"host":"roto7j7840a50pxh","time":1611695815,"event":{"mods":["Act Like it!","BaseMod","Better Altar","Better Note","Better Sensory Stone","Better Skull","Better Third Choice","BetterRewards","Colored Map","Colored Powertips","Downfall","Hermit","Highlight Path","Hubris","Infinite Spire","Minty Spire (QoL Compilation)","Replay The Spire","Robot Space Explorer","Shade Mod","Spicy Shops","StSLib","The Cursed","The Dragon Tamer","The Hierophant","The Necromancer","The Runesmith","The Servant 0.9.4","TheVacant"],"gold_per_floor":[121,140,424,127,149,149,192,214,214,242,265,265,308,308,308,420,420,446,446,469,469,494,522,549,396,396,396,440,400,419,455,455,564,591,614,643,666,666,675,675,699,699,699],"floor_reached":42,"language":"ENG","playtime":4042,"items_purged":["Shame"],"score":858,"play_id":"adeee61f-90d4-4e37-ba3e-8ff68a7f7b4f","local_time":"20210126161655","is_ascension_mode":true,"campfire_choices":[{"floor":6.0,"key":"REST"},{"floor":12.0,"key":"REST"},{"floor":15.0,"key":"REST"},{"data":"hermit:Maintenance","floor":27.0,"key":"SMITH"},{"data":"hermit:FlashPowder","floor":32.0,"key":"SMITH"},{"data":"hermit:Midnight","floor":40.0,"key":"SMITH"}],"circlet_count":0,"master_deck":["hermit:Strike_Hermit+1","hermit:Strike_Hermit","hermit:Strike_Hermit","hermit:Strike_Hermit+1","hermit:Defend_Hermit","hermit:Defend_Hermit","hermit:Defend_Hermit","hermit:Defend_Hermit","hermit:Snapshot","hermit:Covet","hermit:Feint","hermit:Feint","hermit:Dive","Crow Ritual+1","hermit:Enervate","hermit:PistolWhip","Regret","hermit:FlashPowder+1","hermit:Malice","hermit:ShadowCloak+1","hermit:Glare","hermit:Spite","hermit:BlackWind","hermit:Maintenance+1","hermit:HighCaliber","hermit:Gestalt","hermit:Headshot","hermit:Dissolve","hermit:Headshot","hermit:Headshot+1","hermit:Coalescence+1","hermit:Virtue","hermit:Gestalt","hermit:FinalCanter+1","hermit:GhostlyPresence+1","hermit:Headshot","hermit:Roughhouse","hermit:Grudge+1","hermit:FatalDesire+1","hermit:Adapt+1","hermit:EyeOfTheStorm","hermit:Midnight+1","hermit:BigShot","Crow Ritual+1","hermit:FromBeyond"],"relics":["hermit:Momento","hubris:SlimyHat","CeramicFish","ReplayTheSpireMod:CursedCoin","Membership Card","StrikeDummy","infinitespire:Beetle Shell","Replay:Baseball","Shuriken","Whetstone","Meat on the Bone","Honey Jar","Nloth\u0027s Gift","Lee\u0027s Waffle","ReplayTheSpireMod:TigerMarble","infinitespire:BottledMercury","Iron Hammer","PreservedInsect","Astrolabe"],"acts_visited":["Exordium","TheCity","TheBeyond"],"potions_floor_usage":[42],"damage_taken":[{"damage":2.0,"enemies":"Jaw Worm","floor":1.0,"turns":4.0},{"damage":0.0,"enemies":"Cultist","floor":2.0,"turns":3.0},{"damage":0.0,"enemies":"infinitespire:Voidling","floor":5.0,"turns":1.0},{"damage":12.0,"enemies":"Lagavulin","floor":7.0,"turns":5.0},{"damage":0.0,"enemies":"Exordium Wildlife","floor":8.0,"turns":2.0},{"damage":1.0,"enemies":"2 Fungi Beasts","floor":10.0,"turns":2.0},{"damage":9.0,"enemies":"3 Louse","floor":11.0,"turns":3.0},{"damage":7.0,"enemies":"Replay:BlueRogue","floor":13.0,"turns":4.0},{"damage":16.0,"enemies":"The Guardian","floor":16.0,"turns":11.0},{"damage":0.0,"enemies":"Chosen","floor":18.0,"turns":4.0},{"damage":16.0,"enemies":"2 Thieves","floor":20.0,"turns":4.0},{"damage":8.0,"enemies":"Centurion and Healer","floor":22.0,"turns":6.0},{"damage":40.0,"enemies":"Snake Plant","floor":23.0,"turns":4.0},{"damage":7.0,"enemies":"Shelled Parasite and Fungi","floor":24.0,"turns":5.0},{"damage":56.0,"enemies":"Gremlin Leader","floor":28.0,"turns":5.0},{"damage":0.0,"enemies":"Centurion and Healer","floor":30.0,"turns":4.0},{"damage":15.0,"enemies":"Replay:Snechameleon","floor":31.0,"turns":6.0},{"damage":22.0,"enemies":"Automaton","floor":33.0,"turns":11.0},{"damage":6.0,"enemies":"3 Shapes","floor":35.0,"turns":5.0},{"damage":5.0,"enemies":"Orb Walker","floor":36.0,"turns":4.0},{"damage":2.0,"enemies":"4 Shapes","floor":37.0,"turns":8.0},{"damage":23.0,"enemies":"Sphere and 2 Shapes","floor":41.0,"turns":9.0},{"damage":54,"enemies":"Giant Head","floor":42,"turns":9}],"seed_played":"-6315960759243923598","potions_obtained":[{"floor":2.0,"key":"hermit:BlackBile"},{"floor":7.0,"key":"Fruit Juice"},{"floor":10.0,"key":"bronze:BurnAndBuffPotion"},{"floor":16.0,"key":"Regen Potion"},{"floor":18.0,"key":"bronze:BurnAndBuffPotion"},{"floor":30.0,"key":"Venom Potion"},{"floor":36.0,"key":"Elixir"},{"floor":41.0,"key":"Elixir"}],"is_trial":false,"path_per_floor":["M","M","?","$","M","R","E","M","T","M","M","R","E","$","R","B",null,"M","?","M","?","M","M","M","$","T","R","E","?","M","E","R","B",null,"M","M","M","?","?","R","M","E"],"character_chosen":"HERMIT","items_purchased":["hubris:SlimyHat","hermit:Determination","hermit:Feint","CeramicFish","ReplayTheSpireMod:CursedCoin","hermit:Feint","hermit:Dive","Crow Ritual","Membership Card","hermit:Enervate","StrikeDummy","Guide Book","hermit:FlashPowder","hermit:Malice","hermit:ShadowCloak","hermit:Glare","AttackPotion","Swift Potion","Replay:Baseball","Lee\u0027s Waffle","ReplayTheSpireMod:TigerMarble"],"campfire_rested":3,"item_purchase_floors":[0,0,0,0,0,0,0,0,0,0,0,4,4,4,4,4,4,4,4,25,25],"current_hp_per_floor":[6,6,6,6,6,28,21,21,21,20,11,35,28,28,52,48,72,72,58,54,54,46,18,23,87,87,87,43,43,55,52,52,42,76,70,65,63,63,63,63,52,0,0],"gold":699,"neow_bonus":"","is_daily":false,"chose_seed":false,"campfire_upgraded":3,"win_rate":0.0,"timestamp":1611695815,"path_taken":["M","M","?","$","?","R","E","M","T","M","M","R","E","?","R","BOSS","M","?","M","?","M","M","M","$","T","R","E","?","M","E","R","BOSS","M","?","M","?","?","R","M","E"],"items_purchased_type":["Relic","Card","Card","Relic","Relic","Card","Card","Card","Relic","Card","Relic","Relic","Card","Card","Card","Card","Potion","Potion","Relic","Relic","Relic"],"build_version":"2020-12-22","purchased_purges":1,"victory":false,"max_hp_per_floor":[75,75,75,75,75,75,80,80,80,80,80,80,80,80,80,80,80,80,80,80,80,80,80,80,87,87,87,87,87,87,87,87,87,87,87,87,87,87,87,87,87,87,87],"card_choices":[{"not_picked":["hermit:HighCaliber","hermit:LowProfile"],"picked":"hermit:PistolWhip","floor":1.0},{"not_picked":["hermit:Determination","hermit:TrackingShot"],"picked":"hermit:WideOpen","floor":2.0},{"not_picked":["hermit:Desperado","hermit:Misfire"],"picked":"hermit:Spite","floor":5.0},{"not_picked":["hermit:Quickdraw","hermit:HighCaliber"],"picked":"hermit:BlackWind","floor":7.0},{"not_picked":["hermit:Quickdraw","hermit:Dive"],"picked":"hermit:Maintenance","floor":8.0},{"not_picked":["hermit:TakeAim","hermit:Gestalt"],"picked":"hermit:HighCaliber","floor":10.0},{"not_picked":["hermit:Desperado","hermit:Showdown"],"picked":"hermit:Gestalt","floor":11.0},{"not_picked":["hermit:HoleUp","hermit:CursedWeapon"],"picked":"hermit:Headshot","floor":13.0},{"not_picked":["hermit:Adapt","hermit:Purgatory"],"picked":"hermit:Dissolve","floor":16.0},{"not_picked":["hermit:CalledShot","hermit:WideOpen+1","hermit:ShadowCloak"],"picked":"hermit:Headshot","floor":18.0},{"not_picked":["hermit:Glare+1","hermit:Ricochet+1","hermit:Manifest+1"],"picked":"hermit:Headshot+1","floor":20.0},{"not_picked":["hermit:LuckOfTheDraw+1","hermit:Scavenge","hermit:Ricochet"],"picked":"hermit:Coalescence","floor":22.0},{"not_picked":["hermit:Determination","hermit:Horror","hermit:Ricochet"],"picked":"hermit:Virtue","floor":23.0},{"not_picked":["hermit:Dive","hermit:ItchyTrigger+1","hermit:Enervate+1"],"picked":"hermit:Gestalt","floor":24.0},{"not_picked":["hermit:FullyLoaded","hermit:PistolWhip","hermit:Feint"],"picked":"hermit:FinalCanter","floor":28.0},{"not_picked":["hermit:Desperado","hermit:NoHoldsBarred","hermit:Dive"],"picked":"hermit:GhostlyPresence+1","floor":30.0},{"not_picked":["hermit:Coalescence+1","hermit:Scavenge","hermit:WideOpen+1"],"picked":"hermit:Headshot","floor":31.0},{"not_picked":["hermit:HeroicBravado","hermit:FinalCanter","hermit:Gambit"],"picked":"hermit:Roughhouse","floor":33.0},{"not_picked":["hermit:Headshot","hermit:Manifest","hermit:WideOpen+1"],"picked":"hermit:EyeOfTheStorm","floor":35.0},{"not_picked":["hermit:DeadMansHand+1","hermit:Horror","hermit:Manifest"],"picked":"hermit:Midnight","floor":36.0},{"not_picked":["hermit:Headshot+1","hermit:HighCaliber+1","hermit:HoleUp"],"picked":"hermit:BigShot","floor":37.0},{"not_picked":["hermit:Coalescence+1","hermit:Desperado","hermit:Shortfuse"],"picked":"hermit:FromBeyond","floor":41.0}],"player_experience":1664958,"relics_obtained":[{"floor":7.0,"key":"Shuriken"},{"floor":9.0,"key":"Whetstone"},{"floor":13.0,"key":"Meat on the Bone"},{"floor":26.0,"key":"infinitespire:BottledMercury"},{"floor":28.0,"key":"Iron Hammer"},{"floor":31.0,"key":"PreservedInsect"}],"event_choices":[{"damage_healed":0.0,"max_hp_gain":0.0,"max_hp_loss":0.0,"gold_gain":275.0,"event_name":"Golden Shrine","player_choice":"Desecrate","floor":3.0,"gold_loss":0.0,"damage_taken":0.0,"cards_obtained":["Regret"]},{"damage_healed":0.0,"max_hp_gain":0.0,"max_hp_loss":0.0,"gold_gain":0.0,"event_name":"betterSkull:BetterSkull","player_choice":"UP ","floor":19.0,"gold_loss":0.0,"damage_taken":16.0,"cards_upgraded":["hermit:ShadowCloak"],"relics_obtained":[]},{"damage_healed":0.0,"max_hp_gain":0.0,"max_hp_loss":0.0,"gold_gain":0.0,"event_name":"N\u0027loth","player_choice":"Traded Relic","floor":21.0,"relics_lost":["Guide Book"],"gold_loss":0.0,"damage_taken":0.0,"relics_obtained":["Nloth\u0027s Gift"]},{"damage_healed":0.0,"max_hp_gain":0.0,"max_hp_loss":0.0,"gold_gain":0.0,"event_name":"Designer","player_choice":"Upgraded Two","floor":29.0,"gold_loss":40.0,"damage_taken":0.0,"cards_upgraded":["hermit:Coalescence","hermit:FinalCanter"]},{"damage_healed":0.0,"max_hp_gain":0.0,"max_hp_loss":0.0,"gold_gain":0.0,"event_name":"Tomb of Lord Red Mask","player_choice":"Ignored","floor":38.0,"gold_loss":0.0,"damage_taken":0.0},{"damage_healed":0.0,"max_hp_gain":0.0,"max_hp_loss":0.0,"gold_gain":0.0,"event_name":"Duplicator","player_choice":"Copied","floor":39.0,"gold_loss":0.0,"damage_taken":0.0,"cards_obtained":["Crow Ritual"]}],"is_beta":false,"boss_relics":[{"not_picked":["Replay:Wanted Poster","ReplayTheSpireMod:DimensionalGlitch"],"picked":"Honey Jar"},{"not_picked":["infinitespire:Cupcake","SacredBark"],"picked":"Astrolabe"}],"items_purged_floors":[4],"is_endless":false,"potions_floor_spawned":[2,7,10,16,18,30,36,41],"killed_by":"Giant Head","ascension_level":6}}