{"host":"q1gs7pmqdidxkuxt","time":1611655572,"event":{"mods":["AchievementEnabler","Aspiration","Bard","BaseMod","Beaked The Cultist","Better Altar","Better Match","Better Note","Better Sensory Stone","Better Skull","Better Third Choice","BetterRewards","CCEM2","Clawfect","Colored Map","Conspire","Downfall","GifTheSpireLib","Googly Eyes","Halation","Hermit","Highlight Path","Hubris","Hunter ??","Infinite Spire","Jedi Mod","Jorbs\u0027s Wanderer Trilogy","Mad Scientist","Marisa????????","Mimic Mod","Minty Spire (QoL Compilation)","Permanent Neow","Replay The Spire","Shade Mod","Shop Mod","Spicy Shops","StSLib","Stuff the Spire","The Administrix","The Blackbeard","The Bug Knight","The Construct","The Cursed","The Disciple","The Gatherer","The Hierophant","The IronCluck","The Jungle","The Mystic","The Necromancer","The Problem Sleuth","The Runesmith","The Servant 0.9.4","The Spell Scribe","The Witch","Unceasing Turn Reminder","[IsaacMod]????","everything is the same but u backflip on backflip","slay the spire mod where everything is the same but ironclad has a cowboy hat"],"gold_per_floor":[115,127,141,160,180,180,191,208,235,235,235,51,61,87,87,190,190,200,219,235,235,252,252,252,252,278,278,278],"floor_reached":27,"language":"ENG","playtime":1342,"items_purged":[],"score":219,"play_id":"51d2c445-d48b-498d-93af-879921bf32d2","local_time":"20210126040612","is_ascension_mode":false,"campfire_choices":[{"data":"Rage","floor":6,"key":"SMITH"},{"data":"Anger","floor":15,"key":"SMITH"},{"data":"Barricade","floor":23,"key":"SMITH"},{"data":"Metallicize","floor":25,"key":"SMITH"}],"circlet_count":0,"master_deck":["Strike_R+1","Strike_R+1","Strike_R","Strike_R","Strike_R","Defend_R","Defend_R","Defend_R","Defend_R","Bash","Rage+1","Iron Wave","Anger+1","Flex","beaked:WildInstinct","Barricade+1","Twin Strike+1","Metallicize+1","Dropkick+1"],"relics":["Burning Blood","HushsDoor","aspiration:Nostalgia","m_ByrdBlood","MaYiHuaBei","Nunchaku","Whetstone","BelialBook","halation:Prosthetics","Lantern"],"acts_visited":["Exordium","TheCity"],"potions_floor_usage":[27,27],"damage_taken":[{"damage":4,"enemies":"Small Slimes","floor":1,"turns":5},{"damage":11,"enemies":"Jaw Worm","floor":2,"turns":4},{"damage":6,"enemies":"2 Louse","floor":3,"turns":3},{"damage":16,"enemies":"Large Slime","floor":4,"turns":11},{"damage":58,"enemies":"Exordium Thugs","floor":5,"turns":9},{"damage":9,"enemies":"Blue Slaver","floor":7,"turns":5},{"damage":7,"enemies":"Looter","floor":8,"turns":4},{"damage":13,"enemies":"2 Fungi Beasts","floor":13,"turns":3},{"damage":12,"enemies":"3 Sentries","floor":14,"turns":3},{"damage":46,"enemies":"Slime Boss","floor":16,"turns":13},{"damage":10,"enemies":"Shell Parasite","floor":18,"turns":7},{"damage":21,"enemies":"3 Byrds","floor":19,"turns":8},{"damage":23,"enemies":"Centurion and Healer","floor":20,"turns":5},{"damage":27,"enemies":"Snake Plant","floor":22,"turns":3},{"damage":54,"enemies":"Book of Stabbing","floor":27,"turns":5}],"seed_played":"804514594673059794","potions_obtained":[{"floor":1,"key":"SkillPotion"},{"floor":5,"key":"Weak Potion"},{"floor":7,"key":"Energy Potion"},{"floor":13,"key":"BloodPotion"}],"is_trial":false,"path_per_floor":["M","M","M","M","M","R","M","M","T","?","?","$","M","E","R","B",null,"M","M","M","?","M","R","?","R","T","E"],"character_chosen":"IRONCLAD","items_purchased":["Flex","Whetstone"],"campfire_rested":0,"item_purchase_floors":[12,12],"current_hp_per_floor":[80,80,80,79,36,36,42,50,50,65,65,65,70,73,73,51,45,45,42,37,37,28,28,28,28,28,0,0],"gold":278,"neow_bonus":"NOSTALGIA","is_daily":false,"chose_seed":false,"campfire_upgraded":4,"win_rate":0.0,"timestamp":1611655572,"path_taken":["M","M","M","M","M","R","M","M","T","?","?","$","M","E","R","BOSS","M","M","M","?","M","R","?","R","T","E"],"items_purchased_type":["Card","Relic"],"build_version":"2020-12-22","purchased_purges":0,"victory":false,"max_hp_per_floor":[80,80,80,80,80,80,80,80,80,80,80,80,80,80,80,80,45,45,45,45,45,45,45,45,45,45,45,45],"card_choices":[{"not_picked":["StuffTheSpire:Incineration","Wild Strike"],"picked":"Bomb","floor":1},{"not_picked":["Sword Boomerang","jedi:controlledanger","Perfected Strike"],"picked":"SKIP","floor":2},{"not_picked":["Whirlwind","Shrug It Off","StuffTheSpire:RagingBull"],"picked":"SKIP","floor":3},{"not_picked":["Sentinel","Twin Strike","Wild Strike"],"picked":"SKIP","floor":4},{"not_picked":["Wild Strike","Immolate"],"picked":"Rage","floor":5},{"not_picked":["Sever Soul","Sentinel"],"picked":"Iron Wave","floor":7},{"not_picked":["Rage","beaked:Resilience"],"picked":"Anger","floor":8},{"not_picked":["Havoc","ReplayTheSpireMod:LeadingStrike","Sword Boomerang"],"picked":"SKIP","floor":13},{"not_picked":["StuffTheSpire:Incineration","Pommel Strike"],"picked":"beaked:WildInstinct","floor":14},{"not_picked":["Fiend Fire","Double Tap"],"picked":"Barricade","floor":16},{"not_picked":["Sword Boomerang+1","True Grit"],"picked":"Twin Strike+1","floor":18},{"not_picked":["Flex+1","Clash+1"],"picked":"Metallicize","floor":19},{"not_picked":["StuffTheSpire:Resist","Warcry","ReplayTheSpireMod:Strike From Hell+1"],"picked":"SKIP","floor":20},{"not_picked":["Perfected Strike","ReplayTheSpireMod:Strike From Hell"],"picked":"Dropkick+1","floor":22}],"player_experience":177998,"relics_obtained":[{"floor":9,"key":"Nunchaku"},{"floor":14,"key":"BelialBook"},{"floor":26,"key":"Lantern"}],"event_choices":[{"damage_healed":0,"gold_gain":0,"player_choice":"Got Potions","damage_taken":0,"max_hp_gain":0,"max_hp_loss":0,"event_name":"Lab","floor":21,"gold_loss":0},{"damage_healed":0,"gold_gain":0,"player_choice":"Bought 0 Potions","damage_taken":0,"max_hp_gain":0,"max_hp_loss":0,"event_name":"The Woman in Blue","floor":24,"gold_loss":0}],"is_beta":false,"boss_relics":[{"not_picked":["hubris:HollowSoul","Runic Dome"],"picked":"halation:Prosthetics"},{"not_picked":[]}],"items_purged_floors":[],"is_endless":false,"potions_floor_spawned":[1,5,7,13,19,20],"killed_by":"Book of Stabbing","ascension_level":0}}