{"host":"l84l8xigz5v5foa2","time":1611643378,"event":{"mods":["2.2 Compatiblity","AchievementEnabler","BaseMod","Better Note","Better Vampires","Card Filter","Colored Map","DeckTracker","Downfall","Gremlin Skip","Highlight Path","Keyboard Shortcuts","Minty Spire (QoL Compilation)","Permanent Neow","Quick Restart","Relic Filter","Relic Stats","StSLib","SuperFastMode","Transform Curses","Unknown Chances"],"gold_per_floor":[99,116,133,133,150,150,150,250,250,250,283,283,27,27,46,119,119,119,132,132,151,165,177,177,177,188,273,286,323,323,357,368,447,447,447,462,475,367,383,395,395,428,445,145,199,233,252,277,290,290,290,321,71,71,71,71],"floor_reached":57,"language":"ENG","playtime":4895,"items_purged":["hexamod:Strike","hexamod:Strike"],"score":2312,"play_id":"777bddd2-7e1f-46f1-b8bc-f148dd68221e","local_time":"20210126154258","is_ascension_mode":true,"campfire_choices":[{"data":"hexamod:Float","floor":1.0,"key":"SMITH"},{"data":"hexamod:GhostOfSpirePast","floor":6.0,"key":"SMITH"},{"data":"hexamod:HeatMetal","floor":9.0,"key":"SMITH"},{"data":"hexamod:FastForward","floor":12.0,"key":"SMITH"},{"data":"hexamod:EmpoweredFlame","floor":18.0,"key":"SMITH"},{"data":"hexamod:Rewind","floor":25.0,"key":"SMITH"},{"floor":35.0,"key":"RECALL"},{"data":"hexamod:Strike+1","floor":44.0,"key":"PURGE"},{"data":"hexamod:RainOfEmbers","floor":54,"key":"SMITH"}],"circlet_count":0,"master_deck":["AscendersBane","hexamod:Defend+1","hexamod:Sear+1","hexamod:Float+1","Sadistic Nature+1","hexamod:FastForward+1","hexamod:GhostOfSpirePast+1","hexamod:HeatMetal+1","hexamod:AdvancingGuard+1","hexamod:NecessarySacrifice+1","hexamod:HauntingEcho+1","hexamod:EmpoweredFlame+1","hexamod:SpectersWail+1","hexamod:ChargedBarrage+1","hexamod:ApocalypseNow+1","hexamod:GhostShield+1","hexamod:Rewind+1","hexamod:Hexaguard+1","hexamod:CatchUp+1","hexamod:SixthSeal","hexamod:ApocalypseNow+1","hexamod:SwordOfDarkness+1","hexamod:Rewind+1","hexamod:FourthSeal","hexamod:StepThrough+1","hexamod:AdvancingGuard+1","hexamod:GiftsFromTheDead+1","hexamod:InspiringFlames+1","hexamod:WildfireWeapon+1","hexamod:ThermalTransfer+1","hexamod:RainOfEmbers+1","hexamod:HexaLevel+1","hexamod:GhostOfSpirePast+1","hexamod:HeatShield+1","hexamod:TimeWarp+1","hexamod:PhantomCloak+1","hexamod:RainOfEmbers+1"],"relics":["hexamod:SpiritBrand","White Beast Statue","Pantograph","Nunchaku","expansioncontent:StudyCardRelic","Bird Faced Urn","hexamod:TheBrokenSeal","hexamod:CandleOfCauterizing","Peace Pipe","Empty Cage","Medical Kit","Centennial Puzzle","downfall:HeartBlessingRed","downfall:HeartBlessingGreen","downfall:HeartBlessingBlue","Calipers","sneckomod:BlankCard","Torii","Sundial","Membership Card"],"acts_visited":["Exordium","TheCity","TheBeyond","TheEnding"],"potions_floor_usage":[52,56,56],"damage_taken":[{"damage":0.0,"enemies":"Small Slimes","floor":2.0,"turns":3.0},{"damage":4.0,"enemies":"2 Louse","floor":3.0,"turns":2.0},{"damage":0.0,"enemies":"Cultist","floor":5.0,"turns":3.0},{"damage":15.0,"enemies":"downfall:Heads","floor":8.0,"turns":4.0},{"damage":6.0,"enemies":"Gremlin Nob","floor":11.0,"turns":3.0},{"damage":0.0,"enemies":"downfall:FleeingMerchant","floor":13.0,"turns":4.0},{"damage":8.0,"enemies":"Blue Slaver","floor":15.0,"turns":4.0},{"damage":37.0,"enemies":"WA_ARCHETYPE_RETAIN","floor":16.0,"turns":8.0},{"damage":13.0,"enemies":"Spheric Guardian","floor":19.0,"turns":5.0},{"damage":3.0,"enemies":"Snecko","floor":21.0,"turns":4.0},{"damage":6.0,"enemies":"3 Cultists","floor":22.0,"turns":5.0},{"damage":51.0,"enemies":"Cultist and Chosen","floor":23.0,"turns":6.0},{"damage":14.0,"enemies":"Sentry and Sphere","floor":26.0,"turns":5.0},{"damage":7.0,"enemies":"Centurion and Healer","floor":28.0,"turns":5.0},{"damage":93.0,"enemies":"Gremlin Leader","floor":29.0,"turns":6.0},{"damage":0.0,"enemies":"Slavers","floor":31.0,"turns":2.0},{"damage":0.0,"enemies":"Chosen and Byrds","floor":32.0,"turns":3.0},{"damage":12.0,"enemies":"SI_MIRROR_ARCHETYPE","floor":33.0,"turns":8.0},{"damage":0.0,"enemies":"Orb Walker","floor":36.0,"turns":2.0},{"damage":13.0,"enemies":"3 Darklings","floor":37.0,"turns":6.0},{"damage":0.0,"enemies":"downfall:FleeingMerchant","floor":38.0,"turns":3.0},{"damage":19.0,"enemies":"Jaw Worm Horde","floor":39.0,"turns":4.0},{"damage":27.0,"enemies":"Sphere and 2 Shapes","floor":40.0,"turns":5.0},{"damage":5.0,"enemies":"Nemesis","floor":42.0,"turns":5.0},{"damage":2.0,"enemies":"Spire Growth","floor":43.0,"turns":5.0},{"damage":9.0,"enemies":"2 Orb Walkers","floor":45.0,"turns":2.0},{"damage":51.0,"enemies":"Reptomancer","floor":46.0,"turns":5.0},{"damage":0.0,"enemies":"3 Darklings","floor":47.0,"turns":4.0},{"damage":8.0,"enemies":"3 Darklings","floor":48.0,"turns":3.0},{"damage":0.0,"enemies":"Jaw Worm Horde","floor":49.0,"turns":3.0},{"damage":35.0,"enemies":"IC_BLOCK_ARCHETYPE","floor":50.0,"turns":8.0},{"damage":20,"enemies":"downfall:CharBossMerchant","floor":52,"turns":5},{"damage":0,"enemies":"downfall:NeowBoss","floor":55,"turns":10},{"damage":14,"enemies":"downfall:NeowBossFinal","floor":56,"turns":8}],"seed_played":"-8719079292125460006","potions_obtained":[{"floor":8.0,"key":"champ:CounterPotion"},{"floor":11.0,"key":"Explosive Potion"},{"floor":13.0,"key":"ColorlessPotion"},{"floor":15.0,"key":"AttackPotion"},{"floor":16.0,"key":"Explosive Potion"},{"floor":19.0,"key":"AttackPotion"},{"floor":21.0,"key":"champ:CounterPotion"},{"floor":22.0,"key":"Ancient Potion"},{"floor":23.0,"key":"SkillPotion"},{"floor":23.0,"key":"Ancient Potion"},{"floor":26.0,"key":"Fruit Juice"},{"floor":26.0,"key":"DistilledChaos"},{"floor":28.0,"key":"DuplicationPotion"},{"floor":29.0,"key":"Swift Potion"},{"floor":31.0,"key":"Fruit Juice"},{"floor":31.0,"key":"Swift Potion"},{"floor":32.0,"key":"SkillPotion"},{"floor":32.0,"key":"BlessingOfTheForge"},{"floor":33.0,"key":"Slimebound:ThreeZeroPotion"},{"floor":33.0,"key":"LiquidMemories"},{"floor":36.0,"key":"Swift Potion"},{"floor":37.0,"key":"Fruit Juice"},{"floor":37.0,"key":"hexamod:EctoCoolerPotion"},{"floor":38.0,"key":"hexamod:DoubleChargePotion"},{"floor":38.0,"key":"FearPotion"},{"floor":39.0,"key":"Fire Potion"},{"floor":40.0,"key":"CultistPotion"},{"floor":46.0,"key":"EntropicBrew"},{"floor":47.0,"key":"Fruit Juice"},{"floor":47.0,"key":"BlessingOfTheForge"},{"floor":48.0,"key":"Regen Potion"},{"floor":52,"key":"FairyPotion"}],"is_trial":false,"path_per_floor":["R","M","M","?","M","R","T","?","R","?","E","R","$","?","M","B",null,"R","M","?","M","M","M","T","R","M","?","M","E","?","E","M","B",null,"R","M","M","$","M","M","T","E","M","R","?","E","M","?","M","B",null,"E","$","R","B","B",null],"character_chosen":"THE_SPIRIT","items_purchased":["Nunchaku","hexamod:HexaLevel","Medical Kit","Membership Card","DuplicationPotion","hexamod:RainOfEmbers"],"campfire_rested":0,"item_purchase_floors":[13,38,38,53,53,53],"current_hp_per_floor":[57,57,53,53,53,53,53,38,38,38,32,32,32,37,29,17,51,51,38,38,35,36,27,27,27,45,17,41,27,27,44,56,80,82,82,82,80,87,76,69,69,84,87,97,90,58,79,96,102,77,96,95,95,95,102,94],"gold":71,"neow_bonus":"RANDOM_COLORLESS_2","is_daily":false,"chose_seed":false,"campfire_upgraded":7,"win_rate":0.0,"timestamp":1611643378,"path_taken":["R","M","M","?","M","R","T","?","R","?","E","R","$","?","M","BOSS","R","M","?","M","M","?","T","R","M","?","M","E","?","E","M","BOSS","R","M","M","$","M","M","T","E","M","R","?","E","M","?","M","BOSS","E","$","R","BOSS","BOSS"],"items_purchased_type":["Relic","Card","Relic","Relic","Potion","Card"],"build_version":"2020-12-22","purchased_purges":2,"victory":true,"max_hp_per_floor":[57,57,57,57,57,57,57,57,57,57,57,57,57,62,62,62,62,62,62,62,62,62,62,62,62,67,67,67,77,77,82,82,82,82,82,82,87,87,87,87,87,87,87,97,97,97,102,102,102,102,102,102,102,102,102,102],"relic_stats":{"Peace Pipe":1,"Nunchaku":[20],"Centennial Puzzle":[21],"Torii":0,"counters":[34,158],"Sundial":[2],"Pantograph":80,"Bird Faced Urn":[246],"Medical Kit":[0],"obtain_stats":[{"hexamod:CandleOfCauterizing":29,"Calipers":45,"downfall:HeartBlessingRed":44,"Torii":48,"sneckomod:BlankCard":46,"hexamod:TheBrokenSeal":29,"downfall:HeartBlessingGreen":44,"expansioncontent:StudyCardRelic":17,"Empty Cage":34,"Medical Kit":38,"White Beast Statue":7,"Peace Pipe":31,"Nunchaku":13,"Centennial Puzzle":42,"downfall:HeartBlessingBlue":44,"Sundial":52,"Pantograph":11,"Bird Faced Urn":24,"Membership Card":53,"hexamod:SpiritBrand":0},{"hexamod:CandleOfCauterizing":15,"Calipers":26,"downfall:HeartBlessingRed":25,"Torii":29,"sneckomod:BlankCard":27,"hexamod:TheBrokenSeal":15,"downfall:HeartBlessingGreen":25,"expansioncontent:StudyCardRelic":8,"Empty Cage":18,"Medical Kit":21,"White Beast Statue":3,"Peace Pipe":16,"Nunchaku":6,"Centennial Puzzle":24,"downfall:HeartBlessingBlue":25,"Sundial":32,"Pantograph":5,"Bird Faced Urn":12,"Membership Card":32,"hexamod:SpiritBrand":0},{"hexamod:CandleOfCauterizing":67,"Calipers":112,"downfall:HeartBlessingRed":110,"Torii":124,"sneckomod:BlankCard":117,"hexamod:TheBrokenSeal":66,"downfall:HeartBlessingGreen":110,"expansioncontent:StudyCardRelic":31,"Empty Cage":80,"Medical Kit":91,"White Beast Statue":8,"Peace Pipe":69,"Nunchaku":19,"Centennial Puzzle":105,"downfall:HeartBlessingBlue":110,"Sundial":140,"Pantograph":15,"Bird Faced Urn":51,"Membership Card":140,"hexamod:SpiritBrand":0}]},"card_choices":[{"not_picked":["Magnetism","Violence"],"picked":"Sadistic Nature","floor":0.0},{"not_picked":["hexamod:NightmareGuise","hexamod:SpectralSpark"],"picked":"hexamod:FastForward","floor":2.0},{"not_picked":["hexamod:HeatMetal","hexamod:Hexaguard"],"picked":"hexamod:ThirdSeal","floor":3.0},{"not_picked":["hexamod:NightmareGuise","hexamod:HeatMetal"],"picked":"hexamod:GhostOfSpirePast","floor":5.0},{"not_picked":["hexamod:FlamesFromBeyond","hexamod:ChargedBarrage"],"picked":"hexamod:HeatMetal","floor":5.0},{"not_picked":["hexamod:GhostLash","hexamod:BurningTouch"],"picked":"hexamod:NecessarySacrifice","floor":8.0},{"not_picked":["hexamod:FourthSeal","hexamod:AdvancingGuard"],"picked":"hexamod:HauntingEcho","floor":11.0},{"not_picked":["hexamod:BacktrackSmack","hexamod:SwordOfDarkness","hexamod:GhostflameInferno"],"picked":"SKIP","floor":11.0},{"not_picked":["hexamod:FirstSeal","hexamod:BacktrackSmack"],"picked":"hexamod:EmpoweredFlame","floor":13.0},{"not_picked":["hexamod:CatchUp","hexamod:BacktrackSmack","hexamod:HeatCrush"],"picked":"SKIP","floor":13.0},{"not_picked":["hexamod:Hexaguard","hexamod:NightmareStrike"],"picked":"hexamod:SpectersWail","floor":15.0},{"not_picked":["hexamod:RecurringNightmare","hexamod:PhantomFireball"],"picked":"hexamod:ChargedBarrage","floor":15.0},{"not_picked":["hexamod:HexaLevel","hexamod:SearingWound"],"picked":"hexamod:ApocalypseNow","floor":16.0},{"not_picked":["hexamod:HexaLevel","hexamod:WildfireWeapon"],"picked":"hexamod:FifthSeal","floor":16.0},{"not_picked":["hexamod:ThirdSeal","hexamod:FirstSeal"],"picked":"hexamod:SixthSeal","floor":19.0},{"not_picked":["hexamod:PowerFromBeyond","hexamod:ShieldOfDarkness"],"picked":"hexamod:GhostShield","floor":19.0},{"not_picked":["hexamod:ShieldOfDarkness","hexamod:HeatShield","hexamod:HeatCrush"],"picked":"SKIP","floor":19.0},{"not_picked":["hexamod:RadiantFlame","hexamod:GhostShield"],"picked":"hexamod:Rewind","floor":21.0},{"not_picked":["hexamod:ThirdSeal","hexamod:FourthSeal"],"picked":"hexamod:FirstSeal","floor":21.0},{"not_picked":["hexamod:FlamesFromBeyond","hexamod:ShieldOfDarkness","hexamod:Hexaguard"],"picked":"SKIP","floor":21.0},{"not_picked":["hexamod:FlamesFromBeyond","hexamod:ShieldOfDarkness"],"picked":"hexamod:Hexaguard","floor":21.0},{"not_picked":["hexamod:HauntingEcho","hexamod:GhostShield"],"picked":"hexamod:CatchUp+1","floor":22.0},{"not_picked":["hexamod:ThirdSeal","hexamod:SecondSeal"],"picked":"hexamod:FourthSeal","floor":22.0},{"not_picked":["hexamod:BacktrackSmack+1","hexamod:FastForward","hexamod:GhostLash"],"picked":"SKIP","floor":22.0},{"not_picked":["hexamod:FirstSeal","hexamod:ThirdSeal"],"picked":"hexamod:SixthSeal","floor":23.0},{"not_picked":["hexamod:ShieldOfDarkness","hexamod:Hexaguard"],"picked":"hexamod:ApocalypseNow","floor":23.0},{"not_picked":["hexamod:HeatMetal","hexamod:ShieldOfDarkness"],"picked":"hexamod:SwordOfDarkness","floor":23.0},{"not_picked":["hexamod:GhostflameBarrier","hexamod:GhostOfSpireFuture"],"picked":"hexamod:Rewind+1","floor":26.0},{"not_picked":["hexamod:FirstSeal","hexamod:ThirdSeal"],"picked":"hexamod:FourthSeal","floor":26.0},{"not_picked":["hexamod:GhostLash","hexamod:HeatMetal"],"picked":"hexamod:SecondSeal","floor":28.0},{"not_picked":["hexamod:ThermalTransfer","hexamod:FastForward"],"picked":"hexamod:StepThrough","floor":28.0},{"not_picked":["hexamod:FirstSeal","hexamod:SixthSeal","hexamod:FourthSeal"],"picked":"SKIP","floor":28.0},{"not_picked":["hexamod:SuperheatedStrike","hexamod:Rewind"],"picked":"hexamod:AdvancingGuard","floor":29.0},{"not_picked":["hexamod:BurningTouch","hexamod:GhostShield","hexamod:SoulSteal+1"],"picked":"SKIP","floor":29.0},{"not_picked":["hexamod:HauntingEcho+1","hexamod:Again+1"],"picked":"hexamod:GiftsFromTheDead","floor":31.0},{"not_picked":["hexamod:SpectersWail","hexamod:Hexaguard"],"picked":"hexamod:InspiringFlames","floor":32.0},{"not_picked":["hexamod:SixthSeal","hexamod:ApocalypseNow"],"picked":"hexamod:WildfireWeapon","floor":33.0},{"not_picked":["hexamod:InspiringFlames","hexamod:NightmareGuise","hexamod:FastForward+1"],"picked":"SKIP","floor":36.0},{"not_picked":["hexamod:HauntingEcho+1","hexamod:HeatMetal"],"picked":"hexamod:ThermalTransfer+1","floor":37.0},{"not_picked":["hexamod:ApocalypseNow","hexamod:Again"],"picked":"hexamod:RainOfEmbers+1","floor":38.0},{"not_picked":["hexamod:BacktrackSmack","hexamod:AdvancingGuard+1","hexamod:SpectersWail"],"picked":"SKIP","floor":39.0},{"not_picked":["hexamod:SwordOfDarkness","hexamod:FlamesFromBeyond"],"picked":"hexamod:GhostOfSpirePast+1","floor":40.0},{"not_picked":["hexamod:HeatCrush","hexamod:BurningTouch"],"picked":"hexamod:HeatShield","floor":42.0},{"not_picked":["hexamod:HeatMetal","hexamod:ChargedBarrage","hexamod:SpectralSpark"],"picked":"SKIP","floor":43.0},{"not_picked":["hexamod:SwordOfDarkness","hexamod:HeatMetal","hexamod:HeatCrush"],"picked":"SKIP","floor":46.0},{"not_picked":["hexamod:SpectersWail","hexamod:AdvancingGuard"],"picked":"hexamod:TimeWarp","floor":47.0},{"not_picked":["hexamod:GhostOfSpireFuture","hexamod:SwordOfDarkness","hexamod:PhantomCloak"],"picked":"SKIP","floor":49.0},{"not_picked":["hexamod:GhostOfSpireFuture","hexamod:SwordOfDarkness"],"picked":"hexamod:PhantomCloak","floor":49.0},{"not_picked":["hexamod:HeatMetal","hexamod:CatchUp","hexamod:Again"],"picked":"SKIP","floor":52}],"player_experience":3410572,"relics_obtained":[{"floor":7.0,"key":"White Beast Statue"},{"floor":11.0,"key":"Pantograph"},{"floor":24.0,"key":"Bird Faced Urn"},{"floor":29.0,"key":"hexamod:CandleOfCauterizing"},{"floor":31.0,"key":"Peace Pipe"},{"floor":42.0,"key":"Centennial Puzzle"},{"floor":45.0,"key":"Calipers"},{"floor":46.0,"key":"sneckomod:BlankCard"},{"floor":48.0,"key":"Torii"},{"floor":52,"key":"Sundial"}],"event_choices":[{"damage_healed":0.0,"max_hp_gain":5.0,"max_hp_loss":0.0,"gold_gain":0.0,"event_name":"Big Fish","player_choice":"Donut","floor":14.0,"gold_loss":0.0,"damage_taken":0.0},{"damage_healed":0.0,"max_hp_gain":0.0,"max_hp_loss":0.0,"gold_gain":0.0,"event_name":"Mysterious Sphere","player_choice":"Fight","floor":45.0,"gold_loss":0.0,"damage_taken":0.0}],"is_beta":false,"boss_relics":[{"not_picked":["Cursed Key","Busted Crown"],"picked":"expansioncontent:StudyCardRelic"},{"not_picked":["Sozu","Calling Bell"],"picked":"Empty Cage"}],"items_purged_floors":[13,38],"is_endless":false,"potions_floor_spawned":[8,11,13,15,16,19,21,22,23,26,28,29,31,32,33,36,37,38,39,40,42,43,45,46,47,48,49,52],"ascension_level":20}}