{"host":"fortuna","time":1611678882,"event":{"mods":["Act Like it!","Arknights The Spire","BaseMod","Downfall","Gensokyo","Hallownest","Minty Spire (QoL Compilation)","Reimu£®≤©¿ˆ¡È√Œ£©","Relic Stats","StSLib","The Administrix","Waifu the Spire","WarShipGirlsR/’ΩΩ¢…Ÿ≈ÆR mod"],"gold_per_floor":[16,16,33,33,33,33,66,66,66,79,79,114,134,59,59,154,154,171,188,5,5,5,39,58,109,109,109,133,145,203,234,246,357,369,415,130,206,222,266,294,294,326,326,353,353,343,83,114,114,114,114,114,29,56,56,56],"floor_reached":55,"language":"ZHS","playtime":4194,"items_purged":["Hallownest:curseDreamersLament","rmod:spoils+1"],"score":1039,"play_id":"50e73765-ce43-4696-948b-ea27ce750a48","local_time":"20210127003442","is_ascension_mode":true,"campfire_choices":[{"data":"rmod:basicallowance","floor":6.0,"key":"SMITH"},{"data":"rmod:expeditionaryescort","floor":8.0,"key":"SMITH"},{"data":"rmod:maingunfire","floor":11.0,"key":"SMITH"},{"data":"rmod:royalracing","floor":15.0,"key":"SMITH"},{"data":"rmod:spoils","floor":29.0,"key":"SMITH"},{"data":"rmod:supportaircraftcarrier","floor":32,"key":"SMITH"},{"data":"Hallownest:skillGreenpathMap","floor":41,"key":"SMITH"},{"floor":45,"key":"REST"},{"floor":49,"key":"RECALL"},{"data":"Mayhem","floor":52,"key":"SMITH"}],"circlet_count":0,"master_deck":["rmod:strick","rmod:strick","rmod:strick","rmod:strick","rmod:defend","rmod:defend","rmod:defend+1","rmod:defend","rmod:basicallowance+1","rmod:maingunfire+1","rmod:sl","rmod:firesupport","rmod:expeditionaryescort+1","rmod:overbreakdown","rmod:royalracing+1","rmod:diaomin","Hallownest:skillGreenpathMap+1","rmod:firesupport+1","rmod:aluminumsupply+1","rmod:acesubmarine","rmod:supportaircraftcarrier+1","rmod:concentratefire","rmod:luckystar","rmod:lonelyqueen+1","rmod:abidefaith","rmod:ammunitionsupply+1","rmod:expedition","rmod:capitalist","rmod:gendarmerie+1","rmod:lonelyqueen","rmod:intelligenceanalysis+1","Mayhem+1","rmod:aggressivemary","Apotheosis"],"relics":["rmod:firstchargereward","Lizard Tail","Dream Catcher","Question Card","Sozu","Membership Card","Hallownest:WatcherSealRelic","Strawberry","Ginger","Vajra","MawBank","Turnip","rmod:monthlycard","Boot","Pantograph","Dead Branch","Juzu Bracelet","StrikeDummy","Darkstone Periapt","Regal Pillow","rmod:extraamm","PreservedInsect","Blue Candle"],"acts_visited":["Hallownest:Greenpath","Hallownest:CityofTears","Hallownest:KingdomsEdge","TheEnding"],"potions_floor_usage":[33],"damage_taken":[{"damage":4.0,"enemies":"Hallownest:monsterHuskGuard","floor":1.0,"turns":4.0},{"damage":0.0,"enemies":"Hallownest:monsterHuskWarrior","floor":3.0,"turns":3.0},{"damage":0.0,"enemies":"Hallownest:eliteCrystalGuardian","floor":7.0,"turns":5.0},{"damage":0.0,"enemies":"Hallownest:2_Baldur","floor":10.0,"turns":3.0},{"damage":5.0,"enemies":"Hallownest:eliteMossKnight","floor":12.0,"turns":8.0},{"damage":0.0,"enemies":"Hallownest:2_Tiktiks_1_Baldur_1_Crawlid","floor":13.0,"turns":4.0},{"damage":10.0,"enemies":"Hallownest:BossBrokenVessel","floor":16.0,"turns":7.0},{"damage":0.0,"enemies":"Hallownest:2_Mistakes","floor":18.0,"turns":4.0},{"damage":0.0,"enemies":"Hallownest:3_Youths","floor":19.0,"turns":4.0},{"damage":18.0,"enemies":"Hallownest:eliteWatcherKnight","floor":23.0,"turns":8.0},{"damage":1.0,"enemies":"Hallownest:Master_and_Novice","floor":24.0,"turns":2.0},{"damage":4.0,"enemies":"Hallownest:Nosk","floor":25.0,"turns":7.0},{"damage":0.0,"enemies":"Hallownest:2_Husk_Sentries","floor":28.0,"turns":3.0},{"damage":14,"enemies":"Hallownest:eliteWatcherKnight","floor":30,"turns":9},{"damage":6,"enemies":"Hallownest:monsterShrumalOgre","floor":31,"turns":4},{"damage":33,"enemies":"Hallownest:BossMantisLord","floor":33,"turns":6},{"damage":26,"enemies":"Hallownest:Shield_Heavy","floor":35,"turns":5},{"damage":54,"enemies":"Hallownest:2_Primals","floor":37,"turns":5},{"damage":3,"enemies":"Hallownest:2_Littles","floor":38,"turns":3},{"damage":5,"enemies":"Hallownest:monsterPrimalAspid","floor":39,"turns":7},{"damage":0,"enemies":"Hallownest:StalkingDevout","floor":40,"turns":5},{"damage":0,"enemies":"Hallownest:eliteCollector","floor":42,"turns":7},{"damage":3,"enemies":"Hallownest:StalkingDevout","floor":44,"turns":5},{"damage":5,"enemies":"Hallownest:eliteCollector","floor":48,"turns":7},{"damage":30,"enemies":"Hallownest:BossGreyPrinceZote","floor":50,"turns":8},{"damage":29,"enemies":"Shield and Spear","floor":54,"turns":4},{"damage":79,"enemies":"The Heart","floor":55,"turns":6}],"seed_played":"-1435487253060996878","potions_obtained":[{"floor":1.0,"key":"Swift Potion"},{"floor":10.0,"key":"Guardian:BlockOnCardUsePotion"}],"is_trial":false,"path_per_floor":["M","?","M","$","?","R","E","R","T","M","R","E","M","?","R","B",null,"M","M","$","?","$","E","M","E","T","?","M","R","E","M","R","B",null,"M","$","?","M","M","E","R","E","T","E","R","?","$","E","R","B",null,"R","$","E","B"],"character_chosen":"PRAEFECT","items_purchased":["Membership Card","rmod:acesubmarine","rmod:expedition","Boot","Pantograph","rmod:capitalist","rmod:extraamm","Mayhem","rmod:aggressivemary","Apotheosis"],"campfire_rested":1,"item_purchase_floors":[20,20,36,36,36,36,47,47,47,53],"current_hp_per_floor":[71,61,61,61,61,61,61,61,61,61,61,56,56,56,56,46,75,75,75,75,75,75,64,63,59,59,59,59,59,45,39,39,6,82,56,56,2,41,36,36,36,36,36,33,72,72,72,67,67,52,82,82,82,53,0,0],"gold":56,"neow_bonus":"ONE_RARE_RELIC","is_daily":false,"chose_seed":false,"campfire_upgraded":8,"win_rate":0.0,"timestamp":1611678882,"path_taken":["M","?","M","?","?","R","E","R","T","?","R","E","M","?","R","BOSS","M","M","?","?","$","E","M","E","T","?","M","R","E","?","R","BOSS","M","$","?","M","?","E","R","E","T","E","R","?","$","E","R","BOSS","R","$","E","BOSS"],"items_purchased_type":["Relic","Card","Card","Relic","Relic","Card","Relic","Card","Card","Card"],"build_version":"2020-12-18","purchased_purges":2,"victory":false,"max_hp_per_floor":[75,75,75,75,75,75,75,75,75,75,75,75,75,75,75,75,75,75,75,75,75,75,82,82,82,82,82,82,82,82,82,82,82,82,82,82,82,82,82,82,82,82,82,82,82,82,82,82,82,82,82,82,82,82,82,82],"relic_stats":{"Darkstone Periapt":0,"Regal Pillow":15,"counters":[27,143],"Dead Branch":[38],"Blue Candle":[0],"PreservedInsect":68,"Juzu Bracelet":0,"Ginger":[701],"Question Card":21,"MawBank":108,"Boot":[33],"Sozu":8,"Lizard Tail":41,"Dream Catcher":1,"Pantograph":40,"Turnip":[697],"obtain_stats":[{"Darkstone Periapt":43,"Regal Pillow":44,"rmod:extraamm":47,"Dead Branch":37,"Blue Candle":54,"Vajra":26,"PreservedInsect":48,"Juzu Bracelet":40,"Ginger":25,"Question Card":12,"MawBank":27,"Boot":36,"Sozu":17,"Lizard Tail":0,"Dream Catcher":7,"Hallownest:WatcherSealRelic":21,"Strawberry":23,"Pantograph":36,"Turnip":30,"rmod:firstchargereward":0,"Membership Card":20,"StrikeDummy":42,"rmod:monthlycard":34},{"Darkstone Periapt":22,"Regal Pillow":23,"rmod:extraamm":23,"Dead Branch":18,"Blue Candle":26,"Vajra":12,"PreservedInsect":24,"Juzu Bracelet":21,"Ginger":12,"Question Card":5,"MawBank":12,"Boot":17,"Sozu":7,"Lizard Tail":0,"Dream Catcher":3,"Hallownest:WatcherSealRelic":9,"Strawberry":10,"Pantograph":17,"Turnip":14,"rmod:firstchargereward":0,"Membership Card":9,"StrikeDummy":22,"rmod:monthlycard":16},{"Darkstone Periapt":113,"Regal Pillow":118,"rmod:extraamm":118,"Dead Branch":91,"Blue Candle":137,"Vajra":59,"PreservedInsect":125,"Juzu Bracelet":106,"Ginger":59,"Question Card":23,"MawBank":59,"Boot":86,"Sozu":34,"Lizard Tail":0,"Dream Catcher":12,"Hallownest:WatcherSealRelic":42,"Strawberry":50,"Pantograph":86,"Turnip":71,"rmod:firstchargereward":0,"Membership Card":42,"StrikeDummy":113,"rmod:monthlycard":81}]},"card_choices":[{"not_picked":["rmod:smokecover","rmod:supportescort"],"picked":"rmod:sl","floor":1.0},{"not_picked":["rmod:highspeedshooting","rmod:fuelsupply"],"picked":"rmod:firesupport","floor":3.0},{"not_picked":["rmod:heivgo","rmod:wolves"],"picked":"rmod:expeditionaryescort","floor":7.0},{"not_picked":["rmod:selfconfidence","rmod:tearstotiara"],"picked":"rmod:overbreakdown","floor":10.0},{"not_picked":["rmod:firesupport","rmod:intelligenceanalysis"],"picked":"rmod:royalracing","floor":12.0},{"not_picked":["rmod:unsinkable","rmod:luckystar","rmod:guardianhero"],"picked":"rmod:diaomin","floor":13.0},{"not_picked":["rmod:ammunitionsupply","rmod:supportescort","rmod:unsinkable"],"picked":"rmod:firesupport+1","floor":18.0},{"not_picked":["rmod:victimresponsibility+1","rmod:luckystar","rmod:aviationdawn"],"picked":"rmod:aluminumsupply+1","floor":19.0},{"not_picked":["rmod:luckystar","rmod:steelsupply","rmod:supportescort"],"picked":"rmod:spoils","floor":23.0},{"not_picked":["rmod:punchline","rmod:ammunitionsupply","rmod:firesupport"],"picked":"rmod:supportaircraftcarrier","floor":24.0},{"not_picked":["rmod:aluminumsupply+1","rmod:overbreakdown","rmod:smokecover","rmod:spoils"],"picked":"SKIP","floor":25.0},{"not_picked":["rmod:overbreakdown","rmod:supportescort+1","rmod:highspeedshooting"],"picked":"rmod:concentratefire","floor":28.0},{"not_picked":["rmod:circuitoustactics","rmod:supportescort","rmod:wolves"],"picked":"rmod:luckystar","floor":30},{"not_picked":["rmod:shuttlebombing","rmod:guardianhero","rmod:firesupport"],"picked":"rmod:lonelyqueen+1","floor":31},{"not_picked":["rmod:acesubmarine","rmod:auspiciousomen","rmod:u235"],"picked":"rmod:abidefaith","floor":33},{"not_picked":["rmod:maintain","rmod:selfconfidence+1","rmod:overbreakdown"],"picked":"rmod:ammunitionsupply+1","floor":35},{"not_picked":["rmod:unsinkable","rmod:aluminumsupply+1","rmod:ammunitionsupply"],"picked":"rmod:gendarmerie+1","floor":37},{"not_picked":["rmod:highspeedshooting+1","rmod:salvage+1","rmod:overbreakdown+1"],"picked":"rmod:lonelyqueen","floor":38},{"not_picked":["rmod:wife+1","rmod:fuelsupply+1","rmod:firesupport","rmod:chargemoney"],"picked":"SKIP","floor":39},{"not_picked":["rmod:wife","rmod:stealaluminum","rmod:tearstotiara","rmod:aluminumsupply"],"picked":"SKIP","floor":40},{"not_picked":["rmod:supportescort","rmod:selfconfidence","rmod:aluminumsupply","rmod:circuitoustactics+1"],"picked":"SKIP","floor":42},{"not_picked":["rmod:luckystar+1","rmod:salvage","rmod:firesupport+1"],"picked":"rmod:intelligenceanalysis+1","floor":44},{"not_picked":["rmod:aviationdawn+1","rmod:expedition+1","rmod:fuelsupply","rmod:unsinkable+1"],"picked":"SKIP","floor":48},{"not_picked":["rmod:circuitoustactics","rmod:highspeedshooting","rmod:aluminumsupply","rmod:aviationdawn+1"],"picked":"SKIP","floor":54}],"player_experience":273652,"relics_obtained":[{"floor":7.0,"key":"Dream Catcher"},{"floor":12.0,"key":"Question Card"},{"floor":23.0,"key":"Strawberry"},{"floor":25.0,"key":"Ginger"},{"floor":26.0,"key":"Vajra"},{"floor":30,"key":"Turnip"},{"floor":37,"key":"Dead Branch"},{"floor":40,"key":"Juzu Bracelet"},{"floor":42,"key":"StrikeDummy"},{"floor":43,"key":"Darkstone Periapt"},{"floor":44,"key":"Regal Pillow"},{"floor":48,"key":"PreservedInsect"},{"floor":54,"key":"Blue Candle"}],"event_choices":[],"is_beta":true,"boss_relics":[{"not_picked":["Coffee Dripper","Busted Crown"],"picked":"Sozu"},{"not_picked":["Black Star","bronze:MakeshiftBattery"],"picked":"rmod:monthlycard"}],"items_purged_floors":[36,47],"is_endless":false,"potions_floor_spawned":[1,10,18,19,24,30,31,38,39,40],"killed_by":"The Heart","ascension_level":4}}