{"host":"ydg0vn0pu4pubmdt","time":1611692249,"event":{"mods":["AchievementEnabler","BaseMod","Colored Map","Gold Saver","Minty Spire (QoL Compilation)","Quick Restart","SuperFastMode"],"gold_per_floor":[113,132,132,132,142,142,162,185,260,270,270,301,321,339,339,339,339],"floor_reached":16,"language":"KOR","playtime":303,"items_purged":[],"score":104,"play_id":"3908e704-e022-467d-bee1-52b6bd23e22f","local_time":"20210127051729","is_ascension_mode":false,"campfire_choices":[{"data":"Eruption","floor":6.0,"key":"SMITH"},{"floor":15,"key":"REST"}],"circlet_count":0,"master_deck":["Strike_P","Strike_P","Strike_P","Defend_P","Defend_P","Defend_P","Defend_P","Eruption+1","Vigilance","SignatureMove+1","CrushJoints","LessonLearned"],"relics":["Philosopher\u0027s Stone"],"acts_visited":["Exordium"],"potions_floor_usage":[16],"damage_taken":[{"damage":12.0,"enemies":"Jaw Worm","floor":1.0,"turns":4.0},{"damage":0.0,"enemies":"Small Slimes","floor":2.0,"turns":3.0},{"damage":7.0,"enemies":"2 Louse","floor":5.0,"turns":3.0},{"damage":1.0,"enemies":"Looter","floor":7.0,"turns":4.0},{"damage":9.0,"enemies":"The Mushroom Lair","floor":8.0,"turns":5.0},{"damage":4.0,"enemies":"Exordium Thugs","floor":10.0,"turns":2.0},{"damage":9,"enemies":"Lagavulin","floor":12,"turns":5},{"damage":0,"enemies":"Blue Slaver","floor":13,"turns":3},{"damage":15,"enemies":"3 Louse","floor":14,"turns":4},{"damage":40,"enemies":"The Guardian","floor":16,"turns":4}],"seed_played":"7258069017929307976","potions_obtained":[{"floor":1.0,"key":"BottledMiracle"},{"floor":7.0,"key":"Explosive Potion"},{"floor":8.0,"key":"LiquidBronze"},{"floor":12,"key":"LiquidMemories"}],"is_trial":false,"path_per_floor":["M","M","?","?","M","R","M","?","T","M","?","E","M","M","R","B"],"character_chosen":"WATCHER","items_purchased":[],"campfire_rested":1,"item_purchase_floors":[],"current_hp_per_floor":[60,60,53,58,51,51,50,41,41,37,37,28,28,13,36,0,0],"gold":339,"neow_bonus":"BOSS_RELIC","is_daily":false,"chose_seed":false,"campfire_upgraded":1,"win_rate":0.0,"timestamp":1611692249,"path_taken":["M","M","?","?","M","R","?","?","T","M","?","E","M","?","R","BOSS"],"items_purchased_type":[],"build_version":"2020-12-22","purchased_purges":0,"victory":false,"max_hp_per_floor":[72,72,72,77,77,77,77,77,77,77,77,77,77,77,77,77,77],"card_choices":[{"not_picked":["WaveOfTheHand","Prostrate","Consecrate"],"picked":"SKIP","floor":1.0},{"not_picked":["ThirdEye","JustLucky","CutThroughFate"],"picked":"SKIP","floor":2.0},{"not_picked":["Nirvana","PathToVictory","SashWhip"],"picked":"SKIP","floor":5.0},{"not_picked":["BowlingBash","DeceiveReality"],"picked":"SignatureMove","floor":7.0},{"not_picked":["FlyingSleeves","SashWhip"],"picked":"CrushJoints","floor":8.0},{"not_picked":["CutThroughFate","JustLucky","Study"],"picked":"SKIP","floor":10.0},{"not_picked":["FlurryOfBlows","WindmillStrike"],"picked":"LessonLearned","floor":12},{"not_picked":["Protect","CutThroughFate","EmptyMind"],"picked":"SKIP","floor":13},{"not_picked":["ThirdEye","JustLucky","SignatureMove"],"picked":"SKIP","floor":14}],"player_experience":596811,"relics_obtained":[],"event_choices":[{"cards_removed":["Strike_P"],"damage_healed":0.0,"max_hp_gain":0.0,"max_hp_loss":0.0,"gold_gain":0.0,"event_name":"Golden Wing","player_choice":"Card Removal","floor":3.0,"gold_loss":0.0,"damage_taken":7.0},{"damage_healed":0.0,"max_hp_gain":5.0,"max_hp_loss":0.0,"gold_gain":0.0,"event_name":"Big Fish","player_choice":"Donut","floor":4.0,"gold_loss":0.0,"damage_taken":0.0},{"damage_healed":0.0,"max_hp_gain":0.0,"max_hp_loss":0.0,"gold_gain":0.0,"event_name":"Mushrooms","player_choice":"Fought Mushrooms","floor":8.0,"gold_loss":0.0,"damage_taken":0.0},{"damage_healed":0,"gold_gain":0,"player_choice":"Searched \u00270\u0027 times","damage_taken":0,"max_hp_gain":0,"max_hp_loss":0,"event_name":"Dead Adventurer","floor":11,"gold_loss":0}],"is_beta":false,"boss_relics":[],"items_purged_floors":[],"is_endless":false,"potions_floor_spawned":[1,7,8,12,13],"killed_by":"The Guardian","ascension_level":0}}