{"host":"lzzv50t0ea3gz1kk","time":1611675811,"event":{"mods":["ATMod(°¢èªMod)","Act Like it!","Aspiration","BaseMod","Colored Powertips","Conspire","Downfall","Gensokyo","Hallownest","Hermit","Marisa£¨ìFÓê¡¡Ä§ÀíÉ³£©","Minty Spire (QoL Compilation)","Robot Space Explorer","StSLib","The Saiyan"],"gold_per_floor":[0,14,26,11,11,0,0,18,3,3,3,3],"floor_reached":10,"language":"ZHS","playtime":813,"items_purged":[],"score":56,"play_id":"b953811d-6a38-4a72-8393-5013277c08b3","local_time":"20210126234331","is_ascension_mode":false,"campfire_choices":[{"data":"AT_Dispersion","floor":1,"key":"SMITH"}],"circlet_count":0,"master_deck":["Slimebound:Strike_Slimebound","Slimebound:Strike_Slimebound","Slimebound:Tackle","Slimebound:Defend_Slimebound","Slimebound:Defend_Slimebound","Slimebound:Defend_Slimebound","Slimebound:Split","Slimebound:CorrosiveSpit","AT_Dispersion+1","Slimebound:TongueLash","Slimebound:Chomp","Slimebound:Dissolve","Slimebound:Schlurp","Slimebound:Gluttony"],"relics":["Slimebound:AbsorbEndCombat","AT_ATBox","aspiration:BabyByrd","Gremlin Horn"],"acts_visited":["Exordium"],"potions_floor_usage":[10],"damage_taken":[{"damage":1,"enemies":"2 Louse","floor":2,"turns":3},{"damage":10,"enemies":"Small Slimes","floor":3,"turns":5},{"damage":3,"enemies":"downfall:FleeingMerchant","floor":4,"turns":4},{"damage":3,"enemies":"downfall:FleeingMerchant","floor":6,"turns":4},{"damage":2,"enemies":"conspire:RoseBush","floor":8,"turns":4},{"damage":10,"enemies":"downfall:FleeingMerchant","floor":9,"turns":4},{"damage":69,"enemies":"Gremlin Nob","floor":10,"turns":4}],"seed_played":"5172138573055852850","potions_obtained":[{"floor":3,"key":"LiquidMemories"}],"is_trial":false,"path_per_floor":["R","M","M","$","?","$","T","M","$","E"],"character_chosen":"SLIMEBOUND","items_purchased":[],"campfire_rested":0,"item_purchase_floors":[],"current_hp_per_floor":[65,65,61,62,62,62,62,64,59,0,0,0],"gold":3,"neow_bonus":"REMOVE_TWO","is_daily":false,"chose_seed":false,"campfire_upgraded":1,"win_rate":0.0,"timestamp":1611675811,"path_taken":["R","M","M","$","?","$","T","M","$","E"],"items_purchased_type":[],"build_version":"2020-12-22","purchased_purges":0,"victory":false,"max_hp_per_floor":[65,65,65,65,65,65,65,65,65,65,65,65],"card_choices":[{"not_picked":["Slimebound:SplitBruiser","Slimebound:GoopSpray"],"picked":"Slimebound:TongueLash","floor":2},{"not_picked":["Slimebound:GoopSpray","Slimebound:DivideAndConquer","Slimebound:SlimeBrawl"],"picked":"SKIP","floor":3},{"not_picked":["Slimebound:SplitLeeching","Slimebound:PressTheAttack"],"picked":"Slimebound:Chomp","floor":4},{"not_picked":["Slimebound:SelfFormingGoo","Slimebound:LivingWall"],"picked":"Slimebound:Dissolve","floor":6},{"not_picked":["Slimebound:Repurpose","Slimebound:GoopTackle"],"picked":"Slimebound:Schlurp","floor":8},{"not_picked":["Slimebound:LeechLife","Slimebound:TongueLash"],"picked":"Slimebound:Gluttony","floor":9}],"player_experience":422508,"relics_obtained":[{"floor":7,"key":"Gremlin Horn"}],"event_choices":[],"is_beta":false,"boss_relics":[],"items_purged_floors":[],"is_endless":false,"potions_floor_spawned":[3],"killed_by":"Gremlin Nob","ascension_level":0}}