{"host":"p7j7o00jacnw7qzt","time":1611634315,"event":{"mods":["BaseMod","Colored Map","Colored Powertips","DeckTracker","Highlight Path","Minty Spire (QoL Compilation)","Relic Stats"],"gold_per_floor":[111,111,111,123,135,182,207,219,231,243,273,285,341,372,384,396,396],"floor_reached":16,"language":"ZHS","playtime":330,"items_purged":[],"score":266,"play_id":"d32b9242-7769-47d2-ab27-fefc852897fe","local_time":"20210125231155","is_ascension_mode":true,"campfire_choices":[{"data":"1","floor":8.0,"key":"LIFT"},{"data":"2","floor":10.0,"key":"LIFT"},{"data":"3","floor":15,"key":"LIFT"}],"circlet_count":0,"master_deck":["AscendersBane","Strike_G","Strike_G","Strike_G","Strike_G","Strike_G","Defend_G","Defend_G","Defend_G","Defend_G","Defend_G","Survivor","Neutralize","Calculated Gamble","Tactician"],"relics":["Ring of the Snake","NeowsBlessing","Golden Idol","MawBank","White Beast Statue","Girya","Pear","Bird Faced Urn"],"acts_visited":["Exordium"],"potions_floor_usage":[13,13,16],"damage_taken":[{"damage":0.0,"enemies":"Jaw Worm","floor":1.0,"turns":1.0},{"damage":0.0,"enemies":"Lagavulin","floor":6.0,"turns":1.0},{"damage":0.0,"enemies":"Small Slimes","floor":7.0,"turns":1.0},{"damage":0.0,"enemies":"Cultist","floor":11.0,"turns":3.0},{"damage":6,"enemies":"Gremlin Nob","floor":13,"turns":4},{"damage":7,"enemies":"Large Slime","floor":14,"turns":5},{"damage":38,"enemies":"Slime Boss","floor":16,"turns":3}],"seed_played":"-387765521013685983","potions_obtained":[{"floor":6.0,"key":"FearPotion"},{"floor":7.0,"key":"GhostInAJar"},{"floor":11.0,"key":"CunningPotion"},{"floor":13,"key":"SkillPotion"},{"floor":14,"key":"Dexterity Potion"}],"is_trial":false,"path_per_floor":["M","?","?","T","$","E","M","R","T","R","M","?","E","M","R","B"],"character_chosen":"THE_SILENT","items_purchased":[],"campfire_rested":0,"item_purchase_floors":[],"current_hp_per_floor":[59,59,33,33,33,33,33,33,43,43,43,43,37,30,30,0,0],"gold":396,"neow_bonus":"THREE_ENEMY_KILL","is_daily":false,"chose_seed":false,"campfire_upgraded":0,"win_rate":0.0,"timestamp":1611634315,"path_taken":["M","?","?","?","$","E","M","R","T","R","?","?","E","M","R","BOSS"],"items_purchased_type":[],"build_version":"2020-12-22","purchased_purges":0,"victory":false,"max_hp_per_floor":[66,60,60,60,60,60,60,60,70,70,70,70,70,70,70,70,70],"relic_stats":{"counters":[7,18],"Golden Idol":27,"Bird Faced Urn":[0],"MawBank":156,"obtain_stats":[{"Girya":6,"Pear":9,"NeowsBlessing":0,"Golden Idol":2,"Bird Faced Urn":13,"MawBank":3,"White Beast Statue":4,"Ring of the Snake":0},{"Girya":2,"Pear":3,"NeowsBlessing":0,"Golden Idol":1,"Bird Faced Urn":5,"MawBank":1,"White Beast Statue":1,"Ring of the Snake":0},{"Girya":2,"Pear":3,"NeowsBlessing":0,"Golden Idol":1,"Bird Faced Urn":10,"MawBank":1,"White Beast Statue":1,"Ring of the Snake":0}],"Ring of the Snake":[14]},"card_choices":[{"not_picked":["PiercingWail","Outmaneuver","Choke"],"picked":"SKIP","floor":1.0},{"not_picked":["Escape Plan","Slice"],"picked":"Calculated Gamble","floor":6.0},{"not_picked":["Backflip","Calculated Gamble","Dagger Throw"],"picked":"SKIP","floor":7.0},{"not_picked":["Bane","Escape Plan"],"picked":"Tactician","floor":11.0},{"not_picked":["Eviscerate","Poisoned Stab","Storm of Steel"],"picked":"SKIP","floor":13},{"not_picked":["Setup","Backflip","Flying Knee"],"picked":"SKIP","floor":14}],"player_experience":1042913,"relics_obtained":[{"floor":4.0,"key":"White Beast Statue"},{"floor":6.0,"key":"Girya"},{"floor":9.0,"key":"Pear"},{"floor":13,"key":"Bird Faced Urn"}],"event_choices":[{"damage_healed":0.0,"max_hp_gain":0.0,"max_hp_loss":6.0,"gold_gain":0.0,"event_name":"Golden Idol","player_choice":"Lose Max HP","floor":2.0,"gold_loss":0.0,"damage_taken":0.0,"relics_obtained":["Golden Idol"]},{"damage_healed":0.0,"max_hp_gain":0.0,"max_hp_loss":0.0,"gold_gain":0.0,"event_name":"Scrap Ooze","player_choice":"Success","floor":3.0,"gold_loss":0.0,"damage_taken":26.0,"relics_obtained":["MawBank"]},{"damage_healed":0.0,"max_hp_gain":0.0,"max_hp_loss":0.0,"gold_gain":0.0,"event_name":"Shining Light","player_choice":"Ignored","floor":12.0,"gold_loss":0.0,"damage_taken":0.0}],"is_beta":false,"boss_relics":[],"items_purged_floors":[],"is_endless":false,"potions_floor_spawned":[6,7,11,13,14],"killed_by":"Slime Boss","ascension_level":20}}