{"host":"o5lch9xvacbb0fa4","time":1611683630,"event":{"mods":["AchievementEnabler","Act Like it!","Aspiration","Bard","BaseMod","Better Altar","Better Match","Better Note","Better Sensory Stone","Better Skull","Better Third Choice","Better Vampires","BetterRewards","CCEM","Colored Map","Conspire","Downfall","GifTheSpireLib","Googly Eyes","GungeonMod","Halation","Hermit","Highlight Path","Hubris","Infinite Spire","Jedi Mod","Jorbs\u0027s Wanderer Trilogy","Marisa????????","Marked Mod","Mimic Mod","Minty Spire (QoL Compilation)","Permanent Neow","Relic Filter","Relic Sorter","Relic Stats","Replay The Spire","Shade Mod","Shop Mod","Small Relic Pack","StSLib","Stuff the Spire","The Administrix","The Blackbeard","The Runesmith","Unceasing Turn Reminder","everything is the same but u backflip on backflip","slay the spire mod where everything is the same but ironclad has a cowboy hat"],"gold_per_floor":[129,129,54,54,109,109,156,195,275,275,42,99,99,158,158,283,283,302,302,43,43,68,68,100,138,138,217,277,318,318,356,356,356,356],"floor_reached":33,"playtime":1353,"items_purged":["Strike_R"],"score":445,"play_id":"42f1abd2-d96f-406e-9aad-8a6e277d40ff","local_time":"20210127015350","is_ascension_mode":true,"campfire_choices":[{"floor":6.0,"key":"REST"},{"data":"HandOfGreed","floor":10.0,"key":"SMITH"},{"data":"infinitespire:Starlight","floor":13.0,"key":"SMITH"},{"floor":15.0,"key":"REST"},{"data":"Armaments","floor":23.0,"key":"SMITH"},{"data":"hubris:DuctTapeCard","floor":32,"key":"SMITH"}],"circlet_count":0,"master_deck":["Strike_R","Strike_R","Strike_R","Strike_R","Defend_R","Defend_R","Defend_R","Defend_R","Bash","ReplayReversal+1","Shrug It Off","HandOfGreed+1","Inflame+1","Hemokinesis","Armaments+1","Sword Boomerang+1","hermit:Cheat+1","hubris:DuctTapeCard+2","bard:Sift"],"relics":["Burning Blood","aspiration:Nostalgia","MiniHakkero","Juzu Bracelet","Replay:WaspNest","Frozen Egg 2","Potion Belt","CCEMRelics:JestersCrown","Gremlin Horn","halation:LostSnail","Pen Nib","Paper Frog","Ring of Chaos","DemoMod:VorpalBullet","CCEMRelics:WrappedPresent","DemoMod:NanoMachines","PrismaticShard","PreservedInsect","CCEMRelics:TinyMinotavrHorn","CCEMRelics:FryingPan","Red Mask","hubris:DuctTape","MutagenicStrength"],"acts_visited":["Exordium","TheCity"],"potions_floor_usage":[25,27,31],"damage_taken":[{"damage":8.0,"enemies":"Jaw Worm","floor":1.0,"turns":4.0},{"damage":5.0,"enemies":"Small Slimes","floor":5.0,"turns":7.0},{"damage":28.0,"enemies":"Lagavulin","floor":7.0,"turns":10.0},{"damage":0.0,"enemies":"Cultist","floor":8.0,"turns":4.0},{"damage":43.0,"enemies":"3 Sentries","floor":12.0,"turns":8.0},{"damage":21.0,"enemies":"Lagavulin","floor":14.0,"turns":6.0},{"damage":39.0,"enemies":"Hexaghost","floor":16.0,"turns":9.0},{"damage":20.0,"enemies":"Shell Parasite","floor":18.0,"turns":6.0},{"damage":90.0,"enemies":"Gremlin Leader","floor":24.0,"turns":4.0},{"damage":10,"enemies":"Chosen","floor":25,"turns":5},{"damage":12,"enemies":"Masked Bandits","floor":27,"turns":5},{"damage":7,"enemies":"Slavers","floor":28,"turns":2},{"damage":5,"enemies":"3 Cultists","floor":29,"turns":5},{"damage":7,"enemies":"Cultist and Chosen","floor":31,"turns":3},{"damage":116,"enemies":"Automaton","floor":33,"turns":12}],"seed_played":"-7914007741902635314","potions_obtained":[{"floor":7.0,"key":"Swift Potion"},{"floor":12.0,"key":"ElixirPotion"},{"floor":24.0,"key":"Swift Potion"},{"floor":25,"key":"PowerPotion"}],"is_trial":false,"path_per_floor":["M","?","?","$","M","R","E","M","T","R","$","E","R","E","R","B",null,"M","?","$","?","T","R","E","M","T","?","E","M","?","M","R","B"],"character_chosen":"IRONCLAD","items_purchased":["aspiration:Nostalgia","Juzu Bracelet","Replay:WaspNest","ReplayReversal+1","Shrug It Off","halation:LostSnail","Inflame+1","CCEMRelics:WrappedPresent"],"campfire_rested":2,"item_purchase_floors":[0,0,0,0,0,11,11,20],"current_hp_per_floor":[44,25,25,25,36,60,48,64,64,64,64,37,37,37,61,43,80,70,70,80,80,80,80,11,22,22,39,53,74,74,85,85,0,0],"gold":356,"neow_bonus":"","is_daily":false,"chose_seed":false,"campfire_upgraded":4,"win_rate":0.0,"timestamp":1611683630,"path_taken":["M","?","?","$","M","R","E","M","T","R","$","E","R","E","R","BOSS","M","?","$","?","?","R","E","M","T","?","E","M","?","M","R","BOSS"],"items_purchased_type":["Relic","Relic","Relic","Card","Card","Relic","Card","Relic"],"build_version":"2020-12-13","purchased_purges":1,"victory":false,"max_hp_per_floor":[80,80,80,80,80,80,80,80,80,80,80,80,80,80,80,80,80,80,80,85,85,85,85,85,85,85,85,85,85,85,85,85,85,85],"relic_stats":{"Gremlin Horn":[13,13],"counters":[61,322],"Pen Nib":[14],"PreservedInsect":84,"Juzu Bracelet":1,"obtain_stats":[{"DemoMod:BlueGuonStone":43,"Gremlin Horn":9,"Vajra":0,"DemoMod:GlassGuonStoneRelic":5,"relicPack:SpireResearchBook":17,"halation:HeavySnake":34,"DollysMirror":20,"CCEMRelics:D6":23,"DemoMod:ClearGuonStone":22,"hubris:DuctTape":28,"aspiration:Nostalgia":0,"ReplayTheSpireMod:Ring of Addiction":8,"Oddly Smooth Stone":25,"Pen Nib":40,"Ring of Chaos":17,"halation:Thesaurus":22,"OrangePellets":0,"MutagenicStrength":30,"DemoMod:NanoMachines":20,"ReplayTheSpireMod:TigerMarble":7,"MiniHakkero":0,"ReplayTheSpireMod:Ring of Exchange":8,"aspiration:Lifesprig":36,"CCEMRelics:WrappedPresent":20,"SacredBark":8,"Mango":7,"Painkiller Herb":34,"King of Hearts":14,"StuffTheSpire:GrapeVine":32,"Juzu Bracelet":0,"hubris:EmptyBottle":8,"PrismaticShard":21,"Burning Blood":0,"hubris:EvacipatedBox":25,"conspire:TopHat":28,"Red Mask":27,"Replay:Drink Me":22,"CCEMRelics:JestersCrown":7,"Paper Frog":14,"Potion Belt":3,"DemoMod:Armor":20,"Replay:Towering Pillar of Hats":22,"Replay:WaspNest":0,"PreservedInsect":22,"infinitespire:Lucky Rock":46,"hubris:Towel":29,"Frozen Egg 2":0,"halation:SelfBoilingWater":9,"Anchor":42,"CCEMRelics:FryingPan":26,"StuffTheSpire:CocoNut":26,"ChewingGum":17,"CCEMRelics:TinyMinotavrHorn":24,"Bag of Marbles":26,"halation:AfternoonTea":9,"halation:LostSnail":11,"DemoMod:VorpalBullet":19},{"DemoMod:BlueGuonStone":43,"Gremlin Horn":50,"Vajra":21,"DemoMod:GlassGuonStoneRelic":4,"relicPack:SpireResearchBook":10,"halation:HeavySnake":18,"DollysMirror":30,"CCEMRelics:D6":32,"DemoMod:ClearGuonStone":13,"hubris:DuctTape":58,"aspiration:Nostalgia":46,"ReplayTheSpireMod:Ring of Addiction":5,"Oddly Smooth Stone":33,"Pen Nib":42,"Ring of Chaos":53,"halation:Thesaurus":13,"OrangePellets":21,"MutagenicStrength":59,"DemoMod:NanoMachines":54,"ReplayTheSpireMod:TigerMarble":5,"MiniHakkero":46,"ReplayTheSpireMod:Ring of Exchange":5,"aspiration:Lifesprig":19,"CCEMRelics:WrappedPresent":54,"SacredBark":5,"Mango":25,"Painkiller Herb":37,"King of Hearts":28,"StuffTheSpire:GrapeVine":36,"Juzu Bracelet":46,"hubris:EmptyBottle":5,"PrismaticShard":54,"Burning Blood":0,"hubris:EvacipatedBox":33,"conspire:TopHat":35,"Red Mask":57,"Replay:Drink Me":13,"CCEMRelics:JestersCrown":49,"Paper Frog":52,"Potion Belt":47,"DemoMod:Armor":54,"Replay:Towering Pillar of Hats":31,"Replay:WaspNest":46,"PreservedInsect":54,"infinitespire:Lucky Rock":44,"hubris:Towel":35,"Frozen Egg 2":46,"halation:SelfBoilingWater":25,"Anchor":43,"CCEMRelics:FryingPan":56,"StuffTheSpire:CocoNut":15,"ChewingGum":29,"CCEMRelics:TinyMinotavrHorn":55,"Bag of Marbles":33,"halation:AfternoonTea":6,"halation:LostSnail":50,"DemoMod:VorpalBullet":54},{"DemoMod:BlueGuonStone":214,"Gremlin Horn":257,"Vajra":118,"DemoMod:GlassGuonStoneRelic":14,"relicPack:SpireResearchBook":58,"halation:HeavySnake":105,"DollysMirror":166,"CCEMRelics:D6":177,"DemoMod:ClearGuonStone":76,"hubris:DuctTape":302,"aspiration:Nostalgia":232,"ReplayTheSpireMod:Ring of Addiction":18,"Oddly Smooth Stone":179,"Pen Nib":211,"Ring of Chaos":280,"halation:Thesaurus":76,"OrangePellets":118,"MutagenicStrength":307,"DemoMod:NanoMachines":286,"ReplayTheSpireMod:TigerMarble":18,"MiniHakkero":232,"ReplayTheSpireMod:Ring of Exchange":18,"aspiration:Lifesprig":110,"CCEMRelics:WrappedPresent":286,"SacredBark":18,"Mango":133,"Painkiller Herb":197,"King of Hearts":150,"StuffTheSpire:GrapeVine":189,"Juzu Bracelet":232,"hubris:EmptyBottle":18,"PrismaticShard":286,"Burning Blood":0,"hubris:EvacipatedBox":179,"conspire:TopHat":186,"Red Mask":300,"Replay:Drink Me":76,"CCEMRelics:JestersCrown":253,"Paper Frog":271,"Potion Belt":236,"DemoMod:Armor":286,"Replay:Towering Pillar of Hats":173,"Replay:WaspNest":232,"PreservedInsect":286,"infinitespire:Lucky Rock":219,"hubris:Towel":186,"Frozen Egg 2":232,"halation:SelfBoilingWater":133,"Anchor":214,"CCEMRelics:FryingPan":295,"StuffTheSpire:CocoNut":90,"ChewingGum":162,"CCEMRelics:TinyMinotavrHorn":290,"Bag of Marbles":179,"halation:AfternoonTea":31,"halation:LostSnail":257,"DemoMod:VorpalBullet":286}],"Burning Blood":338},"card_choices":[{"not_picked":["Twin Strike","Heavy Blade","ReplayReversal"],"picked":"SKIP","floor":1.0},{"not_picked":["infinitespire:SealOfDarkness+","infinitespire:FutureSight"],"picked":"infinitespire:Starlight","floor":2.0},{"not_picked":["Anger","StuffTheSpire:Incineration","Eclipse"],"picked":"SKIP","floor":5.0},{"not_picked":["Rampage","conspire:Charge","Clash"],"picked":"SKIP","floor":7.0},{"not_picked":["Thunderclap","Heavy Blade","infinitespire:OneForAll"],"picked":"SKIP","floor":8.0},{"not_picked":["Run Through","jedi:fear"],"picked":"Hemokinesis","floor":12.0},{"not_picked":["Corruption+1","Heavy Blade","Thunderclap"],"picked":"SKIP","floor":14.0},{"not_picked":["StuffTheSpire:RagingBull","Thunderclap"],"picked":"Armaments","floor":18.0},{"not_picked":["ReplayTheSpireMod:Limb From Limb","Thunderclap+1"],"picked":"Sword Boomerang+1","floor":21.0},{"not_picked":["champ:VampiricStrike","bard:CuttingWords+1","InnerPeace"],"picked":"SKIP","floor":24.0},{"not_picked":["jedi:BurstLightning","jedi:blockon"],"picked":"blackbeard:RemoveScurvy","floor":25},{"not_picked":["sneckomod:UnknownUncommonPower+1","Guardian:SphericShield"],"picked":"hermit:Cheat+1","floor":28},{"not_picked":["blackbeard:TacticalRetreat","Shrug It Off"],"picked":"bard:Sift","floor":29},{"not_picked":["Leap","hexamod:Hexaguard","hexamod:RadiantFlame+1"],"picked":"SKIP","floor":31}],"player_experience":14599,"relics_obtained":[{"floor":7.0,"key":"CCEMRelics:JestersCrown"},{"floor":9.0,"key":"Gremlin Horn"},{"floor":12.0,"key":"Pen Nib"},{"floor":14.0,"key":"Paper Frog"},{"floor":20.0,"key":"DemoMod:NanoMachines"},{"floor":21.0,"key":"PrismaticShard"},{"floor":22.0,"key":"PreservedInsect"},{"floor":24.0,"key":"CCEMRelics:TinyMinotavrHorn"},{"floor":26,"key":"CCEMRelics:FryingPan"},{"floor":27,"key":"Red Mask"},{"floor":28,"key":"hubris:DuctTape"}],"event_choices":[{"damage_healed":0.0,"max_hp_gain":0.0,"max_hp_loss":0.0,"gold_gain":0.0,"event_name":"WeMeetAgain","player_choice":"Paid Gold","floor":3.0,"gold_loss":75.0,"damage_taken":0.0,"relics_obtained":["Potion Belt"]},{"damage_healed":0,"gold_gain":0,"player_choice":"Fought Bandits","damage_taken":0,"max_hp_gain":0,"max_hp_loss":0,"event_name":"Masked Bandits","floor":27,"gold_loss":0},{"damage_healed":0,"gold_gain":0,"player_choice":"Inject Mutagens","damage_taken":0,"relics_obtained":["MutagenicStrength"],"max_hp_gain":0,"max_hp_loss":0,"event_name":"Drug Dealer","floor":30,"gold_loss":0}],"is_beta":false,"boss_relics":[{"not_picked":["Coffee Dripper","infinitespire:Cupcake"],"picked":"Ring of Chaos"}],"items_purged_floors":[11],"is_endless":false,"potions_floor_spawned":[7,12,24,25],"killed_by":"Automaton","ascension_level":1}}