{"host":"clf2hd4adhiiw0zf","time":1611633365,"event":{"mods":["AchievementEnabler","BaseMod","Beaked The Cultist","Bestiary","Dark Map","Downfall","Gremlin Mod","Hermit","Jorbs\u0027s Wanderer Trilogy","Marisa????????","Minty Spire (QoL Compilation)","Shop Mod","StSLib","The Cursed","The Servant 0.9.4","UnlockEverythingMod","Wide Potions"],"gold_per_floor":[99,109,284,284,297,328,374,28,48,48,66,83,103,114,131,226,226,126,142,75,93,0,0,24,37,37,37,56,41,58,58,72,72,72,72],"floor_reached":33,"language":"ENG","playtime":1459,"items_purged":["Doubt"],"score":278,"play_id":"aef309d6-ccb5-4df4-8fb5-21b00933f6f3","local_time":"20210125205605","is_ascension_mode":true,"campfire_choices":[{"floor":1,"key":"RECALL"},{"data":"Guardian:MultiBeam","floor":10,"key":"SMITH"},{"data":"Guardian:HyperBeam_Guardian","floor":18,"key":"SMITH"},{"data":"Guardian:Repulse","floor":23,"key":"SMITH"},{"data":"Guardian:SpikerProtocol","floor":26,"key":"SMITH"}],"circlet_count":0,"master_deck":["Guardian:Strike_Guardian","Guardian:Strike_Guardian","Guardian:Strike_Guardian","Guardian:Strike_Guardian","Guardian:Defend_Guardian","Guardian:Defend_Guardian","Guardian:Defend_Guardian","Guardian:Defend_Guardian","Guardian:CurlUp","Guardian:TwinSlam","Guardian:StasisStrike","Guardian:VentSteam","Guardian:ShieldSpikes","Guardian:Preprogram","Guardian:MultiBeam+1","Guardian:TemporalStrike","Guardian:SpikerProtocol+1","Guardian:HyperBeam_Guardian+1","Guardian:ArmoredProtocol","Guardian:Planning","Guardian:TimeSifter","Guardian:GuardianWhirl","Guardian:Repulse+1","Guardian:ChargeUp","Guardian:TemporalShield","Guardian:EvasiveProtocol+1","Guardian:Orbwalk","RitualDagger+1","Guardian:Gem_Crimson"],"relics":["Guardian:ModeShifter","Pantograph","Guardian:DefensiveModeMoreBlock","Membership Card","Ice Cream","bronze:MakeshiftBattery","downfall:HeartBlessingRed","Guardian:StasisUpgradeRelic","PreservedInsect"],"acts_visited":["Exordium","TheCity"],"potions_floor_usage":[16,16,33],"damage_taken":[{"damage":8,"enemies":"Jaw Worm","floor":2,"turns":4},{"damage":1,"enemies":"Cultist","floor":5,"turns":4},{"damage":26,"enemies":"Gremlin Nob","floor":6,"turns":5},{"damage":0,"enemies":"downfall:FleeingMerchant","floor":8,"turns":4},{"damage":0,"enemies":"Small Slimes","floor":9,"turns":2},{"damage":20,"enemies":"Exordium Wildlife","floor":11,"turns":6},{"damage":11,"enemies":"3 Louse","floor":12,"turns":3},{"damage":13,"enemies":"Large Slime","floor":13,"turns":5},{"damage":0,"enemies":"Exordium Wildlife","floor":14,"turns":2},{"damage":0,"enemies":"Lots of Slimes","floor":15,"turns":1},{"damage":11,"enemies":"SI_SHIV_ARCHETYPE","floor":16,"turns":8},{"damage":20,"enemies":"Chosen","floor":19,"turns":5},{"damage":0,"enemies":"downfall:FleeingMerchant","floor":20,"turns":4},{"damage":14,"enemies":"Shell Parasite","floor":21,"turns":4},{"damage":0,"enemies":"downfall:FleeingMerchant","floor":22,"turns":4},{"damage":9,"enemies":"Centurion and Healer","floor":25,"turns":2},{"damage":10,"enemies":"Shelled Parasite and Fungi","floor":28,"turns":3},{"damage":15,"enemies":"downfall:FleeingMerchant","floor":29,"turns":4},{"damage":14,"enemies":"Sentry and Sphere","floor":30,"turns":5},{"damage":10,"enemies":"Centurion and Healer","floor":32,"turns":7},{"damage":53,"enemies":"DF_ARCHETYPE_CLAW","floor":33,"turns":8}],"seed_played":"-2651074183075703039","potions_obtained":[{"floor":11,"key":"hexamod:SoulburnPotion"},{"floor":12,"key":"Block Potion"},{"floor":16,"key":"FairyPotion"},{"floor":21,"key":"bronze:BurnAndBuffPotion"},{"floor":25,"key":"sneckomod:MuddlingPotion"},{"floor":31,"key":"CultistPotion"}],"is_trial":false,"path_per_floor":["R","M","?","?","M","E","T","$","M","R","M","M","M","M","M","B",null,"R","M","$","M","$","R","T","M","R","?","M","$","M","?","M","B"],"character_chosen":"GUARDIAN","items_purchased":["Membership Card","Ice Cream","Guardian:Repulse","Guardian:ChargeUp","Guardian:StasisUpgradeRelic"],"campfire_rested":0,"item_purchase_floors":[8,8,20,20,22],"current_hp_per_floor":[80,72,72,77,76,50,50,50,50,50,30,19,6,6,6,20,85,85,65,65,51,51,51,51,42,42,42,32,17,3,3,25,0,0,0],"gold":72,"neow_bonus":"ONE_RANDOM_RARE_CARD","is_daily":false,"chose_seed":false,"campfire_upgraded":4,"win_rate":0.0,"timestamp":1611633365,"path_taken":["R","M","?","?","?","E","T","?","M","R","M","M","M","?","M","BOSS","R","M","?","M","$","R","T","M","R","?","M","?","M","?","M","BOSS"],"items_purchased_type":["Relic","Relic","Card","Card","Relic"],"build_version":"2020-12-22","purchased_purges":1,"victory":false,"max_hp_per_floor":[80,80,80,85,85,85,85,85,85,85,85,85,85,85,85,85,85,85,85,85,85,85,85,85,85,85,85,85,85,85,85,85,85,85,85],"card_choices":[{"not_picked":["Guardian:CrystalBeam","Guardian:Gem_Purple"],"picked":"Guardian:VentSteam","floor":2},{"not_picked":["Guardian:Reroute","Guardian:Gem_Cyan"],"picked":"Guardian:ShieldSpikes","floor":5},{"not_picked":["Guardian:BronzeArmor","Guardian:TemporalStrike"],"picked":"Guardian:Preprogram","floor":6},{"not_picked":["Guardian:Gem_Green","Guardian:ShieldSpikes"],"picked":"Guardian:MultiBeam","floor":8},{"not_picked":["Guardian:Repulse","Guardian:MultiBeam"],"picked":"Guardian:TemporalStrike","floor":9},{"not_picked":["Guardian:Planning","Guardian:Gem_Green"],"picked":"Guardian:Gem_Red","floor":11},{"not_picked":["Guardian:VentSteam","Guardian:Gem_Fragmented"],"picked":"Guardian:SpikerProtocol","floor":12},{"not_picked":["Guardian:RefractedBeam","Guardian:PrismaticBarrier"],"picked":"Guardian:HyperBeam_Guardian","floor":13},{"not_picked":["Guardian:FuturePlans","Guardian:PrismaticBeam"],"picked":"Guardian:ArmoredProtocol","floor":14},{"not_picked":["Guardian:PrimingBeam","Guardian:Incinerate"],"picked":"Guardian:Planning","floor":15},{"not_picked":["Guardian:Gem_Orange","Guardian:StasisStrike"],"picked":"Guardian:TimeSifter","floor":16},{"not_picked":["Guardian:Incinerate","Guardian:ChargeCore"],"picked":"Guardian:GuardianWhirl","floor":19},{"not_picked":["Guardian:PrismaticBarrier","Guardian:RefractedBeam","Guardian:Planning"],"picked":"SKIP","floor":20},{"not_picked":["Guardian:WalkerClaw","Guardian:Recover"],"picked":"Guardian:TemporalShield","floor":21},{"not_picked":["Guardian:VentSteam+1","Guardian:TemporalShield"],"picked":"Guardian:EvasiveProtocol+1","floor":22},{"not_picked":["Guardian:Repulse","Guardian:VentSteam","Guardian:Incinerate"],"picked":"SKIP","floor":25},{"not_picked":["Guardian:Incinerate","Guardian:Recover","Guardian:Repulse"],"picked":"SKIP","floor":28},{"not_picked":["Guardian:RollAttack","Guardian:WalkerClaw+1"],"picked":"Guardian:Orbwalk","floor":29},{"not_picked":["Guardian:Suspension","Guardian:Emergency","Guardian:VentSteam"],"picked":"SKIP","floor":30},{"not_picked":["Guardian:Emergency+1","Guardian:Planning"],"picked":"Guardian:Gem_Crimson","floor":32}],"player_experience":131744,"relics_obtained":[{"floor":6,"key":"Pantograph"},{"floor":7,"key":"Guardian:DefensiveModeMoreBlock"},{"floor":24,"key":"PreservedInsect"}],"event_choices":[{"damage_healed":0,"gold_gain":0,"player_choice":"Donut","damage_taken":0,"max_hp_gain":5,"max_hp_loss":0,"event_name":"Big Fish","floor":4,"gold_loss":0}],"is_beta":false,"boss_relics":[{"not_picked":["SacredBark","beaked:MawFillet"],"picked":"bronze:MakeshiftBattery"}],"items_purged_floors":[8],"is_endless":false,"potions_floor_spawned":[11,12,13,16,21,25],"killed_by":"DF_ARCHETYPE_CLAW","ascension_level":2}}