{"host":"s125e4bodcwm0i3t","time":1611640544,"event":{"mods":["BaseMod","Hermit","Infinite Spire","Minty Spire (QoL Compilation)","Quick Restart","Replay The Spire","StSLib","The Cursed"],"gold_per_floor":[110,125,125,140,73,73,27,27,53,53,53,53,145,176,176,276,276,290,290,309,221,221,254,266,266,348,365,365,376,376,389,389,490,490,504,524,540,556,556,568,568,12,12,24,44,44,0,18,18,18],"floor_reached":51,"language":"ENG","playtime":3345,"items_purged":["TheCursedMod:Defend_TheCursed","TheCursedMod:Defend_TheCursed"],"score":901,"play_id":"d29349d1-7839-4610-8d8f-5b802da836a9","local_time":"20210126005544","is_ascension_mode":true,"campfire_choices":[{"data":"TheCursedMod:AntiAging","floor":6,"key":"SMITH"},{"data":"TheCursedMod:BlessingInDisguise","floor":8,"key":"SMITH"},{"data":"TheCursedMod:CleanUpWorkshop","floor":10,"key":"SMITH"},{"floor":15,"key":"REST"},{"floor":28,"key":"REST"},{"data":"TheCursedMod:HellfireBreathing","floor":30,"key":"SMITH"},{"data":"TheCursedMod:HellfireBreathing","floor":41,"key":"SMITH"},{"data":"TheCursedMod:NeowsMight","floor":46,"key":"SMITH"},{"data":"infinitespire:TheBestDefense","floor":49,"key":"SMITH"}],"circlet_count":0,"master_deck":["TheCursedMod:Strike_TheCursed","TheCursedMod:Defend_TheCursed","TheCursedMod:CursedWand+1","TheCursedMod:CleanUpWorkshop+1","TheCursedMod:Dregs","TheCursedMod:AntiAging+1","TheCursedMod:HellfireBreathing+1","TheCursedMod:LuckyCharm","TheCursedMod:BlessingInDisguise+1","TheCursedMod:LuckyCharm+1","TheCursedMod:CursedBlade","ReplayTheSpireMod:IOU","ReplayTheSpireMod:IOU","TheCursedMod:ReleasedKnowledge","TheCursedMod:LuckyCharm","ReplayTheSpireMod:IOU","TheCursedMod:Grudge","TheCursedMod:HellfireBreathing+1","TheCursedMod:ForbiddenAlchemy","TheCursedMod:CircleOfWindfury+1","TheCursedMod:HellfireBreathing+1","TheCursedMod:Obscuration","infinitespire:TheBestDefense+1","infinitespire:Punishment+1","ReplayTheSpireMod:IOU","ReplayTheSpireMod:Uncanny Aura","TheCursedMod:Wield","TheCursedMod:CursedAmulet","TheCursedMod:SpitefulStrike","Necronomicurse","TheCursedMod:SurpriseAttack","TheCursedMod:SpitefulStrike+1","TheCursedMod:CursedShiv","Hallucinations","hermit:Covet","TheCursedMod:NeowsMight+1","Swift Strike","infinitespire:Gouge","TheCursedMod:CursedSpellbook","TheCursedMod:SpitefulStrike+1","TheCursedMod:CircleOfBlood","TheCursedMod:SurpriseAttack","TheCursedMod:SoulReap+1"],"relics":["TheCursedMod:BlackMagic101","Replay:Wax Seal","BargainBundle","TheCursedMod:MagicCandle","Astrolabe","Iron Hammer","Necronomicon","StrikeDummy","ReplayTheSpireMod:SealedPack","Replay:Kaleidoscope","infinitespire:BottledMercury","Replay:Bottled Snecko","Red Mask"],"acts_visited":["Exordium","TheCity","TheBeyond"],"potions_floor_usage":[20,20,20,20,24,24,24,24,24,27,36,37,40,50,50,50,50,50],"damage_taken":[{"damage":1,"enemies":"Cultist","floor":1,"turns":4},{"damage":5,"enemies":"Small Slimes","floor":2,"turns":5},{"damage":7,"enemies":"2 Louse","floor":4,"turns":5},{"damage":25,"enemies":"3 Sentries","floor":14,"turns":7},{"damage":28,"enemies":"Slime Boss","floor":16,"turns":9},{"damage":12,"enemies":"Shell Parasite","floor":18,"turns":8},{"damage":1,"enemies":"2 Thieves","floor":20,"turns":4},{"damage":6,"enemies":"Replay:Snechameleon","floor":23,"turns":7},{"damage":21,"enemies":"Cultist and Chosen","floor":24,"turns":6},{"damage":6,"enemies":"3 Cultists","floor":27,"turns":6},{"damage":0,"enemies":"Snecko","floor":29,"turns":2},{"damage":0,"enemies":"Snake Plant","floor":31,"turns":1},{"damage":2,"enemies":"Automaton","floor":33,"turns":7},{"damage":10,"enemies":"Orb Walker","floor":35,"turns":4},{"damage":18,"enemies":"3 Darklings","floor":36,"turns":3},{"damage":3,"enemies":"Writhing Mass","floor":37,"turns":2},{"damage":7,"enemies":"Jaw Worm Horde","floor":38,"turns":3},{"damage":0,"enemies":"Maw","floor":40,"turns":7},{"damage":0,"enemies":"Spire Growth","floor":44,"turns":2},{"damage":0,"enemies":"4 Shapes","floor":45,"turns":3},{"damage":2,"enemies":"Transient","floor":48,"turns":5},{"damage":27,"enemies":"Awakened One","floor":50,"turns":5}],"seed_played":"1964717675757600236","potions_obtained":[{"floor":2,"key":"Strength Potion"},{"floor":16,"key":"SpeedPotion"},{"floor":23,"key":"ColorlessPotion"},{"floor":27,"key":"SpeedPotion"},{"floor":35,"key":"SkillPotion"},{"floor":36,"key":"Adrenaline Potion"}],"is_trial":false,"path_per_floor":["M","M","?","M","$","R","$","R","T","R","?","?","$","E","R","B",null,"M","AVR","M","$","?","E","M","?","T","M","R","M","R","M","R","B",null,"M","M","M","M","?","M","R","$","T","M","M","R","?","M","R","B",null],"character_chosen":"THE_CURSED","items_purchased":["TheCursedMod:LuckyCharm","TheCursedMod:CursedBlade","BargainBundle","TheCursedMod:ReleasedKnowledge","TheCursedMod:LuckyCharm","TheCursedMod:Grudge","ReplayTheSpireMod:Uncanny Aura","Replay:Kaleidoscope","infinitespire:BottledMercury"],"campfire_rested":2,"item_purchase_floors":[5,7,13,13,13,13,21,42,42],"current_hp_per_floor":[74,71,71,66,66,66,66,66,66,66,66,50,50,28,52,24,82,73,73,72,72,72,66,45,29,29,23,48,48,48,48,73,74,88,78,60,57,50,50,61,61,61,61,61,65,65,65,70,70,70],"gold":18,"neow_bonus":"ONE_RANDOM_RARE_CARD","is_daily":false,"chose_seed":false,"campfire_upgraded":7,"win_rate":0.0,"timestamp":1611640544,"path_taken":["M","?","?","?","?","R","$","R","T","R","?","?","$","E","R","BOSS","M","AVR","M","$","?","E","M","?","T","M","R","M","R","M","R","BOSS","M","M","M","M","?","M","R","$","T","?","M","R","?","M","R","BOSS"],"items_purchased_type":["Card","Card","Relic","Card","Card","Card","Card","Relic","Relic"],"build_version":"2020-12-22","purchased_purges":2,"victory":true,"max_hp_per_floor":[75,77,77,79,79,79,79,79,79,79,79,79,79,82,82,82,82,85,85,85,85,85,85,85,85,85,85,85,85,85,85,85,88,88,88,88,88,88,88,91,91,91,91,91,91,91,91,94,94,97],"card_choices":[{"not_picked":["TheCursedMod:CircleOfAmplification","TheCursedMod:ManaBullet"],"picked":"TheCursedMod:HellfireBreathing","floor":1},{"not_picked":["TheCursedMod:CircleOfAmplification","TheCursedMod:Stretching"],"picked":"TheCursedMod:LuckyCharm","floor":2},{"not_picked":["TheCursedMod:SoulCrush","TheCursedMod:VitalStrike"],"picked":"TheCursedMod:BlessingInDisguise","floor":4},{"not_picked":["TheCursedMod:VitalStrike","TheCursedMod:UltimatePain"],"picked":"TheCursedMod:HellfireBreathing","floor":14},{"not_picked":["TheCursedMod:CollectTribute","TheCursedMod:UltimatePain"],"picked":"TheCursedMod:ForbiddenAlchemy","floor":16},{"not_picked":["TheCursedMod:Stretching+1","TheCursedMod:VitalStrike"],"picked":"TheCursedMod:Obscuration","floor":18},{"not_picked":["TheCursedMod:CircleOfFlame","TheCursedMod:ShockAndAwe","TheCursedMod:SoulCrush"],"picked":"SKIP","floor":20},{"not_picked":["TheCursedMod:SoulCrush","TheCursedMod:CursedMace"],"picked":"TheCursedMod:CursedAmulet","floor":23},{"not_picked":["TheCursedMod:FleshFromBone","TheCursedMod:Stretching"],"picked":"TheCursedMod:SpitefulStrike","floor":24},{"not_picked":["TheCursedMod:VitalStrike","TheCursedMod:CircleOfCorruption+1"],"picked":"TheCursedMod:SurpriseAttack","floor":27},{"not_picked":["TheCursedMod:CursedRelics","TheCursedMod:CircleOfBlood+1"],"picked":"TheCursedMod:SpitefulStrike+1","floor":29},{"not_picked":["TheCursedMod:SpreadPlague","TheCursedMod:RavingStaff"],"picked":"TheCursedMod:CursedShiv","floor":31},{"not_picked":["m_Survivalism","Eruption"],"picked":"hermit:Covet","floor":34},{"not_picked":["TheCursedMod:DemonicPact","TheCursedMod:CursedRelics"],"picked":"TheCursedMod:NeowsMight","floor":34},{"not_picked":["Survey Options","Replay:Parry"],"picked":"Swift Strike","floor":34},{"not_picked":["infinitespire:Execution","infinitespire:FinalStrike"],"picked":"infinitespire:Gouge","floor":34},{"not_picked":["TheCursedMod:WearCloak","TheCursedMod:RapidMovement+1","TheCursedMod:Wield+1"],"picked":"SKIP","floor":35},{"not_picked":["TheCursedMod:Evocation","TheCursedMod:Torture+1","TheCursedMod:RapidMovement"],"picked":"SKIP","floor":36},{"not_picked":["TheCursedMod:SmokeScreen","TheCursedMod:Evocation+1"],"picked":"TheCursedMod:CursedSpellbook","floor":37},{"not_picked":["TheCursedMod:SurpriseAttack","TheCursedMod:CircleOfCorruption"],"picked":"TheCursedMod:SpitefulStrike+1","floor":38},{"not_picked":["TheCursedMod:Wield","TheCursedMod:TroublousMinions+1","TheCursedMod:SurpriseAttack"],"picked":"SKIP","floor":40},{"not_picked":["TheCursedMod:RavingStaff+1","TheCursedMod:StunningStrike"],"picked":"TheCursedMod:SurpriseAttack","floor":44},{"not_picked":["TheCursedMod:Grudge","TheCursedMod:ReleasedKnowledge","TheCursedMod:SmokeScreen+1"],"picked":"SKIP","floor":45},{"not_picked":["TheCursedMod:SoulCrush","TheCursedMod:RapidMovement+1"],"picked":"TheCursedMod:SoulReap+1","floor":48}],"player_experience":281912,"relics_obtained":[{"floor":9,"key":"Replay:Wax Seal"},{"floor":14,"key":"TheCursedMod:MagicCandle"},{"floor":23,"key":"Iron Hammer"},{"floor":25,"key":"Necronomicon"},{"floor":26,"key":"StrikeDummy"},{"floor":43,"key":"Replay:Bottled Snecko"}],"event_choices":[{"cards_removed":["TheCursedMod:Defend_TheCursed"],"damage_healed":0,"gold_gain":0,"player_choice":"Offered Basic","damage_taken":0,"max_hp_gain":0,"max_hp_loss":0,"event_name":"Bonfire Elementals","floor":3,"gold_loss":0},{"damage_healed":0,"gold_gain":0,"player_choice":"Entered Light","damage_taken":16,"max_hp_gain":0,"max_hp_loss":0,"event_name":"Shining Light","floor":12,"gold_loss":0,"cards_upgraded":["TheCursedMod:CursedWand","TheCursedMod:LuckyCharm"]},{"damage_healed":0,"gold_gain":0,"player_choice":"Read","damage_taken":0,"max_hp_gain":0,"max_hp_loss":0,"event_name":"The Library","floor":22,"gold_loss":0,"cards_obtained":["TheCursedMod:Wield"]},{"damage_healed":0,"gold_gain":0,"player_choice":"Obtained Book","damage_taken":16,"max_hp_gain":0,"max_hp_loss":0,"event_name":"Cursed Tome","floor":25,"gold_loss":0},{"damage_healed":0,"gold_gain":0,"cards_transformed":["TheCursedMod:EmpowerCircles"],"player_choice":"Transformed","damage_taken":0,"max_hp_gain":0,"max_hp_loss":0,"event_name":"Transmorgrifier","floor":39,"gold_loss":0,"cards_obtained":["TheCursedMod:CircleOfBlood"]},{"damage_healed":0,"gold_gain":0,"player_choice":"Paid","damage_taken":0,"relics_obtained":["Red Mask"],"max_hp_gain":0,"max_hp_loss":0,"event_name":"Tomb of Lord Red Mask","floor":47,"gold_loss":44}],"is_beta":false,"boss_relics":[{"not_picked":["Empty Cage","Runic Dome"],"picked":"Astrolabe"},{"not_picked":["Tiny House","SlaversCollar"],"picked":"ReplayTheSpireMod:SealedPack"}],"items_purged_floors":[13,21],"is_endless":false,"potions_floor_spawned":[2,16,18,23,27,35,36,40,48],"ascension_level":1}}