{"host":"sav7uxregyirlf69","time":1611628201,"event":{"mods":["AchievementEnabler","BaseMod","Colored Map","DeckTracker","Keyboard Shortcuts","Minty Spire (QoL Compilation)","READ ME - Guardian Mod","StSLib","SuperFastMode"],"gold_per_floor":[364,379,391,391,407,407,407,422,448,66,82,82,82,101,101,175,175,194,206,219,219,219,219,231,231,231],"floor_reached":25,"language":"KOR","playtime":421,"items_purged":["Strike_R"],"score":394,"play_id":"21cb685f-944b-40c3-b201-bc4ee978bbbb","local_time":"20210126113001","is_ascension_mode":true,"campfire_choices":[{"data":"Body Slam","floor":6,"key":"SMITH"},{"floor":12,"key":"REST"},{"data":"Heavy Blade","floor":15,"key":"SMITH"},{"data":"Evolve","floor":23,"key":"SMITH"}],"circlet_count":0,"master_deck":["AscendersBane","Strike_R","Strike_R","Strike_R","Defend_R","Defend_R","Defend_R","Defend_R","Bash","Rupture+1","Body Slam+1","Feed","Uppercut","Hemokinesis","Shrug It Off","Combust","Sword Boomerang","Evolve+1","Heavy Blade+1","Demon Form","Sword Boomerang+1","Twin Strike"],"relics":["Burning Blood","Potion Belt","Philosopher\u0027s Stone","Molten Egg 2"],"acts_visited":["Exordium","TheCity"],"potions_floor_usage":[5,14,16,20,24],"damage_taken":[{"damage":9,"enemies":"Jaw Worm","floor":1,"turns":4},{"damage":3,"enemies":"2 Louse","floor":2,"turns":4},{"damage":12,"enemies":"Cultist","floor":3,"turns":4},{"damage":6,"enemies":"2 Fungi Beasts","floor":5,"turns":3},{"damage":28,"enemies":"Exordium Wildlife","floor":8,"turns":7},{"damage":39,"enemies":"Exordium Thugs","floor":11,"turns":4},{"damage":25,"enemies":"Large Slime","floor":14,"turns":7},{"damage":20,"enemies":"Hexaghost","floor":16,"turns":6},{"damage":28,"enemies":"Spheric Guardian","floor":18,"turns":4},{"damage":33,"enemies":"Chosen","floor":19,"turns":5},{"damage":31,"enemies":"3 Cultists","floor":20,"turns":4},{"damage":32,"enemies":"Chosen and Byrds","floor":24,"turns":5},{"damage":11,"enemies":"Book of Stabbing","floor":25,"turns":1}],"seed_played":"-5633312863903774764","potions_obtained":[{"floor":1,"key":"SteroidPotion"},{"floor":2,"key":"Explosive Potion"},{"floor":8,"key":"FairyPotion"},{"floor":11,"key":"PowerPotion"},{"floor":18,"key":"Weak Potion"},{"floor":20,"key":"Dexterity Potion"}],"is_trial":false,"path_per_floor":["M","M","M","?","M","R","?","M","T","$","M","R","?","M","R","B",null,"M","M","M","?","T","R","M","E"],"character_chosen":"IRONCLAD","items_purchased":["Hemokinesis","Shrug It Off","Combust","Block Potion","Sword Boomerang"],"campfire_rested":1,"item_purchase_floors":[10,10,10,10,10],"current_hp_per_floor":[65,68,62,62,65,65,70,51,51,51,21,45,45,29,29,15,68,46,22,33,33,33,33,7,0,0],"gold":231,"neow_bonus":"TWO_FIFTY_GOLD","is_daily":false,"chose_seed":false,"campfire_upgraded":3,"win_rate":0.0,"timestamp":1611628201,"path_taken":["M","M","M","?","M","R","?","M","T","$","M","R","?","M","R","BOSS","M","?","M","?","?","R","M","E"],"items_purchased_type":["Card","Card","Card","Potion","Card"],"build_version":"2020-12-22","purchased_purges":1,"victory":false,"max_hp_per_floor":[68,68,68,68,71,71,76,79,79,79,82,82,82,85,85,85,85,85,88,91,91,91,91,91,91,91],"card_choices":[{"not_picked":["Bloodletting","Perfected Strike"],"picked":"Rupture","floor":1},{"not_picked":["Havoc","Thunderclap","Warcry"],"picked":"SKIP","floor":2},{"not_picked":["Exhume","True Grit"],"picked":"Body Slam","floor":3},{"not_picked":["Flex","Clash","Body Slam"],"picked":"SKIP","floor":5},{"not_picked":["Iron Wave","True Grit"],"picked":"Uppercut","floor":8},{"not_picked":["Exhume","Clothesline"],"picked":"Evolve","floor":11},{"not_picked":["Body Slam","Dual Wield"],"picked":"Heavy Blade","floor":14},{"not_picked":["Limit Break","Juggernaut"],"picked":"Demon Form","floor":16},{"not_picked":["Pommel Strike+1","Clothesline"],"picked":"Sword Boomerang+1","floor":18},{"not_picked":["Hemokinesis","Body Slam","True Grit"],"picked":"SKIP","floor":19},{"not_picked":["Warcry","Spot Weakness"],"picked":"Twin Strike","floor":20},{"not_picked":["Twin Strike+1","Wild Strike+1","Combust"],"picked":"SKIP","floor":24}],"player_experience":1383917,"relics_obtained":[{"floor":9,"key":"Potion Belt"},{"floor":22,"key":"Molten Egg 2"}],"event_choices":[{"damage_healed":0,"gold_gain":0,"cards_transformed":["Strike_R"],"player_choice":"Change","damage_taken":0,"max_hp_gain":0,"max_hp_loss":0,"event_name":"Living Wall","floor":4,"gold_loss":0,"cards_obtained":["Feed"]},{"damage_healed":0,"gold_gain":0,"player_choice":"Donut","damage_taken":0,"max_hp_gain":5,"max_hp_loss":0,"event_name":"Big Fish","floor":7,"gold_loss":0},{"damage_healed":0,"gold_gain":0,"player_choice":"Upgraded","damage_taken":0,"max_hp_gain":0,"max_hp_loss":0,"event_name":"Upgrade Shrine","floor":13,"gold_loss":0,"cards_upgraded":["Rupture"]},{"damage_healed":0,"gold_gain":0,"player_choice":"Ignored","damage_taken":0,"max_hp_gain":0,"max_hp_loss":0,"event_name":"Cursed Tome","floor":21,"gold_loss":0}],"is_beta":false,"boss_relics":[{"not_picked":["Empty Cage","Ectoplasm"],"picked":"Philosopher\u0027s Stone"}],"items_purged_floors":[10],"is_endless":false,"potions_floor_spawned":[1,2,8,11,18,20],"killed_by":"Book of Stabbing","ascension_level":20}}