{"host":"f6w7z8zvb0mi4wy9","time":1611686886,"event":{"mods":["BaseMod","Colored Map","Minty Spire (QoL Compilation)","READ ME - Guardian Mod","StSLib","SuperFastMode","The Jungle"],"gold_per_floor":[111,130,80,80,94,119,135,155,181,192,192,211,211,232,232,356,356,329,0,0,0,25,25,25,25],"floor_reached":24,"language":"KOR","playtime":822,"items_purged":[],"score":287,"play_id":"2db7b695-1f21-4efc-bbda-f86e760a49f1","local_time":"20210127034806","is_ascension_mode":true,"campfire_choices":[{"data":"Zap","floor":11.0,"key":"SMITH"},{"floor":15.0,"key":"REST"},{"data":"White Noise","floor":23.0,"key":"SMITH"}],"circlet_count":0,"master_deck":["Strike_B+1","Strike_B+1","Strike_B+1","Defend_B+1","Defend_B+1","Defend_B+1","Defend_B+1","Zap+1","Dualcast","Deep Breath","Capacitor","Melter","Loop","BootSequence","Streamline","Cold Snap","Hologram","Chill","Coolheaded","Electrodynamics","White Noise+1","Gash","Reboot","Steam"],"relics":["Cracked Core","Dream Catcher","Odd Mushroom","Bag of Preparation","Golden Idol","Black Star","Medical Kit"],"acts_visited":["Exordium","TheCity"],"potions_floor_usage":[],"damage_taken":[{"damage":1.0,"enemies":"Cultist","floor":1.0,"turns":3.0},{"damage":4.0,"enemies":"Jaw Worm","floor":2.0,"turns":4.0},{"damage":1.0,"enemies":"2 Louse","floor":5.0,"turns":3.0},{"damage":35.0,"enemies":"Gremlin Nob","floor":6.0,"turns":4.0},{"damage":6.0,"enemies":"Looter","floor":7.0,"turns":3.0},{"damage":13.0,"enemies":"The Mushroom Lair","floor":8.0,"turns":6.0},{"damage":0.0,"enemies":"Blue Slaver","floor":10.0,"turns":4.0},{"damage":4.0,"enemies":"Exordium Wildlife","floor":12.0,"turns":3.0},{"damage":0.0,"enemies":"Large Slime","floor":14.0,"turns":4.0},{"damage":19.0,"enemies":"The Guardian","floor":16.0,"turns":14.0},{"damage":17.0,"enemies":"2 Thieves","floor":18.0,"turns":5.0},{"damage":11.0,"enemies":"Shell Parasite","floor":22.0,"turns":6.0},{"damage":33,"enemies":"Book of Stabbing","floor":24,"turns":6}],"seed_played":"8869612516963039648","potions_obtained":[{"floor":1.0,"key":"FearPotion"},{"floor":5.0,"key":"SpeedPotion"},{"floor":7.0,"key":"Weak Potion"},{"floor":8.0,"key":"Weak Potion"},{"floor":12.0,"key":"Swift Potion"}],"is_trial":false,"path_per_floor":["M","M","?","?","M","E","M","?","T","M","R","M","?","M","R","B",null,"M","$","?","?","M","R","E"],"character_chosen":"DEFECT","items_purchased":["Medical Kit","Gash","Reboot"],"campfire_rested":1,"item_purchase_floors":[19,19,19],"current_hp_per_floor":[67,63,63,68,67,32,26,13,13,13,13,9,9,9,31,12,59,42,42,42,42,31,31,0,0],"gold":25,"neow_bonus":"RANDOM_COLORLESS","is_daily":false,"chose_seed":false,"campfire_upgraded":2,"win_rate":0.0,"timestamp":1611686886,"path_taken":["M","M","?","?","M","E","M","?","T","M","R","M","?","M","R","BOSS","M","$","?","?","M","R","E"],"items_purchased_type":["Relic","Card","Card"],"build_version":"2020-12-22","purchased_purges":0,"victory":false,"max_hp_per_floor":[75,75,75,80,80,80,80,80,80,80,80,80,74,74,74,74,74,74,74,74,74,74,74,74,74],"card_choices":[{"not_picked":["Forethought","Madness"],"picked":"Deep Breath","floor":0.0},{"not_picked":["Blizzard","Sweeping Beam"],"picked":"Capacitor","floor":1.0},{"not_picked":["Heatsinks","Stack"],"picked":"Melter","floor":2.0},{"not_picked":["Darkness","Rebound"],"picked":"Loop","floor":5.0},{"not_picked":["Melter","Rebound"],"picked":"BootSequence","floor":6.0},{"not_picked":["Leap","Conserve Battery"],"picked":"Streamline","floor":7.0},{"not_picked":["Sweeping Beam","Auto Shields"],"picked":"Cold Snap","floor":8.0},{"not_picked":["Meteor Strike","Skim"],"picked":"Hologram","floor":10.0},{"not_picked":["Conserve Battery","Compile Driver"],"picked":"Chill","floor":12.0},{"not_picked":["Streamline","Turbo","Redo"],"picked":"SKIP","floor":14.0},{"not_picked":["Buffer","Barrage"],"picked":"Coolheaded","floor":15.0},{"not_picked":["Biased Cognition","Seek"],"picked":"Electrodynamics","floor":16.0},{"not_picked":["Turbo","Darkness"],"picked":"White Noise","floor":18.0},{"not_picked":["Rebound","Compile Driver"],"picked":"Steam","floor":22.0}],"player_experience":900811,"relics_obtained":[{"floor":6.0,"key":"Dream Catcher"},{"floor":8.0,"key":"Odd Mushroom"},{"floor":9.0,"key":"Bag of Preparation"}],"event_choices":[{"cards_removed":["Strike_B"],"damage_healed":0.0,"max_hp_gain":0.0,"max_hp_loss":0.0,"gold_gain":0.0,"event_name":"The Cleric","player_choice":"Card Removal","floor":3.0,"gold_loss":50.0,"damage_taken":0.0},{"damage_healed":0.0,"max_hp_gain":5.0,"max_hp_loss":0.0,"gold_gain":0.0,"event_name":"Big Fish","player_choice":"Donut","floor":4.0,"gold_loss":0.0,"damage_taken":0.0},{"damage_healed":0.0,"max_hp_gain":0.0,"max_hp_loss":0.0,"gold_gain":0.0,"event_name":"Mushrooms","player_choice":"Fought Mushrooms","floor":8.0,"gold_loss":0.0,"damage_taken":0.0},{"damage_healed":0.0,"max_hp_gain":0.0,"max_hp_loss":6.0,"gold_gain":0.0,"event_name":"Golden Idol","player_choice":"Lose Max HP","floor":13.0,"gold_loss":0.0,"damage_taken":0.0,"relics_obtained":["Golden Idol"]},{"damage_healed":0.0,"max_hp_gain":0.0,"max_hp_loss":0.0,"gold_gain":0.0,"event_name":"Vampires","player_choice":"Ignored","floor":20.0,"gold_loss":0.0,"damage_taken":0.0},{"damage_healed":0.0,"max_hp_gain":0.0,"max_hp_loss":0.0,"gold_gain":0.0,"event_name":"Back to Basics","player_choice":"Simplicity","floor":21.0,"gold_loss":0.0,"damage_taken":0.0,"cards_upgraded":["Strike_B","Strike_B","Strike_B","Defend_B","Defend_B","Defend_B","Defend_B"]}],"is_beta":false,"boss_relics":[{"not_picked":["Runic Dome","Ectoplasm"],"picked":"Black Star"}],"items_purged_floors":[],"is_endless":false,"potions_floor_spawned":[1,5,7,8,12],"killed_by":"Book of Stabbing","ascension_level":9}}