{"host":"qxeepl7ydvsgmfdb","time":1611673906,"event":{"mods":["AchievementEnabler","BaseMod","Colored Powertips","Minty Spire (QoL Compilation)","Quick Restart","slay the spire mod where everything is the same but ironclad has a cowboy hat"],"gold_per_floor":[115,290,365,640,659,694,707,26,26,26,43,43,43,58,58,162,162,173,193,193,193],"floor_reached":20,"language":"ENG","playtime":491,"items_purged":["Regret"],"score":308,"play_id":"5693d727-dce4-4a53-80dc-7eddf58d11c6","local_time":"20210126101146","is_ascension_mode":true,"campfire_choices":[{"data":"Doubt","floor":12,"key":"PURGE"},{"floor":15,"key":"REST"}],"circlet_count":0,"master_deck":["AscendersBane","Strike_G","Strike_G","Strike_G","Strike_G","Strike_G","Defend_G","Defend_G","Defend_G","Defend_G","Defend_G","Survivor","Neutralize","Deadly Poison","Blade Dance","Cloak And Dagger","Deadly Poison","Poisoned Stab","Flex","Venomology","BowlingBash"],"relics":["Ring of the Snake","NeowsBlessing","Letter Opener","PrismaticShard","Peace Pipe","White Beast Statue","Philosopher\u0027s Stone"],"acts_visited":["Exordium","TheCity"],"potions_floor_usage":[11,14,14,18,19,19,20,20],"damage_taken":[{"damage":0,"enemies":"Small Slimes","floor":1,"turns":1},{"damage":0,"enemies":"2 Louse","floor":5,"turns":1},{"damage":3,"enemies":"Lagavulin","floor":6,"turns":1},{"damage":5,"enemies":"Cultist","floor":7,"turns":4},{"damage":5,"enemies":"Gremlin Gang","floor":11,"turns":3},{"damage":16,"enemies":"Exordium Thugs","floor":14,"turns":5},{"damage":35,"enemies":"The Guardian","floor":16,"turns":10},{"damage":15,"enemies":"Shell Parasite","floor":18,"turns":4},{"damage":33,"enemies":"Chosen","floor":19,"turns":5},{"damage":21,"enemies":"Masked Bandits","floor":20,"turns":3}],"seed_played":"3839224026899668301","potions_obtained":[{"floor":5,"key":"Block Potion"},{"floor":11,"key":"Regen Potion"},{"floor":14,"key":"Dexterity Potion"},{"floor":16,"key":"Strength Potion"},{"floor":19,"key":"GamblersBrew"}],"is_trial":false,"path_per_floor":["M","?","?","?","M","E","M","$","T","$","M","R","$","M","R","B",null,"M","M","?"],"character_chosen":"THE_SILENT","items_purchased":["PrismaticShard","Peace Pipe","Deadly Poison","Poisoned Stab","CunningPotion"],"campfire_rested":1,"item_purchase_floors":[8,8,8,8,8],"current_hp_per_floor":[63,63,52,52,52,49,44,44,44,44,39,39,39,37,58,23,58,43,10,0,0],"gold":193,"neow_bonus":"THREE_ENEMY_KILL","is_daily":false,"chose_seed":false,"campfire_upgraded":0,"win_rate":0.0,"timestamp":1611673906,"path_taken":["M","?","?","?","?","E","?","$","T","?","M","R","$","M","R","BOSS","M","M","?"],"items_purchased_type":["Relic","Relic","Card","Card","Potion"],"build_version":"2020-12-22","purchased_purges":1,"victory":false,"max_hp_per_floor":[70,70,70,70,70,70,70,70,70,70,70,70,70,70,70,70,70,70,70,70,70],"card_choices":[{"not_picked":["Dagger Spray","Tactician"],"picked":"Deadly Poison","floor":1},{"not_picked":["Flying Knee","Tactician","Reflex"],"picked":"SKIP","floor":5},{"not_picked":["Choke","Blur"],"picked":"Blade Dance","floor":6},{"not_picked":["Sucker Punch","Dodge and Roll"],"picked":"Cloak And Dagger","floor":7},{"not_picked":["Combust","Blasphemy","Conserve Battery"],"picked":"SKIP","floor":11},{"not_picked":["Cold Snap","True Grit"],"picked":"Flex","floor":14},{"not_picked":["LessonLearned","Rainbow"],"picked":"Venomology","floor":16},{"not_picked":["Leap","Poisoned Stab"],"picked":"BowlingBash","floor":18},{"not_picked":["Static Discharge","Havoc","Barrage+1"],"picked":"SKIP","floor":19}],"player_experience":220696,"relics_obtained":[{"floor":6,"key":"Letter Opener"},{"floor":9,"key":"White Beast Statue"}],"event_choices":[{"damage_healed":0,"gold_gain":175,"player_choice":"AGREE","damage_taken":0,"max_hp_gain":0,"max_hp_loss":0,"event_name":"Liars Game","floor":2,"gold_loss":0,"cards_obtained":["Doubt"]},{"damage_healed":0,"gold_gain":75,"player_choice":"Gather Gold","damage_taken":11,"max_hp_gain":0,"max_hp_loss":0,"event_name":"World of Goop","floor":3,"gold_loss":0},{"damage_healed":0,"gold_gain":275,"player_choice":"Desecrate","damage_taken":0,"max_hp_gain":0,"max_hp_loss":0,"event_name":"Golden Shrine","floor":4,"gold_loss":0,"cards_obtained":["Regret"]},{"damage_healed":0,"gold_gain":0,"player_choice":"Fought Bandits","damage_taken":0,"max_hp_gain":0,"max_hp_loss":0,"event_name":"Masked Bandits","floor":20,"gold_loss":0}],"is_beta":false,"boss_relics":[{"not_picked":["Velvet Choker","Pandora\u0027s Box"],"picked":"Philosopher\u0027s Stone"}],"items_purged_floors":[8],"is_endless":false,"potions_floor_spawned":[5,11,14,16,18,19],"killed_by":"Masked Bandits","ascension_level":11}}