{"host":"vrsxkkch9ccrec7k","time":1611659432,"event":{"mods":["Act Like it!","BaseMod","Bestiary","Better Altar","Better Match","Better Note","Better Sensory Stone","Better Skull","Better Third Choice","Better Vampires","Downfall","Minty Spire (QoL Compilation)","Permanent Neow","Relic Stats","Spicy Shops","StSLib"],"gold_per_floor":[99,112,122,140,158,158,210,210,49,49,81,100,100,116,130,130,130,130],"floor_reached":16,"language":"ENG","playtime":999,"items_purged":[],"score":151,"play_id":"d77a21c2-38e6-49c8-b9ac-e4fed4159510","local_time":"20210126061032","is_ascension_mode":true,"campfire_choices":[{"data":"bronze:HardenedForm","floor":1,"key":"SMITH"},{"floor":10,"key":"REST"},{"data":"bronze:Verify","floor":13,"key":"SMITH"}],"circlet_count":0,"master_deck":["bronze:Strike","bronze:Strike","bronze:Strike","bronze:Strike","bronze:Defend","bronze:Defend","bronze:Defend","bronze:Defend","bronze:Replicate","bronze:Goto","bronze:HardenedForm+1","bronze:WildBeam","bronze:Virus","bronze:Frontload","bronze:Refactor","bronze:ClassDefault","bronze:BugBarrage","bronze:Verify+1","bronze:Boost","bronze:BuggyMess"],"relics":["bronze:BronzeCore","downfall:BrokenWingStatue","Lantern","HandDrill","Art of War"],"acts_visited":["Exordium"],"potions_floor_usage":[12,16],"damage_taken":[{"damage":4,"enemies":"Small Slimes","floor":2,"turns":4},{"damage":2,"enemies":"2 Louse","floor":3,"turns":3},{"damage":12,"enemies":"Jaw Worm","floor":4,"turns":3},{"damage":16,"enemies":"Lots of Slimes","floor":5,"turns":6},{"damage":0,"enemies":"downfall:FleeingMerchant","floor":9,"turns":4},{"damage":5,"enemies":"3 Sentries","floor":11,"turns":9},{"damage":0,"enemies":"Blue Slaver","floor":12,"turns":1},{"damage":13,"enemies":"Large Slime","floor":14,"turns":3},{"damage":15,"enemies":"3 Louse","floor":15,"turns":3},{"damage":17,"enemies":"SI_SHIV_ARCHETYPE","floor":16,"turns":7}],"seed_played":"4202300202942013646","potions_obtained":[{"floor":3,"key":"SteroidPotion"},{"floor":11,"key":"Weak Potion"}],"is_trial":false,"path_per_floor":["R","M","M","M","M","?","T","?","$","R","E","M","R","M","M","B"],"character_chosen":"THE_AUTOMATON","items_purchased":["HandDrill"],"campfire_rested":1,"item_purchase_floors":[9],"current_hp_per_floor":[63,59,57,45,29,29,29,29,29,50,45,45,45,32,17,0,0,0],"gold":130,"neow_bonus":"ONE_RANDOM_RARE_CARD","is_daily":false,"chose_seed":false,"campfire_upgraded":2,"win_rate":0.0,"timestamp":1611659432,"path_taken":["R","M","M","M","M","?","T","?","?","R","E","M","R","?","M","BOSS"],"items_purchased_type":["Relic"],"build_version":"2020-12-22","purchased_purges":0,"victory":false,"max_hp_per_floor":[70,70,70,70,70,70,70,70,70,70,70,70,70,70,70,70,70,70],"relic_stats":{"counters":[10,43],"HandDrill":[8],"Art of War":[3],"obtain_stats":[{"Lantern":7,"bronze:BronzeCore":0,"downfall:BrokenWingStatue":6,"HandDrill":9,"Art of War":11},{"Lantern":4,"bronze:BronzeCore":0,"downfall:BrokenWingStatue":4,"HandDrill":5,"Art of War":6},{"Lantern":16,"bronze:BronzeCore":0,"downfall:BrokenWingStatue":16,"HandDrill":20,"Art of War":29}]},"card_choices":[{"not_picked":["bronze:DelayedGuard","bronze:Overheat"],"picked":"bronze:WildBeam","floor":2},{"not_picked":["bronze:ForLoop","bronze:Turbo"],"picked":"bronze:Virus","floor":3},{"not_picked":["bronze:ChildClass","bronze:Invalidate"],"picked":"bronze:Frontload","floor":4},{"not_picked":["bronze:MaxOutput","bronze:Iterate"],"picked":"bronze:Refactor","floor":5},{"not_picked":["bronze:DelayedSlice","bronze:Overheat"],"picked":"bronze:ClassDefault","floor":9},{"not_picked":["bronze:Shield","bronze:Overload"],"picked":"bronze:BugBarrage","floor":11},{"not_picked":["bronze:Branch","bronze:DelayedSlice"],"picked":"bronze:Verify","floor":12},{"not_picked":["bronze:BugBarrage","bronze:Philosophize"],"picked":"bronze:Boost","floor":14},{"not_picked":["bronze:OilSpill","bronze:FineTuning"],"picked":"bronze:BuggyMess","floor":15}],"player_experience":1744542,"relics_obtained":[{"floor":7,"key":"Lantern"},{"floor":11,"key":"Art of War"}],"event_choices":[{"damage_healed":0,"gold_gain":1,"player_choice":"1","damage_taken":0,"max_hp_gain":0,"max_hp_loss":0,"event_name":"betterStone:BetterStone","floor":8,"gold_loss":0}],"is_beta":false,"boss_relics":[],"items_purged_floors":[],"is_endless":false,"potions_floor_spawned":[3,11],"killed_by":"SI_SHIV_ARCHETYPE","ascension_level":9}}