{"host":"6drv1qzpbnls60z2","time":1611669409,"event":{"mods":["ATMod(°¢èªMod)","Act Like it!","Arknights The Spire","BaseMod","Hallownest","Minty Spire (QoL Compilation)","Reimu£¨²©ÀöÁéÃÎ£©","Replay The Spire","Shop Mod","Spicy Shops","StSLib","The Dragon Tamer","Uncapped","¡¾ÒÅÎï¿¨ÅÆ¡¿REMEMod","óô»ðÖ¸ÄÏ"],"gold_per_floor":[109,45,45,72,136,148,148],"floor_reached":6,"language":"ZHS","playtime":420,"items_purged":[],"score":168,"play_id":"bfc14942-b4ec-4121-8296-3366cbd548af","local_time":"20210126215649","daily_mods":["SealedDeck"],"is_ascension_mode":true,"campfire_choices":[],"circlet_count":0,"master_deck":["AscendersBane","AT_FamilyPortrait","REME_GrazeFinale","DTMod:BuildUp","DTMod:CalculatedDefense","ats:Cat Scratch","ats:Spore Proliferation","ats:Very Hot Blade","ats:Chain Hook","ats:Defend Order","ats:Apocalypse","ats:Phantom","ats:Composite Medical Shells","ats:Encircling Forest","ats:Counter Healing Mode","ats:LN2 Cannon"],"relics":["ats:Sanity","AT_ATBox","REME_ComplimentaryCards","MawBank","Centennial Puzzle"],"acts_visited":["Exordium"],"potions_floor_usage":[5,6],"damage_taken":[{"damage":9,"enemies":"Jaw Worm","floor":1,"turns":2},{"damage":7,"enemies":"Small Slimes","floor":4,"turns":5},{"damage":30,"enemies":"Gremlin Nob","floor":6,"turns":3}],"seed_played":"-2988921283602834606","potions_obtained":[{"floor":4,"key":"MagicPotion:ReiMu"},{"floor":5,"key":"Elixir"},{"floor":5,"key":"Fruit Juice"}],"is_trial":true,"path_per_floor":["M","$","?","M","?","E"],"character_chosen":"DOCTOR_CLASS","items_purchased":["ats:Counter Healing Mode"],"campfire_rested":0,"item_purchase_floors":[2],"current_hp_per_floor":[61,61,50,48,25,0,0],"gold":148,"neow_bonus":"","is_daily":false,"chose_seed":false,"campfire_upgraded":0,"win_rate":0.0,"timestamp":1611669409,"path_taken":["M","$","?","M","?","E"],"items_purchased_type":["Card"],"build_version":"2020-12-22","purchased_purges":0,"victory":false,"max_hp_per_floor":[72,72,72,72,77,77,77],"card_choices":[{"not_picked":["ats:Assault Order","ats:Cat Scratch"],"picked":"ats:Encircling Forest","floor":1},{"not_picked":["DTMod:HeatWave","DTMod:ComboAttack","DTMod:FlameSlash"],"picked":"SKIP","floor":4},{"not_picked":["ats:Absolute Focus","DTMod:QuickFly"],"picked":"ats:LN2 Cannon","floor":5}],"player_experience":147118,"relics_obtained":[{"floor":5,"key":"Centennial Puzzle"}],"event_choices":[{"damage_healed":0,"gold_gain":0,"player_choice":"Success","damage_taken":11,"relics_obtained":["MawBank"],"max_hp_gain":0,"max_hp_loss":0,"event_name":"Scrap Ooze","floor":3,"gold_loss":0}],"is_beta":false,"boss_relics":[],"items_purged_floors":[],"is_endless":true,"potions_floor_spawned":[4],"killed_by":"Gremlin Nob","ascension_level":20}}