{"host":"d5i1qeb9dejicw1z","time":1611638352,"event":{"mods":["AchievementEnabler","BaseMod","Better Note","BetterRewards","Gold Saver","Minty Spire (QoL Compilation)","Reliquary","StSLib"],"gold_per_floor":[218,143,24,24,48,48,91,91,91,114,133,151,172,201,201,289,289,261,52,66,116,126,126,126,126],"floor_reached":24,"language":"ENG","playtime":1163,"items_purged":[],"score":366,"play_id":"8aabd102-0b68-45cd-8e24-1353af9b6944","local_time":"20210125211912","is_ascension_mode":true,"campfire_choices":[{"data":"Envenom","floor":6,"key":"SMITH"},{"floor":8,"key":"REST"},{"floor":15,"key":"REST"},{"floor":23,"key":"REST"}],"circlet_count":0,"master_deck":["AscendersBane","Strike_G","Strike_G","Strike_G","Strike_G","Defend_G","Defend_G","Defend_G","Defend_G","Defend_G","Survivor","Neutralize","Envenom+1","Noxious Fumes","Footwork","Catalyst","Footwork","Bane","Deflect","Dagger Spray","Slice","Envenom","Bane"],"relics":["Ring of the Snake","Bottled Tornado","reliquary:RedPaperclip","Lee\u0027s Waffle"],"acts_visited":["Exordium","TheCity"],"potions_floor_usage":[14,14,22,24],"damage_taken":[{"damage":3,"enemies":"2 Louse","floor":1,"turns":6},{"damage":25,"enemies":"3 Sentries","floor":7,"turns":13},{"damage":5,"enemies":"Jaw Worm","floor":10,"turns":5},{"damage":0,"enemies":"Cultist","floor":11,"turns":4},{"damage":14,"enemies":"Looter","floor":12,"turns":3},{"damage":5,"enemies":"2 Fungi Beasts","floor":13,"turns":6},{"damage":0,"enemies":"Exordium Thugs","floor":14,"turns":4},{"damage":28,"enemies":"Hexaghost","floor":16,"turns":10},{"damage":24,"enemies":"2 Thieves","floor":18,"turns":4},{"damage":23,"enemies":"Shell Parasite","floor":20,"turns":8},{"damage":34,"enemies":"Shelled Parasite and Fungi","floor":22,"turns":8},{"damage":49,"enemies":"Chosen and Byrds","floor":24,"turns":5}],"seed_played":"-6470841430224676512","potions_obtained":[{"floor":7,"key":"Dexterity Potion"},{"floor":10,"key":"DistilledChaos"},{"floor":18,"key":"LiquidBronze"},{"floor":22,"key":"Block Potion"}],"is_trial":false,"path_per_floor":["M","?","$","?","T","R","E","R","T","M","M","M","M","M","R","B",null,"M","$","M","?","M","R","M"],"character_chosen":"THE_SILENT","items_purchased":["Footwork","Catalyst","Lee\u0027s Waffle","Bane"],"campfire_rested":3,"item_purchase_floors":[3,3,19,19],"current_hp_per_floor":[41,41,41,46,46,46,21,42,42,37,37,23,18,18,39,11,56,32,78,55,55,21,44,0,0],"gold":126,"neow_bonus":"THREE_RARE_CARDS","is_daily":false,"chose_seed":false,"campfire_upgraded":1,"win_rate":0.0,"timestamp":1611638352,"path_taken":["M","?","$","?","?","R","E","R","T","M","M","?","M","M","R","BOSS","M","$","M","?","M","R","M"],"items_purchased_type":["Card","Card","Relic","Card"],"build_version":"2020-12-22","purchased_purges":0,"victory":false,"max_hp_per_floor":[66,66,66,71,71,71,71,71,71,71,71,71,71,71,71,71,71,71,78,78,78,78,78,78,78],"card_choices":[{"not_picked":["Night Terror","Grand Finale"],"picked":"Envenom","floor":0},{"not_picked":["Dagger Throw","Poisoned Stab"],"picked":"Noxious Fumes","floor":1},{"not_picked":["Accuracy","Dagger Throw"],"picked":"Footwork","floor":7},{"not_picked":["Expertise","Acrobatics"],"picked":"Bane","floor":10},{"not_picked":["Flechettes","Acrobatics"],"picked":"Deflect","floor":11},{"not_picked":["Eviscerate","Reflex","Sucker Punch"],"picked":"SKIP","floor":12},{"not_picked":["Dagger Throw","Heel Hook"],"picked":"Dagger Spray","floor":13},{"not_picked":["Underhanded Strike","Outmaneuver"],"picked":"Slice","floor":14},{"not_picked":["Grand Finale","Storm of Steel"],"picked":"Envenom","floor":16},{"not_picked":["Accuracy+1","Concentrate","Caltrops"],"picked":"SKIP","floor":18},{"not_picked":["Dodge and Roll","Flechettes","Flying Knee"],"picked":"SKIP","floor":20},{"not_picked":["Reflex","Deflect","Prepared"],"picked":"SKIP","floor":22}],"player_experience":1169654,"relics_obtained":[{"floor":5,"key":"CeramicFish"},{"floor":7,"key":"reliquary:JackalopeAntler"},{"floor":9,"key":"Bottled Tornado"}],"event_choices":[{"cards_removed":["Strike_G"],"damage_healed":0,"gold_gain":0,"player_choice":"Card Removal","damage_taken":0,"max_hp_gain":0,"max_hp_loss":0,"event_name":"The Cleric","floor":2,"gold_loss":75},{"damage_healed":0,"gold_gain":0,"player_choice":"Donut","damage_taken":0,"max_hp_gain":5,"max_hp_loss":0,"event_name":"Big Fish","floor":4,"gold_loss":0},{"damage_healed":0,"gold_gain":50,"player_choice":"Stole From Cult","damage_taken":0,"max_hp_gain":0,"max_hp_loss":0,"event_name":"Nest","floor":21,"gold_loss":0}],"is_beta":false,"boss_relics":[{"not_picked":["HoveringKite","Busted Crown"],"picked":"reliquary:RedPaperclip"}],"items_purged_floors":[],"is_endless":false,"potions_floor_spawned":[7,10,12,18,22],"killed_by":"Chosen and Byrds","ascension_level":17}}