{"host":"ow66nzv2xecjoor3","time":1611642953,"event":{"mods":["BaseMod","Bestiary","Block Reminder","Colored Powertips","Curses Come First","Downfall","Highlight Path","Keyboard Shortcuts","Minty Spire (QoL Compilation)","Permanent Neow","Relic Stats","StSLib","UnlockEverythingMod"],"gold_per_floor":[99,110,129,143,53,69,69,102,114,126,26,60,60,88,103,205,205,105,121,137,157,172,172,172,182,215,227,258,287,315,354,380,493,505,417,446,468,434,449,466,520,854,870,896,909,809,825,825,838,838,838,869,64,64,64,64,64,64],"floor_reached":56,"language":"ENG","playtime":4944,"items_purged":["bronze:Strike","bronze:Strike","bronze:Strike"],"score":958,"play_id":"50863136-15db-412c-880a-988b96eddf0f","local_time":"20210126003553","is_ascension_mode":false,"campfire_choices":[{"data":"bronze:Replicate","floor":1.0,"key":"SMITH"},{"data":"bronze:Boost","floor":13.0,"key":"SMITH"},{"floor":18.0,"key":"RECALL"},{"data":"bronze:Format","floor":23.0,"key":"SMITH"},{"data":"bronze:Goto","floor":27.0,"key":"SMITH"},{"data":"bronze:FineTuning","floor":35.0,"key":"SMITH"},{"data":"bronze:Iterate","floor":46,"key":"SMITH"},{"floor":54,"key":"REST"}],"circlet_count":0,"master_deck":["bronze:Strike","bronze:Defend","bronze:Defend","bronze:Defend","bronze:Defend","bronze:Replicate+1","bronze:Goto+1","bronze:Boost+1","bronze:CutThrough","bronze:Iterate+1","bronze:Format+1","bronze:FineTuning+1","bronze:ForLoop+1","bronze:Turbo+1","bronze:Safeguard+1","bronze:BuggyMess+1","Deep Breath+1","bronze:Return+1","bronze:Boost+1","bronze:CleanCode","bronze:Format+1","bronze:Allocate+1","bronze:Turbo+1","bronze:Frontload+1","bronze:Repair+1","bronze:GetLatest+1","bronze:Return+1","bronze:ForceShield+1","bronze:SpaghettiCode+1","bronze:ItsAFeature+1","bronze:ClassDefault","bronze:ClassDefault","bronze:Turbo+1","bronze:Shell+1","bronze:Boost+1","bronze:MaxOutput+1","bronze:Return+1","bronze:Overload+1"],"relics":["bronze:BronzeCore","Lantern","Toxic Egg 2","Ginger","Vajra","Omamori","sneckomod:SneckoTalon","downfall:HeartBlessingGreen","Thread and Needle","MawBank","Torii","Sozu","downfall:HeartBlessingRed","Bronze Scales","Old Coin","Frozen Egg 2","downfall:HeartBlessingBlue","Gambling Chip","StoneCalendar"],"acts_visited":["Exordium","TheCity","TheBeyond","TheEnding"],"potions_floor_usage":[56],"damage_taken":[{"damage":1.0,"enemies":"Cultist","floor":2.0,"turns":3.0},{"damage":0.0,"enemies":"Small Slimes","floor":3.0,"turns":3.0},{"damage":0.0,"enemies":"Jaw Worm","floor":4.0,"turns":3.0},{"damage":5.0,"enemies":"downfall:FleeingMerchant","floor":5.0,"turns":4.0},{"damage":0.0,"enemies":"Lots of Slimes","floor":6.0,"turns":3.0},{"damage":9.0,"enemies":"3 Sentries","floor":8.0,"turns":7.0},{"damage":1.0,"enemies":"Blue Slaver","floor":9.0,"turns":3.0},{"damage":11.0,"enemies":"Gremlin Gang","floor":10.0,"turns":4.0},{"damage":9.0,"enemies":"downfall:FleeingMerchant","floor":11.0,"turns":4.0},{"damage":0.0,"enemies":"Lagavulin","floor":12.0,"turns":5.0},{"damage":0.0,"enemies":"Gremlin Nob","floor":14.0,"turns":3.0},{"damage":0.0,"enemies":"Exordium Wildlife","floor":15.0,"turns":3.0},{"damage":29.0,"enemies":"DF_ARCHETYPE_STREAMLINE","floor":16.0,"turns":8.0},{"damage":0.0,"enemies":"Shell Parasite","floor":19.0,"turns":3.0},{"damage":0.0,"enemies":"Spheric Guardian","floor":20.0,"turns":3.0},{"damage":12.0,"enemies":"Snake Plant","floor":21.0,"turns":5.0},{"damage":10.0,"enemies":"Cultist and Chosen","floor":22.0,"turns":4.0},{"damage":0.0,"enemies":"Snecko","floor":25.0,"turns":3.0},{"damage":6.0,"enemies":"Gremlin Leader","floor":26.0,"turns":7.0},{"damage":10.0,"enemies":"Centurion and Healer","floor":28.0,"turns":6.0},{"damage":0.0,"enemies":"Chosen and Byrds","floor":29.0,"turns":5.0},{"damage":0.0,"enemies":"Snake Plant","floor":30.0,"turns":3.0},{"damage":0.0,"enemies":"Book of Stabbing","floor":31.0,"turns":5.0},{"damage":0.0,"enemies":"Cultist and Chosen","floor":32.0,"turns":4.0},{"damage":21.0,"enemies":"WA_ARCHETYPE_CALM","floor":33.0,"turns":8.0},{"damage":1.0,"enemies":"3 Darklings","floor":36.0,"turns":5.0},{"damage":0.0,"enemies":"Orb Walker","floor":37.0,"turns":2.0},{"damage":0.0,"enemies":"downfall:FleeingMerchant","floor":38.0,"turns":4.0},{"damage":10.0,"enemies":"4 Shapes","floor":39.0,"turns":3.0},{"damage":1.0,"enemies":"Writhing Mass","floor":40.0,"turns":4.0},{"damage":88.0,"enemies":"Reptomancer","floor":42.0,"turns":9.0},{"damage":0,"enemies":"Transient","floor":43,"turns":5},{"damage":0,"enemies":"Nemesis","floor":44,"turns":7},{"damage":0,"enemies":"Sphere and 2 Shapes","floor":45,"turns":5},{"damage":0,"enemies":"Jaw Worm Horde","floor":47,"turns":5},{"damage":11,"enemies":"Writhing Mass","floor":49,"turns":6},{"damage":58,"enemies":"SI_POISON_ARCHETYPE","floor":50,"turns":7},{"damage":30,"enemies":"downfall:CharBossMerchant","floor":52,"turns":8},{"damage":24,"enemies":"downfall:NeowBoss","floor":55,"turns":15},{"damage":73,"enemies":"downfall:NeowBossFinal","floor":56,"turns":5}],"seed_played":"4397871578939399938","potions_obtained":[{"floor":2.0,"key":"AttackPotion"},{"floor":4.0,"key":"FairyPotion"},{"floor":8.0,"key":"hexamod:SoulburnPotion"},{"floor":10.0,"key":"Block Potion"},{"floor":12.0,"key":"GamblersBrew"},{"floor":26.0,"key":"Energy Potion"},{"floor":29.0,"key":"EssenceOfSteel"},{"floor":31.0,"key":"DuplicationPotion"}],"is_trial":false,"path_per_floor":["R","M","M","M","$","M","T","E","M","M","$","E","R","E","M","B",null,"R","M","M","M","M","R","T","M","E","R","M","M","M","E","M","B",null,"R","M","M","$","M","M","T","E","M","E","M","R","M","?","M","B",null,"E","$","R","B","B"],"character_chosen":"THE_AUTOMATON","items_purchased":["Deep Breath+1","bronze:ClassDefault","Bronze Scales","bronze:Turbo+1","bronze:Overload+1","Gambling Chip","StoneCalendar"],"campfire_rested":1,"item_purchase_floors":[11,38,38,38,53,53,53],"current_hp_per_floor":[70,69,69,69,64,64,64,55,54,43,34,34,34,34,34,5,70,70,70,70,58,48,48,48,48,42,42,43,53,63,70,70,59,70,70,69,69,69,59,58,58,21,31,41,51,61,61,61,80,22,80,50,50,74,56,0,0,0],"gold":64,"neow_bonus":"RANDOM_COMMON_RELIC","is_daily":false,"chose_seed":false,"campfire_upgraded":6,"win_rate":0.0,"timestamp":1611642953,"path_taken":["R","M","M","M","$","M","T","E","M","M","$","E","R","E","M","BOSS","R","M","M","M","M","R","T","?","E","R","M","M","?","E","M","BOSS","R","M","M","$","M","M","T","E","M","E","M","R","?","?","M","BOSS","E","$","R","BOSS","BOSS"],"items_purchased_type":["Card","Card","Relic","Card","Card","Relic","Relic"],"build_version":"2020-12-22","purchased_purges":3,"victory":false,"max_hp_per_floor":[70,70,70,70,70,70,70,70,70,70,70,70,70,70,70,70,70,70,70,70,70,70,70,70,70,70,70,70,70,70,70,70,70,70,70,70,70,70,70,70,70,70,70,70,70,80,80,80,80,80,80,80,80,80,80,80,80,80],"relic_stats":{"Sozu":6,"Torii":14,"counters":[40,199],"Bronze Scales":[188],"Gambling Chip":[6],"StoneCalendar":[39],"Ginger":[32],"MawBank":144,"obtain_stats":[{"Lantern":0,"bronze:BronzeCore":0,"Torii":31,"downfall:HeartBlessingRed":35,"Vajra":12,"downfall:HeartBlessingGreen":18,"Thread and Needle":24,"StoneCalendar":53,"Omamori":14,"Ginger":8,"Frozen Egg 2":44,"sneckomod:SneckoTalon":17,"MawBank":26,"Old Coin":42,"Sozu":34,"downfall:HeartBlessingBlue":46,"Bronze Scales":38,"Gambling Chip":53,"Toxic Egg 2":7},{"Lantern":0,"bronze:BronzeCore":0,"Torii":23,"downfall:HeartBlessingRed":25,"Vajra":10,"downfall:HeartBlessingGreen":13,"Thread and Needle":17,"StoneCalendar":38,"Omamori":11,"Ginger":6,"Frozen Egg 2":33,"sneckomod:SneckoTalon":13,"MawBank":19,"Old Coin":31,"Sozu":25,"downfall:HeartBlessingBlue":34,"Bronze Scales":28,"Gambling Chip":38,"Toxic Egg 2":5},{"Lantern":0,"bronze:BronzeCore":0,"Torii":97,"downfall:HeartBlessingRed":109,"Vajra":39,"downfall:HeartBlessingGreen":53,"Thread and Needle":68,"StoneCalendar":179,"Omamori":42,"Ginger":23,"Frozen Egg 2":148,"sneckomod:SneckoTalon":53,"MawBank":78,"Old Coin":136,"Sozu":109,"downfall:HeartBlessingBlue":153,"Bronze Scales":120,"Gambling Chip":179,"Toxic Egg 2":16}]},"card_choices":[{"not_picked":["bronze:Frontload","bronze:Return"],"picked":"bronze:Boost","floor":2.0},{"not_picked":["bronze:Frontload","bronze:Turbo"],"picked":"bronze:CutThrough","floor":3.0},{"not_picked":["bronze:Frontload","bronze:WhirlingStrike"],"picked":"bronze:Iterate","floor":4.0},{"not_picked":["bronze:Overheat","bronze:DelayedSlice"],"picked":"bronze:Format","floor":5.0},{"not_picked":["bronze:WhirlingStrike","bronze:BurnOut"],"picked":"bronze:FineTuning","floor":6.0},{"not_picked":["bronze:Iterate","bronze:Invalidate+1"],"picked":"bronze:ForLoop+1","floor":8.0},{"not_picked":["bronze:WildBeam","bronze:Shield+1"],"picked":"bronze:Turbo+1","floor":9.0},{"not_picked":["bronze:Frontload+1","bronze:Fortify"],"picked":"bronze:Safeguard+1","floor":10.0},{"not_picked":["bronze:Overheat","bronze:DelayedSlice"],"picked":"bronze:BuggyMess+1","floor":11.0},{"not_picked":["bronze:BitShift+1","bronze:Iterate"],"picked":"bronze:Return+1","floor":12.0},{"not_picked":["bronze:ClassDefault","bronze:Repair+1"],"picked":"bronze:Boost+1","floor":14.0},{"not_picked":["bronze:OilSpill","bronze:BugBarrage"],"picked":"bronze:CleanCode","floor":15.0},{"not_picked":["bronze:Mutator","bronze:HyperBeam"],"picked":"bronze:Format+1","floor":16.0},{"not_picked":["bronze:DigitalCarnage+1","bronze:BronzeArmor+1"],"picked":"bronze:Allocate+1","floor":19.0},{"not_picked":["bronze:DelayedGuard+1","bronze:Branch","bronze:DelayedSlice"],"picked":"SKIP","floor":20.0},{"not_picked":["bronze:Shield+1","bronze:BitShift+1"],"picked":"bronze:Turbo+1","floor":21.0},{"not_picked":["bronze:Philosophize+1","bronze:BugBarrage"],"picked":"bronze:Frontload+1","floor":22.0},{"not_picked":["bronze:NullPointer","bronze:OilSpill","bronze:Shield+1"],"picked":"SKIP","floor":25.0},{"not_picked":["bronze:DelayedSlice","bronze:BitShift+1"],"picked":"bronze:Repair+1","floor":26.0},{"not_picked":["bronze:NullPointer","bronze:DelayedGuard+1"],"picked":"bronze:GetLatest+1","floor":28.0},{"not_picked":["bronze:DelayedGuard+1","bronze:WhirlingStrike","bronze:Overheat+1"],"picked":"SKIP","floor":29.0},{"not_picked":["bronze:FollowUp","bronze:DelayedGuard+1"],"picked":"bronze:Return+1","floor":30.0},{"not_picked":["bronze:DarkDash+1","bronze:DelayedGuard+1"],"picked":"bronze:ForceShield+1","floor":31.0},{"not_picked":["bronze:Flail","bronze:DelayedSlice","bronze:CutThrough"],"picked":"SKIP","floor":32.0},{"not_picked":["bronze:HyperBeam","bronze:Mutator"],"picked":"bronze:SpaghettiCode+1","floor":33.0},{"not_picked":["bronze:Allocate+1","bronze:WhirlingStrike+1"],"picked":"bronze:ItsAFeature+1","floor":36.0},{"not_picked":["bronze:Turbo+1","bronze:OilSpill+1","bronze:ItsAFeature+1"],"picked":"SKIP","floor":37.0},{"not_picked":["bronze:Shield+1","bronze:Return+1"],"picked":"bronze:ClassDefault","floor":38.0},{"not_picked":["bronze:BitShift+1","bronze:Safeguard+1"],"picked":"bronze:Shell+1","floor":39.0},{"not_picked":["bronze:Turbo+1","bronze:DelayedGuard+1","bronze:Fortify"],"picked":"SKIP","floor":40.0},{"not_picked":["bronze:DelayedSlice+1","bronze:CloningBeam","bronze:NullPointer"],"picked":"SKIP","floor":42.0},{"not_picked":["bronze:DelayedGuard+1","bronze:BugBarrage+1","bronze:CloningBeam"],"picked":"SKIP","floor":43},{"not_picked":["bronze:Philosophize+1","bronze:NullPointer+1","bronze:ForceShield+1"],"picked":"SKIP","floor":44},{"not_picked":["bronze:ForLoop+1","bronze:BugBarrage"],"picked":"bronze:Boost+1","floor":45},{"not_picked":["bronze:DelayedGuard+1","bronze:Overheat","bronze:BitShift+1"],"picked":"SKIP","floor":47},{"not_picked":["bronze:Fortify","bronze:DelayedSlice"],"picked":"bronze:MaxOutput+1","floor":49},{"not_picked":["bronze:DarkDash+1","bronze:DelayedGuard+1"],"picked":"bronze:Return+1","floor":52}],"player_experience":2828097,"relics_obtained":[{"floor":7.0,"key":"Toxic Egg 2"},{"floor":8.0,"key":"Ginger"},{"floor":12.0,"key":"Vajra"},{"floor":14.0,"key":"Omamori"},{"floor":24.0,"key":"Thread and Needle"},{"floor":26.0,"key":"MawBank"},{"floor":31.0,"key":"Torii"},{"floor":42.0,"key":"Old Coin"},{"floor":44,"key":"Frozen Egg 2"}],"event_choices":[],"is_beta":false,"boss_relics":[{"not_picked":["Coffee Dripper","Busted Crown"],"picked":"sneckomod:SneckoTalon"},{"not_picked":["Philosopher\u0027s Stone","bronze:MakeshiftBattery"],"picked":"Sozu"}],"items_purged_floors":[5,38,53],"is_endless":false,"potions_floor_spawned":[2,4,8,10,12,15,26,29,30,31,33,39,40,43,44,47,52],"killed_by":"downfall:NeowBossFinal","ascension_level":0}}