{"host":"ELF","time":1611666734,"event":{"mods":["BaseMod","Bestiary","Minty Spire (QoL Compilation)","Relic Stats","Slay the Relics Exporter"],"gold_per_floor":[362,362,32,51,51,51,69,89,113,135,177,196,196,220,220,308,308,337,195,213,240,78,78,78],"floor_reached":23,"language":"ENG","playtime":4936,"items_purged":["Strike_B"],"score":386,"play_id":"6079843b-5c4b-4659-ab8b-1e391f22f9c3","local_time":"20210126071214","is_ascension_mode":true,"campfire_choices":[{"floor":6,"key":"REST"},{"floor":13,"key":"REST"},{"data":"Aggregate","floor":15,"key":"SMITH"}],"circlet_count":0,"master_deck":["AscendersBane","Defend_B","Defend_B","Defend_B","Defend_B","Zap","Dualcast","Leap","Self Repair","Undo","Streamline","Gash","Coolheaded","Aggregate+1","Echo Form","Electrodynamics","Turbo","Capacitor","Undo","Meteor Strike","Loop","Core Surge","Panacea"],"relics":["Cracked Core","Dead Branch","CeramicFish","DataDisk","Cursed Key"],"acts_visited":["Exordium","TheCity"],"potions_floor_usage":[11,16,23],"damage_taken":[{"damage":6,"enemies":"Cultist","floor":1,"turns":3},{"damage":15,"enemies":"Small Slimes","floor":4,"turns":3},{"damage":6,"enemies":"2 Louse","floor":7,"turns":3},{"damage":0,"enemies":"Looter","floor":8,"turns":5},{"damage":13,"enemies":"Lots of Slimes","floor":10,"turns":5},{"damage":40,"enemies":"3 Sentries","floor":11,"turns":10},{"damage":5,"enemies":"Blue Slaver","floor":12,"turns":7},{"damage":7,"enemies":"Large Slime","floor":14,"turns":6},{"damage":45,"enemies":"Slime Boss","floor":16,"turns":10},{"damage":27,"enemies":"3 Byrds","floor":18,"turns":4},{"damage":29,"enemies":"Shell Parasite","floor":21,"turns":5},{"damage":18,"enemies":"Book of Stabbing","floor":23,"turns":4}],"seed_played":"-3531850956434650608","potions_obtained":[{"floor":8,"key":"Regen Potion"},{"floor":11,"key":"Dexterity Potion"},{"floor":12,"key":"SneckoOil"}],"is_trial":false,"path_per_floor":["M","?","$","M","?","R","M","M","T","M","E","M","R","M","R","B",null,"M","$","?","M","$","E"],"character_chosen":"DEFECT","items_purchased":["Dead Branch","Capacitor","Core Surge","Panacea"],"campfire_rested":2,"item_purchase_floors":[3,19,22,22],"current_hp_per_floor":[40,40,40,25,18,39,40,47,47,41,30,32,53,60,60,22,59,32,32,32,17,17,0,0],"gold":78,"neow_bonus":"TWO_FIFTY_GOLD","is_daily":false,"chose_seed":false,"campfire_upgraded":1,"win_rate":0.0,"timestamp":1611666734,"path_taken":["M","?","$","M","?","R","M","M","T","M","E","M","R","M","R","BOSS","M","$","?","M","$","E"],"items_purchased_type":["Relic","Card","Card","Card"],"build_version":"2020-12-18","purchased_purges":1,"victory":false,"max_hp_per_floor":[71,71,71,71,71,71,71,71,71,71,71,71,71,71,71,71,71,71,71,71,71,71,71,71],"relic_stats":{"counters":[12,65],"Dead Branch":[35],"CeramicFish":108,"Cursed Key":0,"obtain_stats":[{"DataDisk":11,"Dead Branch":3,"CeramicFish":9,"Cracked Core":0,"Cursed Key":17},{"DataDisk":6,"Dead Branch":1,"CeramicFish":4,"Cracked Core":0,"Cursed Key":9},{"DataDisk":29,"Dead Branch":3,"CeramicFish":14,"Cracked Core":0,"Cursed Key":52}]},"card_choices":[{"not_picked":["Sweeping Beam","Beam Cell"],"picked":"Leap","floor":1},{"not_picked":["Beam Cell","Sweeping Beam"],"picked":"Self Repair","floor":4},{"not_picked":["Rebound","Scrape"],"picked":"Undo","floor":7},{"not_picked":["Rebound","Go for the Eyes"],"picked":"Streamline","floor":8},{"not_picked":["Streamline","Stack"],"picked":"Gash","floor":10},{"not_picked":["Steam Power","Hologram"],"picked":"Coolheaded","floor":11},{"not_picked":["FTL","Darkness"],"picked":"Aggregate","floor":12},{"not_picked":["Lockon","Ball Lightning"],"picked":"Echo Form","floor":14},{"not_picked":["Thunder Strike","Meteor Strike"],"picked":"Electrodynamics","floor":16},{"not_picked":["Compile Driver+1","Aggregate"],"picked":"Turbo","floor":18},{"not_picked":["Beam Cell+1","Capacitor"],"picked":"Loop","floor":21}],"player_experience":3308217,"relics_obtained":[{"floor":9,"key":"CeramicFish"},{"floor":11,"key":"DataDisk"}],"event_choices":[{"damage_healed":0,"gold_gain":0,"player_choice":"Ignored","damage_taken":0,"max_hp_gain":0,"max_hp_loss":0,"event_name":"Liars Game","floor":2,"gold_loss":0},{"cards_removed":["Strike_B"],"damage_healed":0,"gold_gain":0,"player_choice":"Card Removal","damage_taken":7,"max_hp_gain":0,"max_hp_loss":0,"event_name":"Golden Wing","floor":5,"gold_loss":0},{"damage_healed":0,"gold_gain":0,"cards_transformed":["Strike_B","Strike_B"],"player_choice":"Became Test Subject","damage_taken":0,"max_hp_gain":0,"max_hp_loss":0,"event_name":"Drug Dealer","floor":20,"gold_loss":0,"cards_obtained":["Undo","Meteor Strike"]}],"is_beta":true,"boss_relics":[{"not_picked":["Black Star","Busted Crown"],"picked":"Cursed Key"}],"items_purged_floors":[19],"is_endless":false,"potions_floor_spawned":[8,11,12,14],"killed_by":"Book of Stabbing","ascension_level":20}}