{"host":"i0avyit1s6jb1siw","time":1611680071,"event":{"mods":["BaseMod","DeckTracker","Dota2Spire","Highlight Path","Minty Spire (QoL Compilation)","Quick Restart","StSLib","SuperFastMode"],"gold_per_floor":[113,130,140,140,140,175,186,221,247,247,273,299,326,338,385,397,480,492,504,587,599,622,83,83,93,106,106,135,146,146,173,78,103,182,182,213,213,213,213],"floor_reached":38,"language":"ENG","playtime":675,"items_purged":["Strike_R"],"score":1210,"play_id":"61fd13c2-2092-4882-a333-cf1db4a9252d","local_time":"20210126175431","is_ascension_mode":true,"campfire_choices":[{"floor":14,"key":"REST"},{"data":"Spot Weakness","floor":16,"key":"SMITH"},{"data":"Corruption","floor":19,"key":"SMITH"},{"data":"Feel No Pain","floor":27,"key":"SMITH"},{"data":"Feel No Pain","floor":35,"key":"SMITH"},{"data":"Power Through","floor":37,"key":"SMITH"}],"circlet_count":0,"master_deck":["AscendersBane","Strike_R","Strike_R","Strike_R","Strike_R","Defend_R","Defend_R","Defend_R","Defend_R","Bash","Feel No Pain+1","Uppercut+1","Spot Weakness+1","Sword Boomerang","True Grit","Ghostly Armor","Corruption+1","Exhume","Second Wind","Shrug It Off","Feel No Pain+1","Power Through+1","Shrug It Off","Wild Strike"],"relics":["Burning Blood","NeowsBlessing","Dota2Spire:DivineRapier","Art of War","Vajra","Dota2Spire:CrimsonGuard","Dota2Spire:Vanguard","Dota2Spire:MonkeyKingBar","MawBank","Du-Vu Doll","Dota2Spire:RefresherOrb","Snecko Eye","Dota2Spire:Mjollnir","Medical Kit","Dream Catcher","Ancient Tea Set","Dota2Spire:DrumOfEndurance","Prayer Wheel","Gremlin Horn"],"acts_visited":["Exordium","TheCity"],"potions_floor_usage":[15,33,33],"damage_taken":[{"damage":0,"enemies":"Cultist","floor":1,"turns":1},{"damage":0,"enemies":"Jaw Worm","floor":2,"turns":1},{"damage":0,"enemies":"Small Slimes","floor":3,"turns":1},{"damage":37,"enemies":"3 Sentries","floor":6,"turns":5},{"damage":13,"enemies":"Gremlin Gang","floor":7,"turns":4},{"damage":0,"enemies":"Gremlin Nob","floor":8,"turns":2},{"damage":16,"enemies":"3 Sentries","floor":11,"turns":5},{"damage":0,"enemies":"Large Slime","floor":12,"turns":2},{"damage":18,"enemies":"Lots of Slimes","floor":13,"turns":3},{"damage":0,"enemies":"Gremlin Nob","floor":15,"turns":2},{"damage":17,"enemies":"The Guardian","floor":17,"turns":7},{"damage":4,"enemies":"The Guardian","floor":20,"turns":6},{"damage":6,"enemies":"Shell Parasite","floor":22,"turns":2},{"damage":0,"enemies":"Chosen","floor":25,"turns":3},{"damage":19,"enemies":"Centurion and Healer","floor":26,"turns":4},{"damage":10,"enemies":"Gremlin Leader","floor":28,"turns":5},{"damage":17,"enemies":"Chosen and Byrds","floor":29,"turns":4},{"damage":3,"enemies":"Book of Stabbing","floor":31,"turns":4},{"damage":13,"enemies":"Slavers","floor":33,"turns":5},{"damage":0,"enemies":"Gremlin Leader","floor":36,"turns":3},{"damage":47,"enemies":"Collector","floor":38,"turns":3}],"seed_played":"232281197882321625","potions_obtained":[{"floor":1,"key":"ColorlessPotion"},{"floor":7,"key":"Dota2Spire:Clarity"},{"floor":8,"key":"GamblersBrew"},{"floor":12,"key":"FearPotion"},{"floor":20,"key":"Dota2Spire:Clarity"},{"floor":22,"key":"ColorlessPotion"},{"floor":31,"key":"Energy Potion"}],"is_trial":false,"path_per_floor":["M","M","M","?","?","E","M","E","T","T","E","M","M","R","E","R","B",null,"R","B",null,"M","$","?","M","M","R","E","M","T","E","$","E","T","R","E","R","B"],"character_chosen":"IRONCLAD","items_purchased":["Dota2Spire:Mjollnir","Medical Kit","Power Through","Shrug It Off"],"campfire_rested":1,"item_purchase_floors":[23,23,32,32],"current_hp_per_floor":[74,75,75,57,57,26,19,25,25,25,15,21,9,31,37,37,26,26,26,28,63,63,63,63,69,56,56,52,41,41,44,44,37,37,37,43,43,0,0],"gold":213,"neow_bonus":"THREE_ENEMY_KILL","is_daily":false,"chose_seed":false,"campfire_upgraded":5,"win_rate":0.0,"timestamp":1611680071,"path_taken":["M","M","?","?","?","E","M","E","T","T","E","M","?","R","E","R","BOSS","R","BOSS","M","$","?","?","M","R","E","M","T","E","$","E","?","R","E","R","BOSS"],"items_purchased_type":["Relic","Relic","Card","Card"],"build_version":"2020-12-22","purchased_purges":1,"victory":false,"max_hp_per_floor":[75,75,75,75,75,75,75,75,75,75,75,75,75,75,75,75,75,75,75,75,75,75,75,75,75,75,75,75,75,75,75,75,75,75,75,75,75,75,75],"card_choices":[{"not_picked":["Intimidate","Heavy Blade"],"picked":"Feel No Pain","floor":1},{"not_picked":["Flex","Anger"],"picked":"Uppercut","floor":2},{"not_picked":["Inflame","Armaments"],"picked":"Spot Weakness","floor":3},{"not_picked":["Reckless Charge","Clash","Dark Embrace"],"picked":"SKIP","floor":6},{"not_picked":["Havoc","Iron Wave"],"picked":"Sword Boomerang","floor":7},{"not_picked":["Dropkick","Clothesline","Dual Wield"],"picked":"SKIP","floor":8},{"not_picked":["Warcry","Perfected Strike"],"picked":"True Grit","floor":11},{"not_picked":["Dark Embrace","Twin Strike","Flex"],"picked":"SKIP","floor":12},{"not_picked":["Searing Blow","Entrench"],"picked":"Ghostly Armor","floor":13},{"not_picked":["Feel No Pain","Sever Soul","Warcry"],"picked":"SKIP","floor":15},{"not_picked":["Reaper","Demon Form"],"picked":"Corruption","floor":17},{"not_picked":["Bludgeon","Brutality"],"picked":"Exhume","floor":20},{"not_picked":["Warcry","Clothesline"],"picked":"Second Wind","floor":22},{"not_picked":["Body Slam","Clothesline","True Grit"],"picked":"SKIP","floor":25},{"not_picked":["Iron Wave+1","Warcry","Sword Boomerang"],"picked":"SKIP","floor":26},{"not_picked":["Whirlwind","Metallicize"],"picked":"Shrug It Off","floor":28},{"not_picked":["Headbutt","Iron Wave"],"picked":"Feel No Pain","floor":29},{"not_picked":["Second Wind","True Grit","Cleave"],"picked":"SKIP","floor":31},{"not_picked":["Bludgeon","Intimidate+1","Clash"],"picked":"SKIP","floor":33},{"not_picked":["Body Slam","Clothesline"],"picked":"Wild Strike","floor":36}],"player_experience":2352254,"relics_obtained":[{"floor":6,"key":"Vajra"},{"floor":8,"key":"Dota2Spire:CrimsonGuard"},{"floor":9,"key":"Dota2Spire:Vanguard"},{"floor":10,"key":"Dota2Spire:MonkeyKingBar"},{"floor":11,"key":"MawBank"},{"floor":15,"key":"Du-Vu Doll"},{"floor":28,"key":"Dream Catcher"},{"floor":30,"key":"Ancient Tea Set"},{"floor":31,"key":"Dota2Spire:DrumOfEndurance"},{"floor":33,"key":"Prayer Wheel"},{"floor":34,"key":"Gremlin Horn"}],"event_choices":[{"damage_healed":0,"gold_gain":0,"player_choice":"Success","damage_taken":18,"relics_obtained":["Dota2Spire:DivineRapier"],"max_hp_gain":0,"max_hp_loss":0,"event_name":"Scrap Ooze","floor":4,"gold_loss":0},{"damage_healed":0,"gold_gain":0,"player_choice":"Gave Potion","damage_taken":0,"relics_obtained":["Art of War"],"max_hp_gain":0,"max_hp_loss":0,"event_name":"WeMeetAgain","floor":5,"gold_loss":0},{"damage_healed":0,"gold_gain":0,"player_choice":"Upgraded","damage_taken":0,"max_hp_gain":0,"max_hp_loss":0,"event_name":"Upgrade Shrine","floor":24,"gold_loss":0,"cards_upgraded":["Uppercut"]}],"is_beta":false,"boss_relics":[{"not_picked":["Black Star","Sozu"],"picked":"Dota2Spire:RefresherOrb"},{"not_picked":["Runic Dome","Coffee Dripper"],"picked":"Snecko Eye"}],"items_purged_floors":[23],"is_endless":false,"potions_floor_spawned":[1,7,8,12,20,22,25,29,31],"killed_by":"Collector","ascension_level":20}}