{"host":"74uvi6kym3vf3uk6","time":1611703057,"event":{"mods":["AchievementEnabler","BaseMod","Better Altar","Better Match","Better Note","Better Sensory Stone","Better Skull","Better Third Choice","CatGirl Mod","Colored Map","Colored Powertips","Custom Start","Dark Map","Highlight Path","Minty Spire (QoL Compilation)","Permanent Neow","Rare Cards Sparkle","Shop Mod","StSLib","The Elementalist","The Exalted","The Runesmith","The Servant 0.9.4"],"gold_per_floor":[118,118,118,138,159,159,109,109,109],"floor_reached":8,"language":"ENG","playtime":835,"items_purged":[],"score":46,"play_id":"c5f034fa-d2ae-4a07-8794-c98ca31ccc60","local_time":"20210126171737","is_ascension_mode":false,"campfire_choices":[{"floor":6,"key":"REST"}],"circlet_count":0,"master_deck":["theCatGirl:Strike","theCatGirl:Strike","theCatGirl:Strike","theCatGirl:Strike","theCatGirl:Defend","theCatGirl:Defend","theCatGirl:Defend","theCatGirl:ClawStrike","theCatGirl:Evasion","theCatGirl:TwoStep","theCatGirl:ExtremeSpeed","theCatGirl:DefensiveStance"],"relics":["Bromod:ArcaneBarrier","Golden Idol","Bromod:ArcaneAegis"],"acts_visited":["Exordium"],"potions_floor_usage":[5],"damage_taken":[{"damage":4,"enemies":"Small Slimes","floor":1,"turns":6},{"damage":5,"enemies":"Jaw Worm","floor":4,"turns":8},{"damage":3,"enemies":"2 Louse","floor":5,"turns":3},{"damage":72,"enemies":"Gremlin Nob","floor":8,"turns":6}],"seed_played":"2355845965409768243","potions_obtained":[{"floor":1,"key":"Energy Potion"},{"floor":5,"key":"Fruit Juice"}],"is_trial":false,"path_per_floor":["M","?","?","M","M","R","?","E"],"character_chosen":"THE_CATGIRL","items_purchased":[],"campfire_rested":1,"item_purchase_floors":[],"current_hp_per_floor":[66,65,53,48,50,70,70,0,0],"gold":109,"neow_bonus":"BOSS_RELIC","is_daily":false,"chose_seed":false,"campfire_upgraded":0,"win_rate":0.0,"timestamp":1611703057,"path_taken":["M","?","?","M","M","R","?","E"],"items_purchased_type":[],"build_version":"2020-12-22","purchased_purges":0,"victory":false,"max_hp_per_floor":[70,65,65,65,70,70,70,70,70],"card_choices":[{"not_picked":["theCatGirl:ExtremeSpeed","theCatGirl:BodyBlow"],"picked":"theCatGirl:TwoStep","floor":1},{"not_picked":["theCatGirl:BodyBlow","theCatGirl:ClenchYourTeeth"],"picked":"theCatGirl:ExtremeSpeed","floor":4},{"not_picked":["theCatGirl:LuckyBlow","theCatGirl:Counterattack"],"picked":"theCatGirl:DefensiveStance","floor":5}],"player_experience":178755,"relics_obtained":[],"event_choices":[{"damage_healed":0,"gold_gain":0,"player_choice":"Lose Max HP","damage_taken":0,"relics_obtained":["Golden Idol"],"max_hp_gain":0,"max_hp_loss":5,"event_name":"Golden Idol","floor":2,"gold_loss":0},{"damage_healed":0,"gold_gain":0,"player_choice":"Relic ","damage_taken":12,"max_hp_gain":0,"max_hp_loss":0,"event_name":"betterThird:BetterScrap","floor":3,"gold_loss":0,"cards_obtained":["Doom and Gloom"]},{"cards_removed":["theCatGirl:Defend"],"damage_healed":0,"gold_gain":0,"player_choice":"Card Removal","damage_taken":0,"max_hp_gain":0,"max_hp_loss":0,"event_name":"The Cleric","floor":7,"gold_loss":50}],"is_beta":false,"boss_relics":[],"items_purged_floors":[],"is_endless":false,"potions_floor_spawned":[1,5],"killed_by":"Gremlin Nob","ascension_level":0}}