{"host":"kywtqy4o43fs5yna","time":1611650610,"event":{"mods":["AchievementEnabler","Act Like it!","BaseMod","Better Note","BetterRewards","Colored Map","Minty Spire (QoL Compilation)","Quick Restart","Rare Cards Sparkle","StSLib","SuperFastMode"],"gold_per_floor":[118,293,243,243,263,294,146,146,201,201,231,88,103,128,128,226,226,246,263,41,62,75,103,18,18,41,75,115,115,149,149,149],"floor_reached":31,"language":"RUS","playtime":1149,"items_purged":[],"score":455,"play_id":"2915694b-529e-478c-8398-11dacafe9490","local_time":"20210126184330","is_ascension_mode":true,"campfire_choices":[{"data":"Choke","floor":8,"key":"SMITH"},{"data":"Choke","floor":10,"key":"SMITH"},{"data":"Phantasmal Killer","floor":15,"key":"SMITH"},{"data":"Envenom","floor":25,"key":"SMITH"},{"data":"Accuracy","floor":29,"key":"SMITH"}],"circlet_count":0,"master_deck":["Survivor+1","Neutralize","Accuracy+1","Choke","Choke+1","Choke+1","Finisher","Cloak And Dagger","Phantasmal Killer+1","Backstab","Bullet Time","Adrenaline","Dagger Spray","Poisoned Stab","Malaise","Slice","Die Die Die","Well Laid Plans","Bullet Time","PiercingWail","After Image","Bane","Terror","Envenom+1","Blade Dance","Blade Dance","Blade Dance+1","Deflect+1","Accuracy","Blade Dance"],"relics":["Ring of the Snake","Prayer Wheel","Ninja Scroll","PreservedInsect","Ice Cream","War Paint","Potion Belt","Tiny Chest","Akabeko","Pandora\u0027s Box","Membership Card","CeramicFish","Boot","Happy Flower","Snake Skull","Paper Crane"],"acts_visited":["Exordium","TheCity"],"potions_floor_usage":[16,16,16,28,31],"damage_taken":[{"damage":0,"enemies":"2 Louse","floor":1,"turns":2},{"damage":0,"enemies":"Small Slimes","floor":5,"turns":1},{"damage":2,"enemies":"3 Sentries","floor":6,"turns":4},{"damage":0,"enemies":"Jaw Worm","floor":13,"turns":1},{"damage":0,"enemies":"Lagavulin","floor":14,"turns":2},{"damage":14,"enemies":"Hexaghost","floor":16,"turns":9},{"damage":0,"enemies":"Shell Parasite","floor":18,"turns":1},{"damage":0,"enemies":"Chosen","floor":19,"turns":3},{"damage":24,"enemies":"Snake Plant","floor":21,"turns":2},{"damage":20,"enemies":"Centurion and Healer","floor":22,"turns":4},{"damage":0,"enemies":"Gremlin Leader","floor":23,"turns":3},{"damage":0,"enemies":"Cultist and Chosen","floor":27,"turns":2},{"damage":5,"enemies":"Slavers","floor":28,"turns":2},{"damage":0,"enemies":"Shelled Parasite and Fungi","floor":30,"turns":1},{"damage":21,"enemies":"Book of Stabbing","floor":31,"turns":2}],"seed_played":"6757231712531534537","potions_obtained":[{"floor":6,"key":"BlessingOfTheForge"},{"floor":13,"key":"Energy Potion"},{"floor":14,"key":"SpeedPotion"},{"floor":21,"key":"ColorlessPotion"},{"floor":22,"key":"PowerPotion"},{"floor":23,"key":"Strength Potion"}],"is_trial":false,"path_per_floor":["M","?","?","?","M","E","$","R","T","R","?","$","M","E","R","B",null,"M","M","$","M","M","E","?","R","T","M","E","R","M","E"],"character_chosen":"THE_SILENT","items_purchased":["Prayer Wheel","Accuracy","Ninja Scroll","Choke","War Paint","Phantasmal Killer","Membership Card","CeramicFish"],"campfire_rested":0,"item_purchase_floors":[0,0,0,0,7,12,20,20],"current_hp_per_floor":[38,38,38,35,35,33,33,33,33,33,33,33,33,33,33,19,70,70,70,70,46,26,26,26,26,26,26,21,21,21,0,0],"gold":149,"neow_bonus":"","is_daily":false,"chose_seed":false,"campfire_upgraded":5,"win_rate":0.0,"timestamp":1611650610,"path_taken":["M","?","?","?","M","E","$","R","T","R","?","$","M","E","R","BOSS","M","M","$","M","M","E","?","R","T","M","E","R","M","E"],"items_purchased_type":["Relic","Card","Relic","Card","Relic","Card","Relic","Relic"],"build_version":"2020-12-22","purchased_purges":0,"victory":false,"max_hp_per_floor":[70,70,70,70,70,70,70,70,70,70,70,70,70,70,70,70,70,70,70,70,70,70,70,70,70,70,70,70,70,70,70,70],"card_choices":[{"not_picked":["PiercingWail","Caltrops"],"picked":"Choke","floor":1},{"not_picked":["Predator","Underhanded Strike"],"picked":"Choke","floor":1},{"not_picked":["Underhanded Strike","Catalyst"],"picked":"Finisher","floor":5},{"not_picked":["Deadly Poison","Caltrops","Predator"],"picked":"SKIP","floor":5},{"not_picked":["Eviscerate","Deflect"],"picked":"Cloak And Dagger","floor":6},{"not_picked":["Reflex","Bane"],"picked":"Backstab","floor":13},{"not_picked":["Noxious Fumes","Prepared","Finisher"],"picked":"SKIP","floor":13},{"not_picked":["Outmaneuver","Dash"],"picked":"Bullet Time","floor":14},{"not_picked":["Phantasmal Killer","Tools of the Trade"],"picked":"Adrenaline","floor":16},{"not_picked":["Deadly Poison","Sucker Punch"],"picked":"Terror","floor":18},{"not_picked":["Bane","Expertise","Noxious Fumes"],"picked":"SKIP","floor":18},{"not_picked":["Crippling Poison+1","Noxious Fumes"],"picked":"Envenom","floor":19},{"not_picked":["Prepared","Poisoned Stab","Acrobatics"],"picked":"SKIP","floor":19},{"not_picked":["Quick Slash","Heel Hook"],"picked":"Blade Dance","floor":21},{"not_picked":["Sucker Punch","Dagger Throw","Underhanded Strike"],"picked":"SKIP","floor":21},{"not_picked":["Prepared","Flying Knee","Dodge and Roll"],"picked":"SKIP","floor":22},{"not_picked":["Dagger Spray+1","Noxious Fumes","Dash"],"picked":"SKIP","floor":22},{"not_picked":["Wraith Form v2","Tactician+1","Quick Slash"],"picked":"SKIP","floor":23},{"not_picked":["Prepared","Phantasmal Killer"],"picked":"Blade Dance","floor":27},{"not_picked":["Distraction+1","Backstab"],"picked":"Blade Dance+1","floor":27},{"not_picked":["Poisoned Stab+1","Prepared"],"picked":"Deflect+1","floor":28},{"not_picked":["Well Laid Plans","Finisher"],"picked":"Accuracy","floor":30},{"not_picked":["Underhanded Strike","Caltrops"],"picked":"Blade Dance","floor":30}],"player_experience":190525,"relics_obtained":[{"floor":6,"key":"Ice Cream"},{"floor":9,"key":"Potion Belt"},{"floor":14,"key":"Akabeko"},{"floor":23,"key":"Boot"},{"floor":26,"key":"Snake Skull"},{"floor":28,"key":"Paper Crane"}],"event_choices":[{"damage_healed":0,"gold_gain":175,"player_choice":"AGREE","damage_taken":0,"max_hp_gain":0,"max_hp_loss":0,"event_name":"Liars Game","floor":2,"gold_loss":0,"cards_obtained":["Doubt"]},{"cards_removed":["Doubt"],"damage_healed":0,"gold_gain":0,"player_choice":"Card Removal","damage_taken":0,"max_hp_gain":0,"max_hp_loss":0,"event_name":"The Cleric","floor":3,"gold_loss":50},{"damage_healed":0,"gold_gain":0,"player_choice":"Success","damage_taken":3,"relics_obtained":["PreservedInsect"],"max_hp_gain":0,"max_hp_loss":0,"event_name":"Scrap Ooze","floor":4,"gold_loss":0},{"damage_healed":0,"gold_gain":30,"player_choice":"Searched \u00273\u0027 times","damage_taken":0,"relics_obtained":["Tiny Chest"],"max_hp_gain":0,"max_hp_loss":0,"event_name":"Dead Adventurer","floor":11,"gold_loss":0},{"damage_healed":0,"gold_gain":0,"player_choice":"Obtained Relic","damage_taken":0,"relics_obtained":["Happy Flower"],"max_hp_gain":0,"max_hp_loss":0,"event_name":"Addict","floor":24,"gold_loss":85}],"is_beta":false,"boss_relics":[{"not_picked":["SacredBark","Snecko Eye"],"picked":"Pandora\u0027s Box"}],"items_purged_floors":[],"is_endless":false,"potions_floor_spawned":[6,13,14,21,22,23],"killed_by":"Book of Stabbing","ascension_level":4}}