{"host":"dxb4eoww080epc4n","time":1611673575,"event":{"mods":["AchievementEnabler","BaseMod","Better Note","BetterRewards","Colored Powertips","Conspire","Energized Spire","GifTheSpireLib","Gremlin Skip","Hubris","KinomotoSakuraMod(????)","Minty Spire (QoL Compilation)","Permanent Neow","Quick Restart","Rare Cards Sparkle","Relic Sorter","Replay The Spire","Shop Mod","Spikes Relics","StSLib","The Animator"],"gold_per_floor":[122,140,151,151,181,214,214,228,254,271,271,76,96,96,96,205,205,235,260,284,5,5,5,47,47,47,64,85,193,193,222,222,335,335,354,354,98,110,118,118],"floor_reached":39,"language":"ENG","playtime":5125,"items_purged":["Overencumbered"],"score":448,"play_id":"c62ec722-8711-4c24-bcc3-965d813bfb82","local_time":"20210126160615","is_ascension_mode":false,"campfire_choices":[{"floor":7,"key":"REST"},{"floor":11,"key":"REST"},{"floor":15,"key":"REST"},{"floor":23,"key":"REST"},{"floor":25,"key":"REST"},{"floor":32,"key":"RECALL"}],"circlet_count":0,"master_deck":["animator:Strike_Konosuba","animator:Defend_Konosuba","animator:Strike","animator:Strike","animator:Strike","animator:Defend","animator:Defend","animator:Defend","animator:Kazuma","animator:Aqua","animator:Fredrika","animator:Guy","animator:Sebas","animator:Chris","animator:Saitama","animator:Kazuma","animator:Eris","animator:Demiurge","hubris:NaturalOne","animator:Sebas+1","animator:Sebas+1","animator:YunYun","animator:Mitsurugi","animator:NarberalGamma","animator:YunYun","animator:Darkness","animator:Ainz","animator:HigakiRinne","animator:Mitsurugi","animator:Mitsurugi","animator:Urushihara+1","animator:CowGirl","animator:Kazuma+1"],"relics":["animator:VividPicture","hubris:Icosahedron","animator:TheMissingPiece","ReplayTheSpireMod:TigerMarble","Letter Opener","Bag of Preparation","MerchantsRug","ReplayTheSpireMod:CursedCoin","Blue Doll","PreservedInsect","Happy Flower","Pocketwatch","Sundial","Peace Pipe","RoseTintedShades","Lantern","conspire:RoyalGoblet","HandDrill"],"acts_visited":["Exordium","TheCity","TheBeyond"],"potions_floor_usage":[6,19,39],"damage_taken":[{"damage":7,"enemies":"Jaw Worm","floor":1,"turns":9},{"damage":10,"enemies":"Cultist","floor":2,"turns":7},{"damage":0,"enemies":"Small Slimes","floor":3,"turns":4},{"damage":0,"enemies":"3 Louse","floor":5,"turns":1},{"damage":56,"enemies":"Gremlin Nob","floor":6,"turns":6},{"damage":0,"enemies":"Blue Slaver","floor":8,"turns":3},{"damage":0,"enemies":"Gremlin Gang","floor":10,"turns":2},{"damage":0,"enemies":"Lots of Slimes","floor":13,"turns":2},{"damage":62,"enemies":"Fading Forest","floor":16,"turns":11},{"damage":70,"enemies":"Chosen","floor":18,"turns":12},{"damage":0,"enemies":"3 Byrds","floor":19,"turns":4},{"damage":3,"enemies":"conspire:HollyBat","floor":20,"turns":11},{"damage":5,"enemies":"Gremlin Leader","floor":24,"turns":7},{"damage":1,"enemies":"Snecko","floor":27,"turns":6},{"damage":6,"enemies":"Centurion and Healer","floor":28,"turns":4},{"damage":0,"enemies":"Colosseum Slavers","floor":29,"turns":4},{"damage":0,"enemies":"Colosseum Nobs","floor":29,"turns":3},{"damage":0,"enemies":"animator:HornedBat","floor":31,"turns":3},{"damage":38,"enemies":"Collector","floor":33,"turns":13},{"damage":20,"enemies":"3 Darklings","floor":35,"turns":5},{"damage":0,"enemies":"Orb Walker","floor":38,"turns":2},{"damage":97,"enemies":"Maw","floor":39,"turns":9}],"seed_played":"3530332235240206373","potions_obtained":[{"floor":1,"key":"SpeedPotion"},{"floor":3,"key":"PowerPotion"},{"floor":5,"key":"FairyPotion"},{"floor":8,"key":"Languid Potion"},{"floor":13,"key":"Block Potion"},{"floor":19,"key":"Milkshake"},{"floor":24,"key":"FairyPotion"},{"floor":29,"key":"Adrenaline Potion"},{"floor":31,"key":"Energy Potion"},{"floor":33,"key":"Doom Potion"}],"is_trial":false,"path_per_floor":["M","M","M","?","M","E","R","M","T","M","R","$","M","?","R","B",null,"M","M","M","$","?","R","E","R","T","M","M","?","T","E","R","B",null,"M","?","$","M","M"],"character_chosen":"THE_ANIMATOR","items_purchased":["MerchantsRug","ReplayTheSpireMod:CursedCoin","Blue Doll","PreservedInsect","Happy Flower","animator:Mitsurugi","animator:Urushihara+1","animator:CowGirl","HandDrill"],"campfire_rested":5,"item_purchase_floors":[12,12,12,21,21,37,37,37,37],"current_hp_per_floor":[61,53,55,55,55,1,20,22,22,24,43,43,45,45,64,5,67,5,10,12,12,12,32,32,52,52,59,58,67,67,68,68,35,68,53,44,44,47,0,0],"gold":118,"neow_bonus":"RANDOM_COMMON_RELIC","is_daily":false,"chose_seed":false,"campfire_upgraded":0,"win_rate":0.0,"timestamp":1611673575,"path_taken":["M","M","M","?","M","E","R","M","T","M","R","$","?","?","R","BOSS","M","M","M","$","?","R","E","R","T","M","M","?","?","E","R","BOSS","M","?","$","M","M"],"items_purchased_type":["Relic","Relic","Relic","Relic","Relic","Card","Card","Card","Relic"],"build_version":"2020-12-22","purchased_purges":1,"victory":false,"max_hp_per_floor":[66,66,66,66,66,66,66,66,66,66,66,66,66,66,66,67,67,67,67,67,67,67,67,67,67,67,67,67,67,67,68,68,68,68,68,68,68,68,68,68],"card_choices":[{"not_picked":["animator:Sonic","animator:Geryuganshoop"],"picked":"animator:Arpeggio","floor":1},{"not_picked":["animator:Gillette","animator:Ara"],"picked":"animator:Fredrika","floor":2},{"not_picked":["animator:Ara","animator:Elsword"],"picked":"animator:Guy","floor":3},{"not_picked":["animator:Megumin","animator:Aqua"],"picked":"animator:Chris","floor":5},{"not_picked":["animator:Raven","animator:Entoma"],"picked":"animator:Saitama","floor":6},{"not_picked":["animator:Elsword","animator:Raven","animator:Arpeggio"],"picked":"SKIP","floor":8},{"not_picked":["animator:Ara","animator:Spearman"],"picked":"animator:Kazuma","floor":10},{"not_picked":["animator:ChaikaTrabant","animator:GoblinSlayer"],"picked":"animator:Eris","floor":16},{"not_picked":["animator:Arpeggio","animator:Kuribayashi"],"picked":"animator:Demiurge","floor":18},{"not_picked":["animator:Add","animator:Rena+1"],"picked":"animator:Sebas+1","floor":19},{"not_picked":["animator:Raven","animator:Demiurge"],"picked":"animator:Sebas+1","floor":20},{"not_picked":["animator:Darkness","animator:Verdia"],"picked":"animator:Mitsurugi","floor":24},{"not_picked":["animator:Tatsumaki+1","animator:Genos","animator:Aqua"],"picked":"SKIP","floor":27},{"not_picked":["animator:Ain","animator:Guy+1"],"picked":"animator:NarberalGamma","floor":28},{"not_picked":["animator:Melzalgald","animator:Shalltear"],"picked":"animator:YunYun","floor":29},{"not_picked":["animator:Verdia","animator:Aqua"],"picked":"animator:Darkness","floor":31},{"not_picked":["animator:Hans","animator:GoblinSlayer"],"picked":"animator:Ainz","floor":33},{"not_picked":["animator:Arpeggio","animator:DwarfShaman","animator:Cocytus+1"],"picked":"SKIP","floor":35},{"not_picked":["animator:Aqua","animator:SilverFang+1"],"picked":"animator:Kazuma+1","floor":38}],"player_experience":141245,"relics_obtained":[{"floor":6,"key":"Letter Opener"},{"floor":9,"key":"Bag of Preparation"},{"floor":24,"key":"Pocketwatch"},{"floor":26,"key":"Sundial"},{"floor":29,"key":"Peace Pipe"},{"floor":29,"key":"RoseTintedShades"},{"floor":31,"key":"Lantern"}],"event_choices":[{"damage_healed":0,"gold_gain":0,"cards_transformed":["animator:Arpeggio"],"player_choice":"Transformed","damage_taken":0,"max_hp_gain":0,"max_hp_loss":0,"event_name":"Transmorgrifier","floor":4,"gold_loss":0,"cards_obtained":["animator:Sebas"]},{"cards_removed":["animator:Sebas"],"damage_healed":0,"gold_gain":0,"player_choice":"Take \u0026 Give","damage_taken":0,"max_hp_gain":0,"max_hp_loss":0,"event_name":"betterNote:BetterNote","floor":22,"gold_loss":0,"cards_obtained":["animator:YunYun"]},{"damage_healed":0,"gold_gain":0,"player_choice":"Fight","damage_taken":0,"max_hp_gain":0,"max_hp_loss":0,"event_name":"Colosseum","floor":29,"gold_loss":0},{"damage_healed":0,"gold_gain":0,"player_choice":"Fought Nobs","damage_taken":0,"max_hp_gain":0,"max_hp_loss":0,"event_name":"Colosseum","floor":29,"gold_loss":0},{"damage_healed":0,"gold_gain":0,"player_choice":"Embrace Madness","damage_taken":9,"max_hp_gain":0,"max_hp_loss":0,"event_name":"Winding Halls","floor":36,"gold_loss":0,"cards_obtained":["animator:HigakiRinne"]}],"is_beta":false,"boss_relics":[{"not_picked":["hubris:BlackHole","Calling Bell"],"picked":"animator:VividPicture"},{"not_picked":["Replay:Drink Me","energizedSpire:StickyHand"],"picked":"conspire:RoyalGoblet"}],"items_purged_floors":[12],"is_endless":false,"potions_floor_spawned":[1,3,5,8,13,19,24,29,31,33,38],"killed_by":"Maw","ascension_level":0}}