{"host":"d7fiu2yjkssjxoz6","time":1611650036,"event":{"mods":["AchievementEnabler","BaseMod","Duelist Mod","Minty Spire (QoL Compilation)","StSLib"],"gold_per_floor":[391,641,655,655,673,673,684,719,719,750,768,768,817,830,830,901,901,918,938,953,965,965,965],"floor_reached":22,"language":"ENG","playtime":1301,"items_purged":[],"score":383,"play_id":"4e5db2aa-1352-4005-be40-dc22468997c3","local_time":"20210126003356","is_ascension_mode":true,"campfire_choices":[{"data":"theDuelist:SphereKuriboh","floor":6,"key":"SMITH"},{"data":"theDuelist:Yami","floor":12,"key":"SMITH"},{"data":"theDuelist:SphereKuriboh+1","floor":15,"key":"SMITH"}],"circlet_count":0,"master_deck":["AscendersBane","theDuelist:CastleWalls","theDuelist:CastleWalls","theDuelist:DunamesDarkWitch","theDuelist:Eva","theDuelist:Hayate","theDuelist:RainbowFlower","theDuelist:RainbowKuribohBasic","theDuelist:RainbowNeos","theDuelist:Sparks","theDuelist:Sparks","theDuelist:SphereKuriboh+2","theDuelist:Nameless:Power:ForbiddenLance","theDuelist:DoomcaliberKnight","theDuelist:AlphaMagnet","theDuelist:BigFire","theDuelist:FrillerRabca","theDuelist:VanityFiend","theDuelist:Yami+1","theDuelist:Kuribohrn","theDuelist:IceQueen","theDuelist:RainbowFlower"],"relics":["theDuelist:MillenniumPuzzle","theDuelist:CardPoolRelic","theDuelist:CardPoolBasicRelic","theDuelist:BoosterPackPoolRelic","theDuelist:CardPoolAddRelic","theDuelist:CardPoolMinusRelic","theDuelist:CardPoolSaveRelic","theDuelist:CardPoolOptionsRelic","Pear","Ornamental Fan","theDuelist:MetronomeRelicB","theDuelist:GamblerChip"],"acts_visited":["Exordium","TheCity"],"potions_floor_usage":[10,22,22],"damage_taken":[{"damage":0,"enemies":"2 Louse","floor":1,"turns":3},{"damage":0,"enemies":"Jaw Worm","floor":3,"turns":4},{"damage":0,"enemies":"Cultist","floor":5,"turns":2},{"damage":0,"enemies":"Exordium Thugs","floor":7,"turns":4},{"damage":0,"enemies":"3 Sentries","floor":8,"turns":6},{"damage":11,"enemies":"Lagavulin","floor":10,"turns":6},{"damage":8,"enemies":"Blue Slaver","floor":11,"turns":2},{"damage":0,"enemies":"Looter","floor":14,"turns":2},{"damage":21,"enemies":"Hexaghost","floor":16,"turns":10},{"damage":17,"enemies":"3 Byrds","floor":18,"turns":6},{"damage":0,"enemies":"Spheric Guardian","floor":19,"turns":3},{"damage":1,"enemies":"Centurion and Healer","floor":20,"turns":6},{"damage":28,"enemies":"Cultist and Chosen","floor":21,"turns":8},{"damage":16,"enemies":"Snecko","floor":22,"turns":3}],"seed_played":"-455521496483187591","potions_obtained":[{"floor":1,"key":"theDuelist:FlamingBottle"},{"floor":10,"key":"SpeedPotion"},{"floor":14,"key":"theDuelist:ExtraOrbsBottle"}],"is_trial":false,"path_per_floor":["M","?","M","?","M","R","M","E","T","E","M","R","T","M","R","B",null,"M","M","M","M","M"],"character_chosen":"THE_DUELIST","items_purchased":[],"campfire_rested":0,"item_purchase_floors":[],"current_hp_per_floor":[45,45,45,45,45,45,45,55,55,44,36,36,36,36,36,15,59,42,42,41,13,0,0],"gold":965,"neow_bonus":"TWO_FIFTY_GOLD","is_daily":false,"chose_seed":false,"campfire_upgraded":3,"win_rate":0.0,"timestamp":1611650036,"path_taken":["M","?","M","?","?","R","M","E","T","E","M","R","?","M","R","BOSS","M","M","M","M","M"],"items_purchased_type":[],"build_version":"2020-12-22","purchased_purges":0,"victory":false,"max_hp_per_floor":[70,64,64,64,64,64,64,74,74,74,74,74,74,74,74,74,74,74,74,74,74,74,74],"card_choices":[{"not_picked":["theDuelist:LightningDarts","theDuelist:MagicalStone+1","theDuelist:OneForOne+1","theDuelist:DianKeto+1"],"picked":"theDuelist:SphereKuriboh","floor":1},{"not_picked":["theDuelist:Lajinn","theDuelist:DunamesDarkWitch","theDuelist:FluteSummoning","theDuelist:Yami"],"picked":"theDuelist:DoomcaliberKnight","floor":3},{"not_picked":["theDuelist:RainbowFlower","theDuelist:FiendMegacyber","theDuelist:OhFish","theDuelist:ExploderDragonwing"],"picked":"theDuelist:AlphaMagnet","floor":5},{"not_picked":["theDuelist:MudragonSwamp","theDuelist:WeepingIdol","theDuelist:BigKoala","theDuelist:GraniteLoyalist"],"picked":"theDuelist:BigFire","floor":7},{"not_picked":["theDuelist:AmphibiousBugroth","theDuelist:WanderingKing","theDuelist:IronDraw","theDuelist:Boneheimer"],"picked":"theDuelist:FrillerRabca","floor":8},{"not_picked":["theDuelist:SummonedSkull","theDuelist:FlyingSaucer","theDuelist:VampireFraulein","theDuelist:Zombyra"],"picked":"theDuelist:VanityFiend","floor":10},{"not_picked":["theDuelist:TyrantWing","theDuelist:WhiteHornDragon","theDuelist:Jinzo"],"picked":"theDuelist:Yami","floor":11},{"not_picked":["theDuelist:MudragonSwamp","theDuelist:WingedKuribohLv9","theDuelist:RockSunrise","theDuelist:Fissure"],"picked":"theDuelist:Kuribohrn","floor":14},{"not_picked":["theDuelist:KamionTimelord","theDuelist:GateGuardian","theDuelist:HeartUnderdog","theDuelist:OrbMetronome"],"picked":"theDuelist:IceQueen","floor":16},{"not_picked":["theDuelist:RainbowOverdragon+1","theDuelist:RainbowMagician","theDuelist:MaleficRainbowDragon","theDuelist:Eva"],"picked":"theDuelist:RainbowFlower","floor":18},{"not_picked":["theDuelist:Mountain","theDuelist:CardSafeReturn","theDuelist:OniGamiCombo+1"],"picked":"theDuelist:Yami","floor":19},{"not_picked":["theDuelist:BlizzardWarrior","theDuelist:SangaThunder","theDuelist:KingYami","theDuelist:RainbowNeos"],"picked":"theDuelist:Lajinn","floor":20},{"not_picked":["theDuelist:Umi","theDuelist:Jinzo","theDuelist:OniGamiCombo"],"picked":"theDuelist:Yami","floor":21}],"player_experience":309841,"relics_obtained":[{"floor":8,"key":"Pear"},{"floor":10,"key":"Ornamental Fan"},{"floor":13,"key":"theDuelist:MetronomeRelicB"}],"event_choices":[{"power_reward":4,"total_magic_score":32,"gold_gain":250,"greed_reward":1,"duelist":true,"damage_taken":0,"relics_obtained":[],"points":5,"max_hp_gain":0,"max_hp_loss":6,"spent_points":{"magic":0,"greed":1,"war":0,"power":4,"hunger":0},"event_name":"Nameless Tomb","floor":2,"gold_loss":0,"cards_obtained":["theDuelist:Nameless:Power:ForbiddenLance"]},{"damage_healed":0,"gold_gain":0,"player_choice":"Leave","duelist":true,"damage_taken":0,"max_hp_gain":0,"max_hp_loss":0,"event_name":"Visit from Anubis","floor":4,"gold_loss":0}],"is_beta":false,"boss_relics":[{"not_picked":["Empty Cage","SacredBark"],"picked":"theDuelist:GamblerChip"}],"items_purged_floors":[],"is_endless":false,"potions_floor_spawned":[1,10,14,16,18,20],"killed_by":"Snecko","ascension_level":14}}