{"host":"vqs1j3qalc1cciyt","time":1611705415,"event":{"mods":["2.2 Compatiblity","AchievementEnabler","Aspiration","Bard","BaseMod","Beaked The Cultist","Better Altar","Better Match","Better Note","Better Sensory Stone","Better Skull","Better Third Choice","Clockwork Mod","Colored Map","Conspire","Downfall","Friendly Minions","GifTheSpireLib","Glutton Mod","Halation","Highlight Path","Hubris","Infinite Spire","Minty Spire (QoL Compilation)","RRrroohrrRGHHhhh!!","Replay The Spire","Spicy Shops","StSLib","Stuff the Spire","The Construct","The Cursed","The Disciple","The Hierophant"],"gold_per_floor":[113,131,150,168,118,159,203,249,333,345,345],"floor_reached":10,"language":"ENG","playtime":1034,"items_purged":[],"score":84,"play_id":"b96bc00b-1f74-4e9e-9510-fd66a0433096","local_time":"20210126155655","is_ascension_mode":true,"campfire_choices":[],"circlet_count":0,"master_deck":["construct:Strike_Gold","construct:Strike_Gold","construct:Strike_Gold","construct:Strike_Gold","construct:Strike_Gold","construct:Defend_Gold","construct:Defend_Gold","construct:Defend_Gold","construct:Defend_Gold","construct:Defend_Gold","construct:AttackMode","construct:Autoturret","construct:ForceCore","conspire:SpireCoStock","construct:ScopeCore","construct:CriticalHit","construct:SuppressiveFire","hubris:DuctTapeCard"],"relics":["construct:Cogwheel","aspiration:Nostalgia","Burning Blood","MawBank","conspire:Boomerang","hubris:DuctTape"],"acts_visited":["Exordium"],"potions_floor_usage":[6,7,8],"damage_taken":[{"damage":0,"enemies":"Small Slimes","floor":1,"turns":3},{"damage":0,"enemies":"conspire:RoseBush","floor":2,"turns":7},{"damage":0,"enemies":"2 Louse","floor":3,"turns":4},{"damage":0,"enemies":"Blue Slaver","floor":4,"turns":5},{"damage":31,"enemies":"3 Sentries","floor":6,"turns":18},{"damage":18,"enemies":"3 Louse","floor":7,"turns":4},{"damage":21,"enemies":"Lagavulin","floor":8,"turns":6},{"damage":35,"enemies":"3 Sentries","floor":10,"turns":4}],"seed_played":"-4229525164338692546","potions_obtained":[{"floor":3,"key":"Dexterity Potion"},{"floor":6,"key":"AttackPotion"},{"floor":7,"key":"FearPotion"}],"is_trial":false,"path_per_floor":["M","M","M","M","?","E","M","E","T","E"],"character_chosen":"THE_CONSTRUCT_MOD","items_purchased":[],"campfire_rested":0,"item_purchase_floors":[],"current_hp_per_floor":[85,85,85,85,85,60,48,33,33,0,0],"gold":345,"neow_bonus":"NOSTALGIA","is_daily":false,"chose_seed":false,"campfire_upgraded":0,"win_rate":0.0,"timestamp":1611705415,"path_taken":["M","M","M","M","?","E","M","E","T","E"],"items_purchased_type":[],"build_version":"2020-12-22","purchased_purges":0,"victory":false,"max_hp_per_floor":[85,85,85,85,85,85,85,85,85,85,85],"card_choices":[{"not_picked":["construct:Failsafe","construct:VentSteam"],"picked":"construct:Autoturret","floor":1},{"not_picked":["construct:ClusterMines","construct:SaveState"],"picked":"construct:ElectricArmor","floor":2},{"not_picked":["construct:FierceBash","construct:Stasis"],"picked":"construct:ForceCore","floor":3},{"not_picked":["construct:Accumulate","construct:FierceBash","construct:Overcharge"],"picked":"SKIP","floor":4},{"not_picked":["construct:Accumulate","construct:ClusterMines"],"picked":"construct:ScopeCore","floor":6},{"not_picked":["construct:HeavyBolt","construct:SyphonStrike"],"picked":"construct:CriticalHit","floor":7},{"not_picked":["construct:HastyRepair","construct:Accumulate"],"picked":"construct:SuppressiveFire","floor":8}],"player_experience":918291,"relics_obtained":[{"floor":6,"key":"MawBank"},{"floor":8,"key":"conspire:Boomerang"},{"floor":9,"key":"hubris:DuctTape"}],"event_choices":[{"damage_healed":0,"gold_gain":0,"player_choice":"Invest 1","damage_taken":0,"max_hp_gain":0,"max_hp_loss":0,"event_name":"conspire:Investor","floor":5,"gold_loss":0}],"is_beta":false,"boss_relics":[],"items_purged_floors":[],"is_endless":false,"potions_floor_spawned":[3,6,7],"killed_by":"3 Sentries","ascension_level":1}}