{"host":"jumrmhf584hajrnz","time":1611680399,"event":{"mods":["BaseMod","Duelist Mod","GifTheSpireLib","Minty Spire (QoL Compilation)","Quick Restart","Replay The Spire","StSLib"],"gold_per_floor":[143,143,143,147,158,474,474,469,469,489,546,549,549,600,600,667,667,672,672,690,690,690,690,690,690],"floor_reached":24,"language":"ENG","playtime":1243,"items_purged":[],"score":474,"play_id":"e98fd365-563d-4eaf-b490-eb91f8c53c87","local_time":"20210126175959","is_ascension_mode":true,"campfire_choices":[{"floor":7,"key":"REST"},{"floor":15,"key":"REST"},{"floor":23,"key":"RECALL"}],"circlet_count":0,"master_deck":["AscendersBane","theDuelist:Biofalcon","theDuelist:CastleWalls","theDuelist:CastleWalls","theDuelist:Deskbot004","theDuelist:Deskbot004","theDuelist:Deskbot005","theDuelist:Deskbot005","theDuelist:GreenGadget","theDuelist:Sparks","theDuelist:Sparks","theDuelist:CatapultTurtle+1","theDuelist:ScrapBeast","theDuelist:AllyJustice","theDuelist:ScrapBeast","theDuelist:Jinzo","theDuelist:Deskbot001","theDuelist:AncientGearBox","theDuelist:ArtifactIgnition","theDuelist:PineappleBlast","theDuelist:GreenGadget","theDuelist:CatapultTurtle","theDuelist:DeltaMagnet"],"relics":["theDuelist:MillenniumPuzzle","theDuelist:CardPoolRelic","theDuelist:CardPoolBasicRelic","theDuelist:BoosterPackPoolRelic","theDuelist:CardPoolAddRelic","theDuelist:CardPoolMinusRelic","theDuelist:CardPoolSaveRelic","theDuelist:CardPoolOptionsRelic","NeowsBlessing","theDuelist:MillenniumSymbol","Old Coin","Bird Faced Urn","Meat on the Bone","Cursed Key"],"acts_visited":["Exordium","TheCity"],"potions_floor_usage":[12,16],"damage_taken":[{"damage":0,"enemies":"Jaw Worm","floor":1,"turns":1},{"damage":0,"enemies":"Small Slimes","floor":4,"turns":2},{"damage":0,"enemies":"Cultist","floor":5,"turns":1},{"damage":22,"enemies":"3 Sentries","floor":6,"turns":4},{"damage":9,"enemies":"Looter","floor":8,"turns":4},{"damage":28,"enemies":"Lagavulin","floor":10,"turns":6},{"damage":0,"enemies":"3 Sentries","floor":12,"turns":3},{"damage":26,"enemies":"Slime Boss","floor":16,"turns":7},{"damage":8,"enemies":"Spheric Guardian","floor":18,"turns":4},{"damage":16,"enemies":"Shell Parasite","floor":20,"turns":4},{"damage":26,"enemies":"Book of Stabbing","floor":24,"turns":4}],"seed_played":"-2276300214893250532","potions_obtained":[{"floor":4,"key":"CunningPotion"},{"floor":8,"key":"Elixir"},{"floor":10,"key":"theDuelist:ElectricBrew"},{"floor":14,"key":"theDuelist:SteelBrew"},{"floor":14,"key":"BlessingOfTheForge"}],"is_trial":false,"path_per_floor":["M","?","?","M","M","E","R","M","T","E","?","E","?","?","R","B",null,"M","?","M","?","?","R","E"],"character_chosen":"THE_DUELIST","items_purchased":[],"campfire_rested":2,"item_purchase_floors":[],"current_hp_per_floor":[63,63,63,63,63,41,62,53,53,25,25,27,27,27,47,35,59,53,53,39,39,39,39,15,15],"gold":690,"neow_bonus":"THREE_ENEMY_KILL","is_daily":false,"chose_seed":false,"campfire_upgraded":0,"win_rate":0.0,"timestamp":1611680399,"path_taken":["M","?","?","M","?","E","R","M","T","E","?","E","?","?","R","BOSS","M","?","?","?","?","R","E"],"items_purchased_type":[],"build_version":"2020-12-22","purchased_purges":0,"victory":false,"max_hp_per_floor":[70,70,70,70,70,70,70,70,70,70,70,67,67,67,67,67,67,67,67,67,67,67,67,67,67],"card_choices":[{"not_picked":["theDuelist:JunkWarrior","theDuelist:StimPack","theDuelist:Deskbot003","theDuelist:TokenVacuum"],"picked":"theDuelist:CatapultTurtle","floor":1},{"not_picked":["theDuelist:GearGigant","theDuelist:DoubleTool","theDuelist:CyberArchfiend","theDuelist:BlastJuggler"],"picked":"theDuelist:ScrapBeast","floor":4},{"not_picked":["theDuelist:TokenVacuum","theDuelist:Deskbot004","theDuelist:GadgetSoldier","theDuelist:BlindDestruction"],"picked":"theDuelist:AllyJustice","floor":5},{"not_picked":["theDuelist:StimPack","theDuelist:AncientGearChimera","theDuelist:CoreBlaster","theDuelist:RainbowBridge"],"picked":"theDuelist:ScrapBeast","floor":6},{"not_picked":["theDuelist:ZONE","theDuelist:UnionHangar","theDuelist:RevolvingSwitchyard","theDuelist:JinzoLord"],"picked":"theDuelist:Jinzo","floor":8},{"not_picked":["theDuelist:ScrapBeast","theDuelist:GenexAllyBirdman","theDuelist:CyberArchfiend","theDuelist:BlastJuggler"],"picked":"theDuelist:Deskbot001","floor":10},{"not_picked":["theDuelist:CyberArchfiend","theDuelist:CannonSoldier","theDuelist:YellowGadget","theDuelist:Deskbot004"],"picked":"theDuelist:AncientGearBox","floor":12},{"not_picked":["theDuelist:ParallelPortArmor","theDuelist:MetalDetector","theDuelist:IronDraw","theDuelist:AncientGearWorkshop"],"picked":"theDuelist:ArtifactIgnition","floor":14},{"not_picked":["theDuelist:SatelliteCannon","theDuelist:NightmareWheel","theDuelist:MachineKing","theDuelist:Deskbot009"],"picked":"theDuelist:PineappleBlast","floor":16},{"not_picked":["theDuelist:CyberArchfiend","theDuelist:BlastJuggler","theDuelist:Deskbot005","theDuelist:BlastHeldTribute"],"picked":"theDuelist:GreenGadget","floor":18},{"not_picked":["theDuelist:UnionHangar","theDuelist:Jinzo+1","theDuelist:ArtifactSanctum","theDuelist:ShortCircuit"],"picked":"theDuelist:CatapultTurtle","floor":20}],"player_experience":1567951,"relics_obtained":[{"floor":6,"key":"Old Coin"},{"floor":10,"key":"Bird Faced Urn"},{"floor":12,"key":"Meat on the Bone"}],"event_choices":[{"damage_healed":0,"gold_gain":0,"player_choice":"Took item - Received: Millennium Symbol","duelist":true,"damage_taken":0,"max_hp_gain":0,"max_hp_loss":0,"event_name":"Millennium Items","floor":2,"gold_loss":0},{"damage_healed":0,"gold_gain":0,"player_choice":"Upgraded","damage_taken":0,"max_hp_gain":0,"max_hp_loss":0,"event_name":"Upgrade Shrine","floor":3,"gold_loss":0,"cards_upgraded":["theDuelist:CatapultTurtle"]},{"damage_healed":0,"gold_gain":57,"player_choice":"Gained Gold","damage_taken":0,"max_hp_gain":0,"max_hp_loss":0,"event_name":"Golden Wing","floor":11,"gold_loss":0},{"damage_healed":0,"gold_gain":0,"player_choice":"Leave","duelist":true,"damage_taken":0,"max_hp_gain":0,"max_hp_loss":0,"event_name":"Card Trader","floor":13,"gold_loss":0},{"cards_removed":["Pain","theDuelist:CursedBill"],"damage_healed":0,"gold_gain":0,"player_choice":"Removed Curses","damage_taken":0,"max_hp_gain":0,"max_hp_loss":0,"event_name":"Fountain of Cleansing","floor":19,"gold_loss":0},{"damage_healed":0,"gold_gain":0,"player_choice":"Delta Electro","duelist":true,"damage_taken":0,"max_hp_gain":0,"max_hp_loss":0,"event_name":"Egyptian Village","floor":21,"gold_loss":0,"cards_obtained":["Delta Electromagnet Warrior"]},{"damage_healed":0,"gold_gain":0,"player_choice":"Leave","duelist":true,"damage_taken":0,"max_hp_gain":0,"max_hp_loss":0,"event_name":"Visit from Anubis","floor":22,"gold_loss":0}],"is_beta":false,"boss_relics":[{"not_picked":["Replay:Wanted Poster","Kintsugi"],"picked":"Cursed Key"}],"items_purged_floors":[],"is_endless":false,"potions_floor_spawned":[4,8,10,16],"killed_by":"Book of Stabbing","ascension_level":20}}