{"host":"x1d9cj1vze2ie4yu","time":1611669882,"event":{"mods":["Act Like it!","BaseMod","Better Third Choice","Better Vampires","Conspire","Minty Spire (QoL Compilation)","Pale of the Ancients","Permanent Neow","Prisma Mod","Replay The Spire","Spicy Shops","StSLib","[IsaacMod]以撒尖塔","【功能Mod】聪明的最终Boss"],"gold_per_floor":[110,285,112,112,130,160,170,202,249,263,263,273,308,321,321,421,421,440,454,454,54,54,87,87,37,37,56,56,56,56,67,67,86,86,86,86],"floor_reached":35,"language":"ZHS","playtime":1312,"items_purged":["Doubt","Decay","Defend_R"],"score":401,"play_id":"52dc30c1-ca37-4176-8218-e34d8f0c3b8d","local_time":"20210126220442","is_ascension_mode":true,"campfire_choices":[{"floor":15.0,"key":"REST"},{"data":"Seeing Red","floor":24.0,"key":"SMITH"},{"data":"Pot Of Greed","floor":32,"key":"SMITH"},{"floor":34,"key":"DIG"}],"circlet_count":0,"master_deck":["Strike_R","Strike_R","Strike_R","Strike_R","Strike_R","Defend_R","Defend_R","Bash","Seeing Red+1","Perfected Strike","Headbutt","Pot Of Greed+1","Spot Weakness","Clash","Demonic Infusion","conspire:Charge","Writhe","ReplayTheSpireMod:Stacked","Decay"],"relics":["Burning Blood","HushsDoor","BookOfRevelations","ReplayTheSpireMod:Lightbulb","ReplayTheSpireMod:Ninjato","Grinning Jar","TheBean","Smiling Mask","conspire:Flyswatter","Cursed Key","Meat on the Bone","Eternal Feather","Potion Belt","Charon\u0027s Ashes","Strawberry"],"acts_visited":["Exordium","TheCity"],"potions_floor_usage":[35],"damage_taken":[{"damage":12.0,"enemies":"Small Slimes","floor":1.0,"turns":4.0},{"damage":0.0,"enemies":"conspire:RoseBush","floor":5.0,"turns":3.0},{"damage":12.0,"enemies":"Replay:BlueRogue","floor":6.0,"turns":6.0},{"damage":12.0,"enemies":"Jaw Worm","floor":7.0,"turns":2.0},{"damage":18.0,"enemies":"Gremlin Nob","floor":8.0,"turns":3.0},{"damage":12.0,"enemies":"Exordium Thugs","floor":10.0,"turns":3.0},{"damage":0.0,"enemies":"Large Slime","floor":12.0,"turns":3.0},{"damage":25.0,"enemies":"3 Sentries","floor":13.0,"turns":6.0},{"damage":13.0,"enemies":"Blue Slaver","floor":14.0,"turns":2.0},{"damage":28.0,"enemies":"Fading Forest","floor":16.0,"turns":11.0},{"damage":6.0,"enemies":"Spheric Guardian","floor":18.0,"turns":3.0},{"damage":42.0,"enemies":"Shell Parasite","floor":19.0,"turns":4.0},{"damage":27.0,"enemies":"conspire:SneckoGhost","floor":23.0,"turns":5.0},{"damage":20,"enemies":"Shelled Parasite and Fungi","floor":27,"turns":3},{"damage":23,"enemies":"Centurion and Healer","floor":31,"turns":3},{"damage":20,"enemies":"Cultist and Chosen","floor":33,"turns":5},{"damage":49,"enemies":"conspire:MysteriousRune","floor":35,"turns":6}],"seed_played":"29213776885441564","potions_obtained":[{"floor":1.0,"key":"Strength Potion"},{"floor":5.0,"key":"SpeedPotion"},{"floor":14.0,"key":"Strength Potion"},{"floor":16.0,"key":"Fire Potion"},{"floor":19.0,"key":"Swift Potion"},{"floor":31,"key":"Dexterity Potion"}],"is_trial":false,"path_per_floor":["M","?","$","?","M","E","M","E","T","M","?","M","E","M","R","B",null,"M","M","?","$","?","E","R","$","T","M","PTL","PTL","T","M","R","M","R","B"],"character_chosen":"IRONCLAD","items_purchased":["ReplayTheSpireMod:Lightbulb","Meat on the Bone","Eternal Feather"],"campfire_rested":1,"item_purchase_floors":[3,21,21],"current_hp_per_floor":[66,66,66,66,72,66,60,48,48,42,42,48,29,22,46,32,68,68,32,32,32,32,23,32,32,32,30,30,30,30,25,34,32,48,0,0],"gold":86,"neow_bonus":"REMOVE_CARD","is_daily":false,"chose_seed":false,"campfire_upgraded":2,"win_rate":0.0,"timestamp":1611669882,"path_taken":["M","?","$","?","M","E","M","E","T","M","?","M","E","M","R","BOSS","M","?","?","$","?","E","R","?","T","M","PTL","PTL","?","M","R","M","R","BOSS"],"items_purchased_type":["Relic","Relic","Relic"],"build_version":"2020-12-22","purchased_purges":3,"victory":false,"max_hp_per_floor":[80,80,80,80,80,80,80,80,80,80,80,80,80,80,80,80,80,80,80,80,80,80,80,80,80,80,80,80,80,80,80,80,80,87,87,87],"card_choices":[{"not_picked":[],"picked":"ChaosCard","floor":0.0},{"not_picked":["Armaments","Flame Barrier"],"picked":"Seeing Red","floor":1.0},{"not_picked":["ReplayTheSpireMod:Strike From Hell","Wild Strike"],"picked":"Perfected Strike","floor":5.0},{"not_picked":["Whirlwind","ReplayTheSpireMod:Strike From Hell"],"picked":"Headbutt","floor":6.0},{"not_picked":["ReplayTheSpireMod:Strike From Hell","Run Through","True Grit"],"picked":"SKIP","floor":7.0},{"not_picked":["Fire Breathing","True Grit"],"picked":"Spot Weakness","floor":8.0},{"not_picked":["Hemogenesis","Iron Wave"],"picked":"Clash","floor":10.0},{"not_picked":["Clothesline","ReplayTheSpireMod:Muscle Training","Rage"],"picked":"SKIP","floor":12.0},{"not_picked":["Sentinel","True Grit"],"picked":"Bomb","floor":13.0},{"not_picked":["Sever Soul","ReplayTheSpireMod:Strike From Hell","Headbutt"],"picked":"SKIP","floor":14.0},{"not_picked":["Limit Break","Exhume"],"picked":"Demonic Infusion","floor":16.0},{"not_picked":["Power Through+1","Iron Wave","Cleave+1"],"picked":"SKIP","floor":18.0},{"not_picked":["Dual Wield","Thunderclap","Second Wind"],"picked":"SKIP","floor":19.0},{"not_picked":["Immolate","Replay:Undeath\u0027s Touch"],"picked":"conspire:Charge","floor":23.0},{"not_picked":["Sever Soul+1","Clothesline"],"picked":"ReplayTheSpireMod:Stacked","floor":27},{"not_picked":["Dual Wield","Dropkick","Twin Strike+1"],"picked":"SKIP","floor":31},{"not_picked":["Life Link","Evolve","Inflame"],"picked":"SKIP","floor":33}],"player_experience":70481,"relics_obtained":[{"floor":6.0,"key":"Grinning Jar"},{"floor":8.0,"key":"TheBean"},{"floor":9.0,"key":"Smiling Mask"},{"floor":13.0,"key":"conspire:Flyswatter"},{"floor":23.0,"key":"Potion Belt"},{"floor":30,"key":"Charon\u0027s Ashes"},{"floor":34,"key":"Strawberry"}],"event_choices":[{"damage_healed":0.0,"max_hp_gain":0.0,"max_hp_loss":0.0,"gold_gain":175.0,"event_name":"betterThird:BetterSerpent","player_choice":"AGREE","floor":2.0,"gold_loss":0.0,"damage_taken":110.0},{"damage_healed":0.0,"max_hp_gain":0.0,"max_hp_loss":0.0,"gold_gain":0.0,"event_name":"WeMeetAgain","player_choice":"Gave Potion","floor":4.0,"gold_loss":0.0,"damage_taken":0.0,"relics_obtained":["ReplayTheSpireMod:Ninjato"]},{"damage_healed":0.0,"max_hp_gain":0.0,"max_hp_loss":0.0,"gold_gain":0.0,"event_name":"conspire:Investor","player_choice":"Leave","floor":11.0,"gold_loss":0.0,"damage_taken":0.0},{"cards_removed":["Pot Of Greed"],"damage_healed":0.0,"max_hp_gain":0.0,"max_hp_loss":0.0,"gold_gain":0.0,"event_name":"betterThird:BetterWriting","player_choice":"Elegance","floor":20.0,"gold_loss":0.0,"damage_taken":0.0}],"is_beta":false,"boss_relics":[{"not_picked":["ReplayTheSpireMod:DimensionalGlitch","ChampionBelt"],"picked":"Cursed Key"},{"not_picked":[]}],"items_purged_floors":[3,21,25],"is_endless":false,"potions_floor_spawned":[1,5,14,16,19,31],"killed_by":"conspire:MysteriousRune","ascension_level":7}}