{"host":"rspt8ghchagqewrq","time":1611682995,"event":{"mods":["AchievementEnabler","BaseMod","Colored Map","Colored Powertips","Minty Spire (QoL Compilation)","Quick Restart"],"gold_per_floor":[117,131,9,9,24,24,24,42,42,59,69,69,80,93,93,190,190,200,200,180,192,192,192,217,217,287,287,287],"floor_reached":27,"language":"FRA","playtime":1305,"items_purged":[],"score":252,"play_id":"74828fc5-a629-4493-b2ad-1d845c9edfb8","local_time":"20210126184315","is_ascension_mode":false,"campfire_choices":[{"data":"Fire Breathing","floor":6.0,"key":"SMITH"},{"data":"Wild Strike","floor":12.0,"key":"SMITH"},{"data":"Feed","floor":15.0,"key":"SMITH"},{"data":"Immolate","floor":23.0,"key":"SMITH"},{"floor":25.0,"key":"REST"}],"circlet_count":0,"master_deck":["Defend_R","Defend_R","Defend_R","Defend_R","Bash","Intimidate","Wild Strike+1","Clothesline","Cleave","Fire Breathing+1","Dropkick","Thunderclap","Second Wind","Anger","Flex","Feed+1","Immolate+1","Reckless Charge","Armaments+1","Wild Strike+1","Bite","Bite","Bite","Bite","Bite","Sentinel"],"relics":["Black Blood","Question Card","InkBottle","Blood Vial","Bottled Flame"],"acts_visited":["Exordium","TheCity"],"potions_floor_usage":[],"damage_taken":[{"damage":10.0,"enemies":"Jaw Worm","floor":1.0,"turns":4.0},{"damage":4.0,"enemies":"Cultist","floor":2.0,"turns":4.0},{"damage":5.0,"enemies":"Small Slimes","floor":5.0,"turns":3.0},{"damage":2.0,"enemies":"3 Louse","floor":8.0,"turns":3.0},{"damage":11.0,"enemies":"Lots of Slimes","floor":10.0,"turns":3.0},{"damage":19.0,"enemies":"Blue Slaver","floor":11.0,"turns":4.0},{"damage":3.0,"enemies":"Large Slime","floor":13.0,"turns":5.0},{"damage":9.0,"enemies":"Red Slaver","floor":14.0,"turns":3.0},{"damage":6.0,"enemies":"Slime Boss","floor":16.0,"turns":7.0},{"damage":13.0,"enemies":"3 Byrds","floor":18.0,"turns":4.0},{"damage":27.0,"enemies":"2 Thieves","floor":20.0,"turns":4.0},{"damage":36.0,"enemies":"Shelled Parasite and Fungi","floor":21.0,"turns":6.0},{"damage":41.0,"enemies":"Book of Stabbing","floor":24.0,"turns":7.0},{"damage":45,"enemies":"Snecko","floor":27,"turns":5}],"seed_played":"9086127431117218334","potions_obtained":[{"floor":1.0,"key":"Energy Potion"},{"floor":5.0,"key":"LiquidMemories"},{"floor":10.0,"key":"Weak Potion"},{"floor":11.0,"key":"DuplicationPotion"}],"is_trial":false,"path_per_floor":["M","M","$","?","M","R","$","M","T","M","M","R","M","M","R","B",null,"M","$","M","M","?","R","E","R","T","M"],"character_chosen":"IRONCLAD","items_purchased":["Cleave","Fire Breathing"],"campfire_rested":1,"item_purchase_floors":[3,3],"current_hp_per_floor":[76,78,78,78,79,79,79,80,80,75,62,62,65,62,62,62,80,83,83,68,44,44,44,19,36,36,0,0],"gold":287,"neow_bonus":"THREE_CARDS","is_daily":false,"chose_seed":false,"campfire_upgraded":4,"win_rate":0.0,"timestamp":1611682995,"path_taken":["M","M","$","?","M","R","$","M","T","M","?","R","M","M","R","BOSS","M","$","M","M","?","R","E","R","T","M"],"items_purchased_type":["Card","Card"],"build_version":"2020-12-22","purchased_purges":0,"victory":false,"max_hp_per_floor":[80,80,80,80,80,80,80,80,80,80,80,80,80,80,80,80,80,84,84,84,84,58,58,58,58,58,58,58],"card_choices":[{"not_picked":["Iron Wave","Shrug It Off"],"picked":"Intimidate","floor":0.0},{"not_picked":["Hemokinesis","Havoc"],"picked":"Wild Strike","floor":1.0},{"not_picked":["Burning Pact","Perfected Strike"],"picked":"Clothesline","floor":2.0},{"not_picked":["Clothesline","Armaments","Havoc"],"picked":"Dropkick","floor":5.0},{"not_picked":["Armaments","Havoc","Perfected Strike"],"picked":"Thunderclap","floor":8.0},{"not_picked":["Clash","Uppercut","Rupture"],"picked":"Second Wind","floor":10.0},{"not_picked":["Evolve","Clash","Clothesline"],"picked":"Anger","floor":11.0},{"not_picked":["Cleave","True Grit","Pommel Strike"],"picked":"Flex","floor":13.0},{"not_picked":["Pummel","Pommel Strike","True Grit"],"picked":"Feed","floor":14.0},{"not_picked":["Fiend Fire","Bludgeon","Corruption"],"picked":"Immolate","floor":16.0},{"not_picked":["Pommel Strike","Battle Trance","Fire Breathing+1"],"picked":"Reckless Charge","floor":18.0},{"not_picked":["Whirlwind","Clothesline","Body Slam"],"picked":"Armaments+1","floor":20.0},{"not_picked":["Twin Strike","Pommel Strike","True Grit"],"picked":"Wild Strike+1","floor":21.0},{"not_picked":["Blood for Blood","Clothesline","Fire Breathing"],"picked":"Sentinel","floor":24.0}],"player_experience":69167,"relics_obtained":[{"floor":9.0,"key":"InkBottle"},{"floor":24.0,"key":"Blood Vial"},{"floor":26.0,"key":"Bottled Flame"}],"event_choices":[{"damage_healed":0.0,"max_hp_gain":0.0,"max_hp_loss":0.0,"gold_gain":0.0,"event_name":"WeMeetAgain","player_choice":"Gave Potion","floor":4.0,"gold_loss":0.0,"damage_taken":0.0,"relics_obtained":["Question Card"]},{"damage_healed":0.0,"max_hp_gain":0.0,"max_hp_loss":26.0,"gold_gain":0.0,"event_name":"Vampires","player_choice":"Became a vampire","floor":22.0,"gold_loss":0.0,"damage_taken":0.0,"cards_obtained":["Bite","Bite","Bite","Bite","Bite"]}],"is_beta":false,"boss_relics":[{"not_picked":["Black Star","Sozu"],"picked":"Black Blood"}],"items_purged_floors":[],"is_endless":false,"potions_floor_spawned":[1,5,10,11,14],"killed_by":"Snecko","ascension_level":0}}