{"host":"2c1pg2m9wpz3w4c0","time":1611626279,"event":{"mods":["AchievementEnabler","Act Like it!","Aspiration","BaseMod","Better Note","BetterRewards","Curses Come First","Disable Question Mark Monsters","Halation","Hubris","Infinite Spire","Lotus Mark","Marisa????????","Minty Spire (QoL Compilation)","Replay The Spire","StSLib","SuperFastMode","The Clintock","The Jungle","The Marked","The Runesmith","Transform Curses"],"gold_per_floor":[119,13,32,32,47,47,47,61,107,107,107,119,219,236,236,332,332,352,362,374,374,374,374],"floor_reached":22,"language":"ENG","playtime":588,"items_purged":[],"score":178,"play_id":"753da395-b287-46f6-a6a9-c0c3816e6cc2","local_time":"20210125185759","is_ascension_mode":false,"campfire_choices":[{"floor":6,"key":"REST"},{"data":"Runesmith:PoweredAnvil","floor":10,"key":"SMITH"},{"data":"Runesmith:Fortify","floor":10,"key":"SMITH"},{"floor":15,"key":"REST"}],"circlet_count":0,"master_deck":["Runesmith:Strike_RS","Runesmith:Strike_RS","Runesmith:Strike_RS","Runesmith:Strike_RS","Runesmith:Defend_RS","Runesmith:Defend_RS","Runesmith:Defend_RS","Runesmith:Defend_RS","Runesmith:CraftFirestone","Runesmith:Fortify+1","Runesmith:BackupBattery","Runesmith:BackupBattery","Runesmith:PoweredAnvil+1","Runesmith:CraftMagma","Runesmith:PerfectChisel","Runesmith:PerfectChisel","Runesmith:CraftMagma","Runesmith:Firestorm","Runesmith:StaticCage","Runesmith:LithiumIon","Runesmith:HeatExchange+1","Runesmith:WhiteBalance","Runesmith:ChiselStab","Runesmith:HeatedChisel","Runesmith:HammerThrow","Runesmith:HeatExchange","Runesmith:ArcReactor","Runesmith:LithiumIon","Runesmith:Attraction","Runesmith:EarthShield","ReplayTheSpireMod:Brewmster+1"],"relics":["Runesmith:BrokenRuby","Torii","Pear","halation:PenCase","hubris:64BitClover","infinitespire:PuzzleCube","halation:HeavySnake","Quantum Egg"],"acts_visited":["Exordium","theJungle:Jungle"],"potions_floor_usage":[8,8,14,16],"damage_taken":[{"damage":2,"enemies":"2 Louse","floor":1,"turns":2},{"damage":6,"enemies":"Jaw Worm","floor":3,"turns":3},{"damage":1,"enemies":"Cultist","floor":5,"turns":4},{"damage":2,"enemies":"Lots of Slimes","floor":8,"turns":3},{"damage":9,"enemies":"3 Louse","floor":12,"turns":4},{"damage":0,"enemies":"Large Slime","floor":14,"turns":2},{"damage":22,"enemies":"Hexaghost","floor":16,"turns":9},{"damage":8,"enemies":"theJungle:MUSHROOMGANG","floor":18,"turns":4},{"damage":9,"enemies":"theJungle:5_Spyders","floor":19,"turns":7},{"damage":43,"enemies":"theJungle:2_Snecko_Cultists","floor":20,"turns":5},{"damage":35,"enemies":"theJungle:Lyon","floor":22,"turns":4}],"seed_played":"1982403086670142122","potions_obtained":[{"floor":3,"key":"Energy Potion"},{"floor":5,"key":"Swift Potion"},{"floor":8,"key":"FearPotion"},{"floor":12,"key":"SpeedPotion"}],"is_trial":false,"path_per_floor":["M","$","M","?","M","R","?","M","T","R","$","M","?","M","R","B",null,"M","M","M","?","M"],"character_chosen":"RUNESMITH_CLASS","items_purchased":["Runesmith:BackupBattery","Runesmith:PoweredAnvil","Runesmith:CraftMagma","Pear","Runesmith:PerfectChisel","Runesmith:CraftMagma","Runesmith:Firestorm","Runesmith:LithiumIon","Runesmith:HeatExchange+1"],"campfire_rested":2,"item_purchase_floors":[0,0,0,0,0,0,0,2,2],"current_hp_per_floor":[46,46,40,40,39,63,60,58,58,58,58,49,49,49,73,51,80,72,63,20,20,0,0],"gold":374,"neow_bonus":"","is_daily":false,"chose_seed":false,"campfire_upgraded":2,"win_rate":0.0,"timestamp":1611626279,"path_taken":["M","$","M","?","M","R","?","M","T","R","$","M","?","M","R","BOSS","M","?","?","?","M"],"items_purchased_type":["Card","Card","Card","Relic","Card","Card","Card","Card","Card"],"build_version":"2020-12-22","purchased_purges":0,"victory":false,"max_hp_per_floor":[80,80,80,80,80,80,80,80,80,80,80,80,80,80,80,80,80,80,80,80,80,80,80],"card_choices":[{"not_picked":["Runesmith:Repurpose","Runesmith:UnstableHammer"],"picked":"Runesmith:StaticCage","floor":1},{"not_picked":["Runesmith:Firewall","Runesmith:UnstableHammer"],"picked":"Runesmith:WhiteBalance","floor":3},{"not_picked":["Runesmith:HeatedChisel","Runesmith:ShiftingStrike"],"picked":"Runesmith:ChiselStab","floor":5},{"not_picked":["Runesmith:Accelerate","Runesmith:HammerTime"],"picked":"Runesmith:HeatedChisel","floor":8},{"not_picked":["Runesmith:OneForEveryone","Runesmith:Grindstone"],"picked":"Runesmith:HammerThrow","floor":12},{"not_picked":["Runesmith:FissionHammer","Runesmith:Overpower"],"picked":"Runesmith:HeatExchange","floor":14},{"not_picked":["Runesmith:CraftMedicinae","Runesmith:ReplicatingBarrier"],"picked":"Runesmith:ArcReactor","floor":16},{"not_picked":["Runesmith:Grindstone","Runesmith:Firestorm"],"picked":"Runesmith:LithiumIon","floor":18},{"not_picked":["Runesmith:UnstableHammer","Runesmith:Grindstone"],"picked":"Runesmith:Attraction","floor":19},{"not_picked":["Runesmith:Repurpose","Runesmith:HammerTime"],"picked":"Runesmith:EarthShield","floor":20}],"player_experience":1203661,"relics_obtained":[{"floor":4,"key":"halation:PenCase"},{"floor":9,"key":"infinitespire:PuzzleCube"},{"floor":20,"key":"Quantum Egg"}],"event_choices":[{"damage_healed":0,"gold_gain":0,"player_choice":"Success","damage_taken":3,"relics_obtained":["hubris:64BitClover"],"max_hp_gain":0,"max_hp_loss":0,"event_name":"Scrap Ooze","floor":7,"gold_loss":0},{"damage_healed":0,"gold_gain":100,"player_choice":"Gold","damage_taken":0,"max_hp_gain":0,"max_hp_loss":0,"event_name":"Wheel of Change","floor":13,"gold_loss":0},{"cards_removed":["Runesmith:Fortify"],"damage_healed":0,"gold_gain":0,"player_choice":"Take \u0026 Give","damage_taken":0,"max_hp_gain":0,"max_hp_loss":0,"event_name":"betterNote:BetterNote","floor":21,"gold_loss":0,"cards_obtained":["ReplayTheSpireMod:Brewmster"]}],"is_beta":false,"boss_relics":[{"not_picked":["Runesmith:UraniumAnvil","aspiration:WatcherSkillbook"],"picked":"halation:HeavySnake"}],"items_purged_floors":[],"is_endless":false,"potions_floor_spawned":[3,5,8,12],"killed_by":"theJungle:Lyon","ascension_level":0}}