{"host":"d7fiu2yjkssjxoz6","time":1611656359,"event":{"mods":["AchievementEnabler","BaseMod","Duelist Mod","Minty Spire (QoL Compilation)","StSLib"],"gold_per_floor":[143,143,154,165,165,197,197,228,277,277,297,328,192,12,12,88,88,99,99,113,158,174,174,209,224,248,473,487,514,514,525,525,600,600,611,611,625,640,640,640,671,683,683,708,708,725,744,777,777,777,777,777,22,56,56],"floor_reached":56,"language":"ENG","playtime":3603,"items_purged":["Regret","theDuelist:PsiCurse"],"score":2453,"play_id":"9897a008-cca3-483c-8961-8b8f45b2f6d7","local_time":"20210126021919","is_ascension_mode":true,"campfire_choices":[{"data":"theDuelist:GuardragonJusticia","floor":7.0,"key":"SMITH"},{"data":"theDuelist:CurseDragon","floor":10.0,"key":"SMITH"},{"data":"theDuelist:CyberDragonCore","floor":15.0,"key":"SMITH"},{"data":"theDuelist:ChimeratechOverdragon","floor":23.0,"key":"SMITH"},{"data":"theDuelist:SliferSky","floor":30.0,"key":"SMITH"},{"data":"theDuelist:StardustDragon","floor":32.0,"key":"SMITH"},{"data":"theDuelist:BusterDrake","floor":40.0,"key":"SMITH"},{"data":"theDuelist:CyberDragonSieger","floor":45.0,"key":"SMITH"},{"floor":49.0,"key":"RECALL"},{"data":"theDuelist:CastleDragonSouls","floor":52.0,"key":"SMITH"}],"circlet_count":0,"master_deck":["theDuelist:ChimeratechOverdragon+1","theDuelist:DarkFactory+1","theDuelist:DarkDriceratops","theDuelist:VeilDarkness","theDuelist:LesserDragon","theDuelist:CaveDragon","theDuelist:StardustDragon+1","theDuelist:WaterDragon","theDuelist:StardustDragon+1","theDuelist:BlackBrutdrago","theDuelist:BabyDragon","theDuelist:BurstBreath","theDuelist:SilverDragon","theDuelist:CyberDragonSieger+1","theDuelist:Lancephorhynchus","theDuelist:Kabazauls+1","theDuelist:BusterDrake+1","theDuelist:GalaxySoldier","theDuelist:SpiralSpearStrike","theDuelist:CyberDragonCore+1","theDuelist:BurstBreath","theDuelist:Anthrosaurus","theDuelist:WingedDragonRa","theDuelist:CoralDragon+1","theDuelist:DragonZombie","theDuelist:CyberDragonNachster","Writhe","theDuelist:YamataDragon","theDuelist:MirageDragon","theDuelist:SliferSky+1","theDuelist:ArmageddonDragonEmp","theDuelist:GuardragonJusticia+1","theDuelist:CurseDragon+1","theDuelist:CoralDragon","theDuelist:CastleDragonSouls+1","theDuelist:CyberTwinDragon+1","AscendersBane","theDuelist:WaterDragon+1","theDuelist:BlackBrutdrago","Bandage Up","theDuelist:RainbowOverdragon","theDuelist:GaiaDragonChamp+1","theDuelist:ArmedDragon3","theDuelist:MoltenDestruction","theDuelist:MadSwordBeast","theDuelist:CaveDragon","theDuelist:LesserDragon"],"relics":["theDuelist:MillenniumPuzzle","theDuelist:CardPoolRelic","theDuelist:CardPoolBasicRelic","theDuelist:BoosterPackPoolRelic","theDuelist:CardPoolAddRelic","theDuelist:CardPoolMinusRelic","theDuelist:CardPoolSaveRelic","theDuelist:CardPoolOptionsRelic","theDuelist:MillenniumArmor","theDuelist:MonsterEggRelic","Bag of Marbles","Pocketwatch","theDuelist:MetronomeRelicD","Pandora\u0027s Box","Tough Bandages","StoneCalendar","Lizard Tail","theDuelist:ArmorPlateB","Oddly Smooth Stone","theDuelist:MillenniumCoin","theDuelist:SummonAnchor","Cursed Key","Unceasing Top","FossilizedHelix","theDuelist:ElectricBurst","Anchor","ClockworkSouvenir","Nunchaku","Blood Vial"],"acts_visited":["Exordium","TheCity","TheBeyond","TheEnding"],"potions_floor_usage":[55],"damage_taken":[{"damage":0.0,"enemies":"Jaw Worm","floor":1.0,"turns":3.0},{"damage":0.0,"enemies":"Small Slimes","floor":3.0,"turns":2.0},{"damage":0.0,"enemies":"2 Louse","floor":4.0,"turns":3.0},{"damage":0.0,"enemies":"Gremlin Nob","floor":6.0,"turns":3.0},{"damage":0.0,"enemies":"3 Sentries","floor":8.0,"turns":8.0},{"damage":0.0,"enemies":"Blue Slaver","floor":11.0,"turns":1.0},{"damage":4.0,"enemies":"Lagavulin","floor":12.0,"turns":4.0},{"damage":0.0,"enemies":"The Guardian","floor":16.0,"turns":7.0},{"damage":0.0,"enemies":"Spheric Guardian","floor":18.0,"turns":2.0},{"damage":26.0,"enemies":"2 Thieves","floor":20.0,"turns":3.0},{"damage":0.0,"enemies":"2 Thieves","floor":21.0,"turns":5.0},{"damage":0.0,"enemies":"Centurion and Healer","floor":22.0,"turns":2.0},{"damage":0.0,"enemies":"theDuelist:KaibaA2","floor":24.0,"turns":5.0},{"damage":0.0,"enemies":"Snake Plant","floor":25.0,"turns":4.0},{"damage":22.0,"enemies":"Gremlin Leader","floor":27.0,"turns":6.0},{"damage":4.0,"enemies":"Shelled Parasite and Fungi","floor":28.0,"turns":3.0},{"damage":0.0,"enemies":"Book of Stabbing","floor":29.0,"turns":3.0},{"damage":0.0,"enemies":"Snecko","floor":31.0,"turns":2.0},{"damage":36.0,"enemies":"Collector","floor":33.0,"turns":7.0},{"damage":0.0,"enemies":"Orb Walker","floor":35.0,"turns":2.0},{"damage":0.0,"enemies":"3 Darklings","floor":37.0,"turns":4.0},{"damage":0.0,"enemies":"Spire Growth","floor":38.0,"turns":3.0},{"damage":0.0,"enemies":"Nemesis","floor":41.0,"turns":3.0},{"damage":11.0,"enemies":"Transient","floor":42.0,"turns":5.0},{"damage":0.0,"enemies":"Mind Bloom Boss Battle","floor":44.0,"turns":4.0},{"damage":0.0,"enemies":"4 Shapes","floor":46.0,"turns":5.0},{"damage":0.0,"enemies":"Sphere and 2 Shapes","floor":47.0,"turns":2.0},{"damage":0.0,"enemies":"Reptomancer","floor":48.0,"turns":6.0},{"damage":35.0,"enemies":"Donu and Deca","floor":50.0,"turns":7.0},{"damage":0,"enemies":"Shield and Spear","floor":54,"turns":6},{"damage":61,"enemies":"The Heart","floor":55,"turns":7}],"seed_played":"-1671458425102653274","potions_obtained":[{"floor":4.0,"key":"theDuelist:SummonFuryPotion"},{"floor":8.0,"key":"DistilledChaos"},{"floor":12.0,"key":"PowerPotion"},{"floor":27.0,"key":"theDuelist:FusionPotion"},{"floor":29.0,"key":"theDuelist:LavaBottle"},{"floor":38.0,"key":"theDuelist:VoidBottle"},{"floor":44.0,"key":"theDuelist:CoolBottle"}],"is_trial":false,"path_per_floor":["M","?","M","M","?","E","R","E","T","R","M","E","?","$","R","B",null,"M","?","M","?","M","R","E","M","T","E","M","E","R","M","R","B",null,"M","?","M","M","?","R","E","M","T","?","R","M","M","E","R","B",null,"R","$","E","B",null],"character_chosen":"THE_DUELIST","items_purchased":["theDuelist:BlackBrutdrago","theDuelist:CyberDragonCore","ClockworkSouvenir","theDuelist:WingedDragonRa","Nunchaku","theDuelist:GalaxySoldier","theDuelist:MoltenDestruction","theDuelist:DarkDriceratops","theDuelist:MadSwordBeast"],"campfire_rested":0,"item_purchase_floors":[14,14,53,53,53,53,53,53,53],"current_hp_per_floor":[70,70,70,70,70,70,70,74,74,74,74,73,73,73,73,77,77,77,77,51,55,59,59,63,67,67,49,49,49,49,53,53,21,63,63,63,63,63,63,63,67,60,60,60,60,60,60,64,64,34,66,66,66,72,13],"gold":56,"neow_bonus":"TEN_PERCENT_HP_BONUS","is_daily":false,"chose_seed":false,"campfire_upgraded":9,"win_rate":0.0,"timestamp":1611656359,"path_taken":["M","?","M","M","?","E","R","E","T","R","M","E","?","?","R","BOSS","M","?","M","?","M","R","E","M","T","E","M","E","R","M","R","BOSS","M","?","M","M","?","R","E","M","T","?","R","?","M","E","R","BOSS","R","$","E","BOSS"],"items_purchased_type":["Card","Card","Relic","Card","Relic","Card","Card","Card","Card"],"build_version":"2020-12-22","purchased_purges":2,"victory":true,"max_hp_per_floor":[77,77,77,77,77,77,77,77,77,77,77,77,77,77,77,77,77,77,77,77,77,77,77,77,77,77,77,77,77,77,77,77,77,77,77,77,77,77,77,77,77,77,77,77,77,77,77,77,77,77,77,77,77,77,77],"card_choices":[{"not_picked":["theDuelist:BeserkDragon","theDuelist:RedDragonArchfiend","theDuelist:ThunderDragon","theDuelist:CyberneticOverflow"],"picked":"theDuelist:GuardragonJusticia","floor":1.0},{"not_picked":["theDuelist:VolcanicEruption","theDuelist:Duoterion","theDuelist:Anthrosaurus","theDuelist:AncientRules"],"picked":"theDuelist:ArmedDragon3","floor":3.0},{"not_picked":["theDuelist:ScrapIronScarecrow","theDuelist:ViceDragon","theDuelist:DefenseZone","theDuelist:YamataDragon"],"picked":"theDuelist:MirageDragon","floor":4.0},{"not_picked":["Deep Breath","Mind Blast","Panache"],"picked":"Bandage Up","floor":6.0},{"not_picked":["theDuelist:Pyrorex","theDuelist:CyberDinosaur","theDuelist:BlackPtera","theDuelist:BlackTyranno"],"picked":"theDuelist:CurseDragon","floor":8.0},{"not_picked":["theDuelist:InfernityDoomDragon","theDuelist:MegafleetDragon","theDuelist:JurassicImpact","theDuelist:ExploderDragonwing"],"picked":"theDuelist:CyberDragonNachster","floor":11.0},{"not_picked":["theDuelist:StampingDestruction","theDuelist:SoulCharge","theDuelist:MoltenDestruction","theDuelist:SystemDown"],"picked":"theDuelist:SpiralSpearStrike","floor":12.0},{"not_picked":["theDuelist:StardustDragon","theDuelist:GaiaDragonChamp","theDuelist:FiveHeaded","theDuelist:BlueDuston"],"picked":"theDuelist:ChimeratechOverdragon","floor":16.0},{"not_picked":["theDuelist:CyberValley","theDuelist:LavaDragon","theDuelist:Earthquake","theDuelist:FrostflameDragon"],"picked":"theDuelist:CoralDragon+1","floor":18.0},{"not_picked":["theDuelist:CyberValley+1","theDuelist:BabyDragon","theDuelist:MoltenDestruction","theDuelist:LesserDragon"],"picked":"theDuelist:BusterDrake","floor":20.0},{"not_picked":["theDuelist:CyberEndDragon","theDuelist:CurseDragon","theDuelist:DragonPiper","theDuelist:ClawHermos"],"picked":"theDuelist:VeilDarkness","floor":21.0},{"not_picked":["theDuelist:Hinotama","theDuelist:LightningDarts","theDuelist:BigEye","theDuelist:HarpieFeather","theDuelist:BlackPendant"],"picked":"SKIP","floor":22.0},{"not_picked":["theDuelist:RedEyes+1","theDuelist:CyberTwinDragon","theDuelist:SauropodBrachion","theDuelist:AmuletDragon"],"picked":"theDuelist:WaterDragon+1","floor":24.0},{"not_picked":["theDuelist:BattleguardKing","theDuelist:BigFire","theDuelist:LightningDarts+1","theDuelist:Hinotama"],"picked":"theDuelist:RainbowOverdragon","floor":25.0},{"not_picked":["theDuelist:LavaDragon","theDuelist:DragonShield","theDuelist:BlizzardDragon","theDuelist:BlackBrutdrago"],"picked":"theDuelist:StardustDragon","floor":27.0},{"not_picked":["theDuelist:BigFire","theDuelist:Hinotama","theDuelist:BlackPendant","theDuelist:Jinzo+1"],"picked":"theDuelist:DarkFactory+1","floor":28.0},{"not_picked":["theDuelist:SpiralSpearStrike","theDuelist:UncommonAttackMetronome","theDuelist:VeilDarkness"],"picked":"theDuelist:BurstBreath","floor":29.0},{"not_picked":["theDuelist:ViceDragon","theDuelist:AquaDolphin","theDuelist:MegafleetDragon","theDuelist:YamataDragon"],"picked":"theDuelist:DragonZombie","floor":31.0},{"not_picked":["theDuelist:SliferSky","theDuelist:DragonMastery","theDuelist:DoomkaiserDragon","theDuelist:CyberDragonInfinity"],"picked":"theDuelist:ArmageddonDragonEmp","floor":33.0},{"not_picked":["theDuelist:Hydrogeddon","theDuelist:CurseDragon","theDuelist:BusterBlader","theDuelist:DarkDriceratops"],"picked":"theDuelist:Kabazauls+1","floor":35.0},{"not_picked":["theDuelist:JurassicImpact","theDuelist:DragonMirror","theDuelist:ArtifactSanctum"],"picked":"theDuelist:CyberDragonSieger","floor":37.0},{"not_picked":["theDuelist:SurvivalFittest","theDuelist:OceanDragonLord+1","theDuelist:Lancephorhynchus+1","theDuelist:ArmedProtectorDragon"],"picked":"theDuelist:WaterDragon","floor":38.0},{"not_picked":["theDuelist:BusterBlader+1","theDuelist:DefenseDraw","theDuelist:BusterDrake","theDuelist:RedEyesZombie"],"picked":"theDuelist:SilverDragon","floor":41.0},{"not_picked":["theDuelist:TrihornedDragon","theDuelist:BlackBrachios","theDuelist:Kabazauls+1","theDuelist:BlackPtera"],"picked":"theDuelist:CyberTwinDragon+1","floor":42.0},{"not_picked":["theDuelist:TwinHeadedFire","theDuelist:LordD+1","theDuelist:HazyFlameHydra+1","theDuelist:EvolutionBurst"],"picked":"theDuelist:BlackBrutdrago","floor":44.0},{"not_picked":["theDuelist:TrihornedDragon+1","theDuelist:BlueEyes+1"],"picked":"theDuelist:GaiaDragonChamp+1","floor":46.0},{"not_picked":["theDuelist:TotemDragon","theDuelist:Mountain","theDuelist:JurassicImpact","theDuelist:GalaxySoldier"],"picked":"theDuelist:CastleDragonSouls","floor":47.0},{"not_picked":["theDuelist:StampingDestruction+1","theDuelist:SpiralSpearStrike","theDuelist:SoulCharge","theDuelist:BerserkerSoul+1","theDuelist:CyberRevsystem"],"picked":"SKIP","floor":48.0},{"not_picked":["theDuelist:CyberEltanin+1","theDuelist:DragonShield+5","theDuelist:MoltenDestruction+1","theDuelist:SuperStridentBlaze+1"],"picked":"theDuelist:StardustDragon+1","floor":54}],"player_experience":311589,"relics_obtained":[{"floor":6.0,"key":"Bag of Marbles"},{"floor":8.0,"key":"Pocketwatch"},{"floor":12.0,"key":"theDuelist:MetronomeRelicD"},{"floor":21.0,"key":"Tough Bandages"},{"floor":21.0,"key":"StoneCalendar"},{"floor":21.0,"key":"Lizard Tail"},{"floor":24.0,"key":"theDuelist:ArmorPlateB"},{"floor":26.0,"key":"Oddly Smooth Stone"},{"floor":27.0,"key":"theDuelist:MillenniumCoin"},{"floor":29.0,"key":"theDuelist:SummonAnchor"},{"floor":41.0,"key":"Unceasing Top"},{"floor":43.0,"key":"FossilizedHelix"},{"floor":44.0,"key":"theDuelist:ElectricBurst"},{"floor":48.0,"key":"Anchor"},{"floor":54,"key":"Blood Vial"}],"event_choices":[{"damage_healed":0.0,"max_hp_gain":0.0,"max_hp_loss":0.0,"gold_gain":0.0,"event_name":"Millennium Items","player_choice":"Took item - Received: Millennium Armor","duelist":true,"floor":2.0,"gold_loss":0.0,"damage_taken":0.0},{"damage_healed":0.0,"max_hp_gain":0.0,"max_hp_loss":0.0,"gold_gain":0.0,"event_name":"Big Fish","player_choice":"Box","floor":5.0,"gold_loss":0.0,"damage_taken":0.0,"relics_obtained":["theDuelist:MonsterEggRelic"],"cards_obtained":["Regret"]},{"damage_healed":0.0,"max_hp_gain":0.0,"max_hp_loss":0.0,"gold_gain":0.0,"event_name":"Card Trader","player_choice":"Purchased Slifer Sky Dragon for 136 Gold.","duelist":true,"floor":13.0,"gold_loss":0.0,"damage_taken":0.0},{"total_magic_score":91.0,"gold_gain":0.0,"duelist":true,"damage_taken":0.0,"relics_obtained":[],"points":5.0,"max_hp_gain":0.0,"max_hp_loss":0.0,"spent_points":{"magic":0.0,"greed":0.0,"war":0.0,"power":0.0,"hunger":0.0},"event_name":"Nameless Tomb","floor":19.0,"gold_loss":0.0,"cards_obtained":[]},{"damage_healed":0.0,"max_hp_gain":0.0,"max_hp_loss":0.0,"gold_gain":0.0,"event_name":"Battle City","player_choice":"Fight","duelist":true,"floor":21.0,"gold_loss":0.0,"damage_taken":0.0},{"damage_healed":0.0,"max_hp_gain":0.0,"max_hp_loss":0.0,"gold_gain":0.0,"event_name":"Tomb of Lord Red Mask","player_choice":"Ignored","floor":36.0,"gold_loss":0.0,"damage_taken":0.0},{"damage_healed":0.0,"max_hp_gain":0.0,"max_hp_loss":0.0,"gold_gain":0.0,"event_name":"Egyptian Village","player_choice":"Leave","duelist":true,"floor":39.0,"gold_loss":0.0,"damage_taken":0.0},{"damage_healed":0.0,"max_hp_gain":0.0,"max_hp_loss":0.0,"gold_gain":0.0,"event_name":"MindBloom","player_choice":"Fight","floor":44.0,"gold_loss":0.0,"damage_taken":0.0}],"is_beta":false,"boss_relics":[{"not_picked":["Coffee Dripper","Tiny House"],"picked":"Pandora\u0027s Box"},{"not_picked":["Philosopher\u0027s Stone","HoveringKite"],"picked":"Cursed Key"}],"items_purged_floors":[14,53],"is_endless":false,"potions_floor_spawned":[4,8,11,12,21,27,29,38,44,47,48],"ascension_level":14}}