{"host":"z9811rt50ti81n54","time":1611664752,"event":{"mods":["BaseMod","Minty Spire (QoL Compilation)","StSLib","The Marked"],"gold_per_floor":[14,14,24,24,24,43,43,66,66,66,81,81,101,26,26,156,156,172,172,72,97,277,277,290,303,303,23,41,65,65,65,65,193,193,212,231,231,247,260,260,273,273,273,273,299,314,314,677,677,677,677],"floor_reached":50,"language":"ENG","playtime":2130,"items_purged":["theMarked:Strike","Pain"],"score":511,"play_id":"91b9e98f-c6a4-472f-a354-b83551aa6f93","local_time":"20210126213912","is_ascension_mode":false,"campfire_choices":[{"data":"theMarked:Electrocute","floor":7,"key":"SMITH"},{"data":"theMarked:Polarize","floor":10,"key":"SMITH"},{"data":"theMarked:Challenge","floor":12,"key":"SMITH"},{"data":"theMarked:SelfDefenseTraining","floor":15,"key":"SMITH"},{"floor":23,"key":"REST"},{"floor":32,"key":"REST"},{"floor":40,"key":"REST"},{"data":"theMarked:Defend","floor":42,"key":"PURGE"},{"data":"Shame","floor":44,"key":"PURGE"},{"floor":49,"key":"REST"}],"circlet_count":0,"master_deck":["theMarked:Defend","theMarked:Defend","theMarked:SoldierOfQuellstein","theMarked:Electrocute+1","theMarked:Levitate","theMarked:ChainLightning","theMarked:SelfDefenseTraining+1","theMarked:EnhanceMovement","theMarked:Polarize+1","theMarked:Challenge+1","theMarked:KeepCalmAndFight","theMarked:ChainLightning","theMarked:MagusForm","theMarked:EmpowerWeapon","theMarked:TwofoldDefense+1","theMarked:TakeCover","theMarked:BanishingWave+1","theMarked:HeightenedSenses+1","theMarked:Defy","theMarked:Panic+1","theMarked:Challenge+1","theMarked:TurnInvisible+1","theMarked:EmpowerWeapon+1","Madness+1","Madness+1","theMarked:Indomitable+1","theMarked:Memento+1","Shame","theMarked:EmpowerWeapon+1","theMarked:ChannelForce+1"],"relics":["theMarked:BronzeBlade","Golden Idol","TungstenRod","WarpedTongs","Peace Pipe","Toxic Egg 2","Cursed Key","Bottled Flame","Pen Nib","Old Coin"],"acts_visited":["Exordium","TheCity","TheBeyond"],"potions_floor_usage":[16,25,29,33,50,50,50],"damage_taken":[{"damage":0,"enemies":"Cultist","floor":1,"turns":4},{"damage":0,"enemies":"2 Louse","floor":3,"turns":2},{"damage":0,"enemies":"Small Slimes","floor":6,"turns":3},{"damage":10,"enemies":"Gremlin Gang","floor":8,"turns":3},{"damage":8,"enemies":"Lots of Slimes","floor":11,"turns":3},{"damage":0,"enemies":"Looter","floor":13,"turns":2},{"damage":28,"enemies":"Hexaghost","floor":16,"turns":13},{"damage":17,"enemies":"2 Thieves","floor":18,"turns":4},{"damage":5,"enemies":"Shell Parasite","floor":21,"turns":4},{"damage":3,"enemies":"Snecko","floor":24,"turns":5},{"damage":11,"enemies":"3 Cultists","floor":25,"turns":4},{"damage":14,"enemies":"Snake Plant","floor":28,"turns":4},{"damage":1,"enemies":"Cultist and Chosen","floor":29,"turns":3},{"damage":34,"enemies":"Automaton","floor":33,"turns":10},{"damage":16,"enemies":"3 Shapes","floor":35,"turns":5},{"damage":0,"enemies":"3 Darklings","floor":36,"turns":3},{"damage":9,"enemies":"Writhing Mass","floor":38,"turns":9},{"damage":4,"enemies":"4 Shapes","floor":39,"turns":1},{"damage":6,"enemies":"Transient","floor":41,"turns":5},{"damage":0,"enemies":"3 Darklings","floor":46,"turns":1},{"damage":4,"enemies":"Mind Bloom Boss Battle","floor":48,"turns":5},{"damage":75,"enemies":"Awakened One","floor":50,"turns":8}],"seed_played":"-959722112231629281","potions_obtained":[{"floor":11,"key":"SneckoOil"},{"floor":13,"key":"EssenceOfSteel"},{"floor":16,"key":"Explosive Potion"},{"floor":18,"key":"AttackPotion"},{"floor":29,"key":"Fruit Juice"},{"floor":33,"key":"DistilledChaos"},{"floor":36,"key":"Fire Potion"}],"is_trial":false,"path_per_floor":["M","?","M","?","?","M","R","M","T","R","M","R","M","$","R","B",null,"M","?","$","M","?","R","M","M","T","$","M","M","?","$","R","B",null,"M","M","?","M","M","R","M","R","T","R","T","M","?","?","R","B"],"character_chosen":"THE_DEFAULT","items_purchased":["Toxic Egg 2","theMarked:HeightenedSenses+1"],"campfire_rested":4,"item_purchase_floors":[27,27],"current_hp_per_floor":[70,70,70,53,53,53,53,43,43,43,35,35,35,35,35,7,70,53,53,53,48,32,53,50,39,39,39,25,29,29,29,51,17,75,59,59,51,42,38,60,54,54,54,54,54,54,54,50,72,0,0],"gold":677,"neow_bonus":"TRANSFORM_TWO_CARDS","is_daily":false,"chose_seed":false,"campfire_upgraded":4,"win_rate":0.0,"timestamp":1611664752,"path_taken":["M","?","M","?","?","M","R","?","T","R","M","R","M","?","R","BOSS","M","?","$","?","?","R","M","?","T","$","M","M","?","?","R","BOSS","M","M","?","M","M","R","M","R","T","R","?","M","?","?","R","BOSS"],"items_purchased_type":["Relic","Card"],"build_version":"2020-12-22","purchased_purges":2,"victory":false,"max_hp_per_floor":[70,70,70,70,70,70,70,70,70,70,70,70,70,70,70,70,70,70,70,70,70,70,70,70,70,70,70,70,75,75,75,75,75,75,75,75,75,75,75,75,75,75,75,75,75,75,75,75,75,75,75],"card_choices":[{"not_picked":["theMarked:ResourceFulStrike","theMarked:Memento"],"picked":"theMarked:ChainLightning","floor":1},{"not_picked":["theMarked:Improvise","theMarked:WardOff"],"picked":"theMarked:EnhanceMovement","floor":3},{"not_picked":["theMarked:SwordAndMagic","theMarked:Aftermath"],"picked":"theMarked:Polarize","floor":6},{"not_picked":["theMarked:ParalyzingBlade","theMarked:Pokerface"],"picked":"theMarked:Challenge","floor":8},{"not_picked":["theMarked:WardOff","theMarked:Parkour"],"picked":"theMarked:KeepCalmAndFight","floor":11},{"not_picked":["theMarked:BanishingStrike","theMarked:Parry"],"picked":"theMarked:ChainLightning","floor":13},{"not_picked":["theMarked:SuspiciousRaven","theMarked:UnarmedFury"],"picked":"theMarked:MagusForm","floor":16},{"not_picked":["theMarked:Generate","theMarked:Standoff"],"picked":"theMarked:EmpowerWeapon","floor":18},{"not_picked":["theMarked:RogueSparks","theMarked:Frustration"],"picked":"theMarked:TwofoldDefense+1","floor":21},{"not_picked":["theMarked:Aftermath","theMarked:HeightenedSenses"],"picked":"theMarked:TakeCover","floor":24},{"not_picked":["theMarked:TakeCover","theMarked:KeepCalmAndFight"],"picked":"theMarked:BanishingWave+1","floor":25},{"not_picked":["theMarked:WastefulAttack","theMarked:Heritage+1"],"picked":"theMarked:Defy","floor":28},{"not_picked":["theMarked:ParalyzingBlade+1","theMarked:ChainLightning"],"picked":"theMarked:Panic+1","floor":29},{"not_picked":["theMarked:EternalStudent+1","theMarked:ThrowWeapon"],"picked":"theMarked:TurnInvisible+1","floor":33},{"not_picked":["theMarked:TheMission+1","theMarked:TunnelVision"],"picked":"theMarked:EmpowerWeapon+1","floor":35},{"not_picked":["theMarked:ResourceFulStrike","theMarked:ElectricStrings","theMarked:MysticalArsenal"],"picked":"SKIP","floor":36},{"not_picked":["theMarked:Parkour","theMarked:Heritage","theMarked:Maelstrom+1"],"picked":"SKIP","floor":38},{"not_picked":["theMarked:WastefulAttack+1","theMarked:WardOff+1"],"picked":"theMarked:Indomitable+1","floor":39},{"not_picked":["theMarked:ContemptForTheProud+1","theMarked:TakeCover+1"],"picked":"theMarked:Memento+1","floor":41},{"not_picked":["theMarked:TakeCover+1","theMarked:StartUp"],"picked":"theMarked:EmpowerWeapon+1","floor":46},{"not_picked":["theMarked:Overcharge+1","theMarked:Improvise+1"],"picked":"theMarked:ChannelForce+1","floor":48}],"player_experience":424576,"relics_obtained":[{"floor":9,"key":"TungstenRod"},{"floor":26,"key":"Peace Pipe"},{"floor":43,"key":"Bottled Flame"},{"floor":45,"key":"Pen Nib"},{"floor":48,"key":"Old Coin"}],"event_choices":[{"damage_healed":0,"gold_gain":0,"cards_transformed":["theMarked:Strike"],"player_choice":"Change","damage_taken":0,"max_hp_gain":0,"max_hp_loss":0,"event_name":"Living Wall","floor":2,"gold_loss":0,"cards_obtained":["theMarked:SelfDefenseTraining"]},{"damage_healed":0,"gold_gain":0,"player_choice":"Take Damage","damage_taken":17,"relics_obtained":["Golden Idol"],"max_hp_gain":0,"max_hp_loss":0,"event_name":"Golden Idol","floor":4,"gold_loss":0},{"cards_removed":["theMarked:Strike"],"damage_healed":0,"gold_gain":0,"player_choice":"Card Removal","damage_taken":0,"max_hp_gain":0,"max_hp_loss":0,"event_name":"Wheel of Change","floor":5,"gold_loss":0},{"damage_healed":0,"gold_gain":0,"player_choice":"Rummage","damage_taken":0,"relics_obtained":["WarpedTongs"],"max_hp_gain":0,"max_hp_loss":0,"event_name":"Accursed Blacksmith","floor":19,"gold_loss":0,"cards_obtained":["Pain"]},{"damage_healed":0,"gold_gain":180,"player_choice":"GOLD GOLD ","damage_taken":19,"max_hp_gain":0,"max_hp_loss":0,"event_name":"Knowing Skull","floor":22,"potions_obtained":[],"gold_loss":0,"cards_obtained":[]},{"damage_healed":0,"gold_gain":0,"player_choice":"Copied","damage_taken":0,"max_hp_gain":0,"max_hp_loss":0,"event_name":"Duplicator","floor":30,"gold_loss":0,"cards_obtained":["theMarked:Challenge"]},{"damage_healed":0,"gold_gain":0,"player_choice":"Embrace Madness","damage_taken":9,"max_hp_gain":0,"max_hp_loss":0,"event_name":"Winding Halls","floor":37,"gold_loss":0,"cards_obtained":["Madness","Madness"]},{"cards_removed":["theMarked:Defend"],"damage_healed":0,"gold_gain":0,"player_choice":"Removed Skill","damage_taken":0,"max_hp_gain":0,"max_hp_loss":0,"event_name":"Falling","floor":47,"gold_loss":0},{"damage_healed":0,"gold_gain":0,"player_choice":"Fight","damage_taken":0,"max_hp_gain":0,"max_hp_loss":0,"event_name":"MindBloom","floor":48,"gold_loss":0}],"is_beta":false,"boss_relics":[{"not_picked":["Coffee Dripper","Velvet Choker"],"picked":"theMarked:BronzeBlade"},{"not_picked":["SacredBark","Busted Crown"],"picked":"Cursed Key"}],"items_purged_floors":[14,20],"is_endless":false,"potions_floor_spawned":[11,13,16,18,24,29,33,36],"killed_by":"Awakened One","ascension_level":0}}