{"host":"nxma0dbhh74lxenq","time":1611677160,"event":{"mods":["Astrologer","BaseMod","Beaked The Cultist","CapriCore","Colored Map","DeckTracker","Gremlin Mod","HololiveMod","KinomotoSakuraMod(ñÿîVñ{?)","Koishi","Mad Scientist","Minty Spire (QoL Compilation)","Prisma Mod","StSLib","SuperFastMode","The Bladedancer","The Cursed","The Immortal","The Mystic","YoumuÅiç∞ÈÆódöÎÅj"],"gold_per_floor":[79,99,109,129,129,129,12,39,113,131,147,163,195,22,22,131,131,153,68,84,102,102,142,142,183,208,239,274,274,274,303,303,380,380,397,397,432,449,16,60,60,92,138,28,41,41,72,105,105,127,127],"floor_reached":50,"language":"JPN","playtime":1907,"items_purged":["Hololive_CallRosalyn","Hololive_Strike"],"score":1940,"play_id":"d60a7cb0-4d4e-455a-8c5d-81f197b1ef87","local_time":"20210127010600","is_ascension_mode":true,"campfire_choices":[{"data":"Hololive_CallUsadaPekora","floor":6,"key":"SMITH"},{"data":"Hololive_CallHoushouMarine","floor":15,"key":"SMITH"},{"data":"Hololive_CallAZKi","floor":24,"key":"SMITH"},{"data":"Hololive_CallAmaneKanata","floor":30,"key":"SMITH"},{"data":"Hololive_CallSakuraMiko","floor":32,"key":"SMITH"},{"data":"Apotheosis","floor":41,"key":"SMITH"},{"data":"1","floor":46,"key":"LIFT"},{"data":"2","floor":49,"key":"LIFT"}],"circlet_count":0,"master_deck":["AscendersBane","Hololive_Defend","Hololive_Breathe","Hololive_CallArtia","Hololive_CallRoboco","Hololive_CallRosalyn","Hololive_CallShiroganeNoel","Hololive_FlyingPonyTail+1","Hololive_CallHoushouMarine+1","Hololive_CallOmaruPolka+1","Hololive_CallUsadaPekora+1","Hololive_CallUruhaRushia","Hololive_CallAZKi+1","Hololive_Psychosis","Hololive_CallSakuraMiko+1","Hololive_DDD","Hololive_CallMomosuzuNene+14","Hololive_CallShishiroBotan","Hololive_CandyCastle+1","Hololive_CallTsunomakiWatame","RitualDagger","Hololive_CallShirakamiFubuki","Hololive_CallAmaneKanata+1","Hololive_CocoNews+1","Hololive_FlyingPonyTail+1","Hololive_Rebound","J.A.X.","Hololive_StarCraft","Hololive_StrengthChampion","Hololive_OvertimeWork+1","Swift Strike","Flash of Steel","Apotheosis+1","Hololive_DevilCharm","Hololive_CallInugamiKorone","Hololive_CandyCastle+1","Hololive_CallDoris","Hololive_CallShiranuiFlare","Hololive_CallOkamiMio+1","Hololive_FlareMind","Parasite","Hololive_CallHoshimachiSuisei","Hololive_CallFriendA"],"relics":["Hololive_TheStar","Girya","Ornamental Fan","Ancient Tea Set","PreservedInsect","Philosopher\u0027s Stone","Bronze Scales","Prayer Wheel","Akabeko","Hololive_FriedShrimpLion","Blue Candle","FossilizedHelix","SlaversCollar","Peace Pipe","DollysMirror","Vajra","Smiling Mask","Lizard Tail","Boot","Singing Bowl"],"acts_visited":["Exordium","TheCity","TheBeyond"],"potions_floor_usage":[8,18],"damage_taken":[{"damage":0,"enemies":"Cultist","floor":1,"turns":3},{"damage":0,"enemies":"2 Louse","floor":2,"turns":3},{"damage":0,"enemies":"Jaw Worm","floor":3,"turns":3},{"damage":0,"enemies":"Blue Slaver","floor":4,"turns":3},{"damage":0,"enemies":"3 Sentries","floor":8,"turns":6},{"damage":0,"enemies":"Looter","floor":10,"turns":3},{"damage":0,"enemies":"Exordium Thugs","floor":11,"turns":4},{"damage":0,"enemies":"2 Fungi Beasts","floor":12,"turns":3},{"damage":0,"enemies":"Lagavulin","floor":13,"turns":4},{"damage":0,"enemies":"The Guardian","floor":16,"turns":6},{"damage":0,"enemies":"3 Byrds","floor":18,"turns":3},{"damage":0,"enemies":"Chosen","floor":20,"turns":4},{"damage":0,"enemies":"Centurion and Healer","floor":21,"turns":5},{"damage":0,"enemies":"Book of Stabbing","floor":23,"turns":3},{"damage":0,"enemies":"Gremlin Leader","floor":25,"turns":4},{"damage":0,"enemies":"Book of Stabbing","floor":27,"turns":4},{"damage":0,"enemies":"Cultist and Chosen","floor":28,"turns":3},{"damage":0,"enemies":"Slavers","floor":31,"turns":3},{"damage":0,"enemies":"Collector","floor":33,"turns":8},{"damage":0,"enemies":"3 Darklings","floor":35,"turns":5},{"damage":0,"enemies":"Mind Bloom Boss Battle","floor":37,"turns":4},{"damage":0,"enemies":"3 Shapes","floor":38,"turns":3},{"damage":0,"enemies":"Giant Head","floor":40,"turns":6},{"damage":0,"enemies":"Nemesis","floor":42,"turns":3},{"damage":0,"enemies":"Spire Growth","floor":45,"turns":3},{"damage":0,"enemies":"Reptomancer","floor":47,"turns":3},{"damage":0,"enemies":"Writhing Mass","floor":48,"turns":3},{"damage":54,"enemies":"Awakened One","floor":50,"turns":6}],"seed_played":"1123926531704240987","potions_obtained":[{"floor":1,"key":"Block Potion"},{"floor":4,"key":"Block Potion"},{"floor":8,"key":"DuplicationPotion"},{"floor":16,"key":"LiquidBronze"},{"floor":18,"key":"Energy Potion"}],"is_trial":false,"path_per_floor":["M","M","M","M","?","R","$","E","T","M","M","M","E","$","R","B",null,"M","?","M","M","?","E","R","E","T","E","M","?","R","E","R","B",null,"M","?","?","M","$","E","R","E","T","?","M","R","E","M","R","B"],"character_chosen":"Hololive_HololiveCharacter","items_purchased":["Hololive_CallUruhaRushia","PreservedInsect","DollysMirror","Vajra"],"campfire_rested":0,"item_purchase_floors":[7,14,39,39],"current_hp_per_floor":[27,27,27,27,27,27,27,27,27,27,27,27,27,27,27,27,29,29,29,29,29,23,23,23,23,23,23,23,23,23,23,23,23,28,28,18,18,18,18,18,18,18,18,18,18,18,18,18,18,0,0],"gold":127,"neow_bonus":"REMOVE_CARD","is_daily":false,"chose_seed":false,"campfire_upgraded":6,"win_rate":0.0,"timestamp":1611677160,"path_taken":["M","M","M","?","?","R","$","E","T","M","M","?","E","$","R","BOSS","M","?","M","M","?","E","R","E","T","E","M","?","R","E","R","BOSS","M","?","?","M","$","E","R","E","T","?","M","R","E","M","R","BOSS"],"items_purchased_type":["Card","Relic","Relic","Relic"],"build_version":"2020-12-22","purchased_purges":2,"victory":false,"max_hp_per_floor":[30,30,30,30,30,30,30,30,30,30,30,30,30,30,30,30,30,30,30,30,30,30,30,30,30,30,30,30,30,30,30,30,30,30,30,30,30,30,30,30,30,30,30,30,30,30,30,30,30,30,30],"card_choices":[{"not_picked":["Hololive_Drill","Hololive_Sequa","Hololive_SoulCatcher"],"picked":"Hololive_FlyingPonyTail","floor":1},{"not_picked":["Hololive_LuckPotion","Hololive_Breathe","Hololive_CallAyundaRisu"],"picked":"Hololive_CallHoushouMarine","floor":2},{"not_picked":["Hololive_BringToTrial","Hololive_CocoNews","Hololive_CallRoboco"],"picked":"Hololive_CallOmaruPolka","floor":3},{"not_picked":["Hololive_CallSakuraMiko","Hololive_Sequa","Hololive_FlyingPonyTail"],"picked":"Hololive_CallUsadaPekora","floor":4},{"not_picked":["Hololive_CallShishiroBotan","Hololive_Rebound","Hololive_CallArtia"],"picked":"Hololive_CallAZKi","floor":8},{"not_picked":["Hololive_HuntDinosaur","Hololive_HighAtkLowDef","Hololive_Trident"],"picked":"Hololive_Psychosis","floor":10},{"not_picked":["Hololive_CallTokinoSora","Hololive_CallTsunomakiWatame","Hololive_Trident"],"picked":"Hololive_CallSakuraMiko","floor":11},{"not_picked":["Hololive_FlyingPonyTail","Hololive_Sequa","Hololive_LuckPotion"],"picked":"Hololive_DDD","floor":12},{"not_picked":["Hololive_Breathe","Hololive_StrengthChampion","Hololive_SoulCatcher"],"picked":"Hololive_CallMomosuzuNene","floor":13},{"not_picked":["Hololive_OvertimeWork","Hololive_HuntDinosaur","Hololive_Drill"],"picked":"Hololive_CallShishiroBotan","floor":18},{"not_picked":["Hololive_Sequa","Hololive_Breathe","Hololive_Drill"],"picked":"Hololive_CandyCastle+1","floor":20},{"not_picked":["Hololive_OvertimeWork","Hololive_FlyingPonyTail","Hololive_Breathe"],"picked":"Hololive_CallTsunomakiWatame","floor":21},{"not_picked":["Hololive_FlareMind","Hololive_Sequa","Hololive_CallMoonaHoshinova"],"picked":"Hololive_CallShirakamiFubuki","floor":23},{"not_picked":["Hololive_RevenueBasedLive","Hololive_Thief","Hololive_CallManoAloe"],"picked":"Hololive_CallAmaneKanata","floor":25},{"not_picked":["Hololive_Teleport","Hololive_CallShishiroBotan","Hololive_Rebound"],"picked":"Hololive_CocoNews+1","floor":27},{"not_picked":["Hololive_Rebound","Hololive_Sequa","Hololive_CallShirakamiFubuki"],"picked":"Hololive_FlyingPonyTail+1","floor":28},{"not_picked":["Hololive_RevenueBasedLive","Hololive_BringToTrial","Hololive_FlyingPonyTail"],"picked":"Hololive_Rebound","floor":28},{"not_picked":["Hololive_Sequa","Hololive_Watashimo","Hololive_Breathe","Hololive_ILoveYou"],"picked":"SKIP","floor":31},{"not_picked":["Hololive_Recruit","Hololive_Nanodesu","Hololive_FlareMind"],"picked":"Hololive_StarCraft","floor":33},{"not_picked":["Hololive_FlyingPonyTail+1","Hololive_Psychosis","Hololive_CocoNews"],"picked":"Hololive_StrengthChampion","floor":35},{"not_picked":["Hololive_ILoveYou+1","Hololive_Watashimo","Hololive_StarCraft"],"picked":"Hololive_OvertimeWork+1","floor":35},{"not_picked":["PanicButton","Secret Technique","Chrysalis"],"picked":"Swift Strike","floor":36},{"not_picked":["Mind Blast","Purity","Bandage Up"],"picked":"Flash of Steel","floor":36},{"not_picked":["Trip","Panacea","Dark Shackles"],"picked":"Apotheosis","floor":36},{"not_picked":["Hololive_CallUsadaPekora+1","Hololive_Trident","Hololive_Sequa"],"picked":"Hololive_DevilCharm","floor":38},{"not_picked":["Hololive_CallTokinoSora","Hololive_StarCraft","Hololive_Sequa"],"picked":"Hololive_CallInugamiKorone","floor":38},{"not_picked":["Hololive_RevenueBasedLive","Hololive_WolfAndLamb","Hololive_Rebound"],"picked":"Hololive_CallDoris","floor":40},{"not_picked":["Hololive_BringToTrial","Hololive_CallYogiri+1","Hololive_Drill"],"picked":"Hololive_CallShiranuiFlare","floor":42},{"not_picked":["Hololive_Breathe","Hololive_Sequa","Hololive_AWSL"],"picked":"Hololive_CallOkamiMio+1","floor":45},{"not_picked":["Hololive_SoulCatcher+1","Hololive_Trident","Hololive_Drill","Hololive_CallShishiroBotan+1"],"picked":"SKIP","floor":45},{"not_picked":["Hololive_CallOmaruPolka","Hololive_StrengthChampion","Hololive_Watashimo"],"picked":"Hololive_FlareMind","floor":47},{"not_picked":["Hololive_CallHoushouMarine+1","Hololive_RevenueBasedLive","Hololive_HuntDinosaur"],"picked":"Hololive_CallHoshimachiSuisei","floor":48},{"not_picked":["Hololive_Psychosis+1","Hololive_Drill","Hololive_Sequa"],"picked":"Hololive_CallFriendA","floor":48}],"player_experience":537083,"relics_obtained":[{"floor":8,"key":"Girya"},{"floor":9,"key":"Ornamental Fan"},{"floor":13,"key":"Ancient Tea Set"},{"floor":23,"key":"Prayer Wheel"},{"floor":25,"key":"Akabeko"},{"floor":26,"key":"Hololive_FriedShrimpLion"},{"floor":27,"key":"Blue Candle"},{"floor":31,"key":"FossilizedHelix"},{"floor":37,"key":"Peace Pipe"},{"floor":40,"key":"Smiling Mask"},{"floor":42,"key":"Lizard Tail"},{"floor":43,"key":"Boot"},{"floor":47,"key":"Singing Bowl"}],"event_choices":[{"damage_healed":0,"gold_gain":0,"player_choice":"Forge","damage_taken":0,"max_hp_gain":0,"max_hp_loss":0,"event_name":"Accursed Blacksmith","floor":5,"gold_loss":0,"cards_upgraded":["Hololive_CallOmaruPolka"]},{"damage_healed":0,"gold_gain":0,"player_choice":"Obtained Relic","damage_taken":0,"relics_obtained":["Bronze Scales"],"max_hp_gain":0,"max_hp_loss":0,"event_name":"Addict","floor":19,"gold_loss":85},{"damage_healed":0,"gold_gain":0,"player_choice":"Joined the Cult","damage_taken":6,"max_hp_gain":0,"max_hp_loss":0,"event_name":"Nest","floor":22,"gold_loss":0,"cards_obtained":["RitualDagger"]},{"damage_healed":0,"gold_gain":0,"player_choice":"Obtain J.A.X.","damage_taken":0,"max_hp_gain":0,"max_hp_loss":0,"event_name":"Drug Dealer","floor":29,"gold_loss":0,"cards_obtained":["J.A.X."]},{"damage_healed":0,"gold_gain":0,"player_choice":"Memory 3","damage_taken":10,"max_hp_gain":0,"max_hp_loss":0,"event_name":"SensoryStone","floor":36,"gold_loss":0},{"damage_healed":0,"gold_gain":0,"player_choice":"Fight","damage_taken":0,"max_hp_gain":0,"max_hp_loss":0,"event_name":"MindBloom","floor":37,"gold_loss":0},{"cards_removed":["Hololive_Defend"],"damage_healed":0,"gold_gain":0,"player_choice":"Upgrade and Remove","damage_taken":0,"max_hp_gain":0,"max_hp_loss":0,"event_name":"Designer","floor":44,"gold_loss":110,"cards_upgraded":["Hololive_FlyingPonyTail"]}],"is_beta":false,"boss_relics":[{"not_picked":["Velvet Choker","Runic Pyramid"],"picked":"Philosopher\u0027s Stone"},{"not_picked":["Fusion Hammer","Sozu"],"picked":"SlaversCollar"}],"items_purged_floors":[7,39],"is_endless":false,"potions_floor_spawned":[1,4,8,10,16,18,21,28,35,38,40,45],"killed_by":"Awakened One","ascension_level":20}}