{"host":"bpkhhmvsfrvlto2l","time":1611671474,"event":{"mods":["2.2 Compatiblity","AchievementEnabler","Act Like it!","AlwaysNeverKeys","Aspiration","BaseMod","Better Silent Start","Challenge The Spire","Colored Map","Colored Powertips","Custom Start","Energized Spire","Friendly Minions","GifTheSpireLib","Halation","Hubris","Infinite Spire","Ironclad Rager","Mimic Mod","Minty Spire (QoL Compilation)","Permanent Neow","Quick Restart","Random Character Button","Relic Sorter","Replay The Spire","Spikes Relics","StSLib","Stuff the Spire","Swap Starting Deck Mod","Trackpad"],"gold_per_floor":[111,127,139,63,63,63,95,95,95,95,106,117,141,170,170,270,270,285,42,59,59,14,14,30,30,63,63,63,94,94,107,107,204,204,218,150,170,170,170],"floor_reached":38,"language":"ENG","playtime":1343,"items_purged":[],"score":603,"play_id":"5b638849-90bd-4d34-b3b3-7dfaa524b7c6","local_time":"20210126093114","is_ascension_mode":true,"campfire_choices":[{"data":"Zap","floor":6.0,"key":"SMITH"},{"floor":8.0,"key":"REST"},{"data":"Defragment","floor":10.0,"key":"SMITH"},{"data":"Dualcast","floor":23.0,"key":"SMITH"},{"floor":25.0,"key":"REST"},{"data":"Ball Lightning","floor":27.0,"key":"SMITH"},{"floor":30.0,"key":"REST"},{"floor":32.0,"key":"REST"}],"circlet_count":0,"master_deck":["AscendersBane","Strike_B","Strike_B","Strike_B","Strike_B","Defend_B","Defend_B","Defend_B","Defend_B","Zap+1","Dualcast+1","Ball Lightning+1","Defragment+1","Ball Lightning+1","Ball Lightning","Core Surge","CurseOfTheBell","StuffTheSpire:Synthwave"],"relics":["Cracked Core","DataDisk","Emotion Chip","Bird Faced Urn","halation:PrussianBluePaint","Geode","SlaversCollar","RetroEgg","Frozen Eye","trackpad:RapidFire","StuffTheSpire:OldFever","Calling Bell","Replay:Wax Seal","hubris:CrystalStatue","Replay:Towering Pillar of Hats"],"acts_visited":["Exordium","TheCity","TheBeyond"],"potions_floor_usage":[],"damage_taken":[{"damage":13.0,"enemies":"2 Louse","floor":1.0,"turns":3.0},{"damage":2.0,"enemies":"Jaw Worm","floor":2.0,"turns":3.0},{"damage":1.0,"enemies":"Cultist","floor":3.0,"turns":3.0},{"damage":30.0,"enemies":"3 Sentries","floor":7.0,"turns":6.0},{"damage":15.0,"enemies":"3 Louse","floor":11.0,"turns":2.0},{"damage":6.0,"enemies":"Looter","floor":12.0,"turns":2.0},{"damage":16.0,"enemies":"Gremlin Nob","floor":14.0,"turns":3.0},{"damage":15.0,"enemies":"The Guardian","floor":16.0,"turns":6.0},{"damage":2.0,"enemies":"Chosen","floor":18.0,"turns":3.0},{"damage":6.0,"enemies":"Spheric Guardian","floor":20.0,"turns":3.0},{"damage":41.0,"enemies":"Centurion and Healer","floor":24.0,"turns":5.0},{"damage":7.0,"enemies":"Snecko","floor":26.0,"turns":5.0},{"damage":31.0,"enemies":"Replay:Snechameleon","floor":29.0,"turns":3.0},{"damage":18.0,"enemies":"Snecko","floor":31.0,"turns":3.0},{"damage":33.0,"enemies":"hubris:MusketHawk","floor":33.0,"turns":6.0},{"damage":48,"enemies":"3 Darklings","floor":35,"turns":4},{"damage":20,"enemies":"Orb Walker","floor":37,"turns":3},{"damage":30,"enemies":"Maw","floor":38,"turns":2}],"seed_played":"454250396273114325","potions_obtained":[{"floor":11.0,"key":"PowerPotion"},{"floor":12.0,"key":"Fruit Juice"},{"floor":14.0,"key":"BlessingOfTheForge"},{"floor":20.0,"key":"BlessingOfTheForge"},{"floor":31.0,"key":"GamblersBrew"},{"floor":37,"key":"FearPotion"}],"is_trial":false,"path_per_floor":["M","M","M","$","?","R","E","R","T","R","M","M","T","E","R_BF","B",null,"M","$","M","AVR","$","R","M","R","MIM","R","?","E","R","M","R","B",null,"M","$","M","M"],"character_chosen":"DEFECT","items_purchased":["Defragment","RetroEgg","Ball Lightning","StuffTheSpire:Synthwave"],"campfire_rested":4,"item_purchase_floors":[4,19,22,36],"current_hp_per_floor":[55,53,52,52,52,52,22,44,44,44,31,32,32,20,44,31,68,68,68,64,64,64,64,25,49,44,44,44,15,39,23,47,16,64,18,18,2,0,0],"gold":170,"neow_bonus":"RANDOM_COMMON_RELIC","is_daily":false,"chose_seed":false,"campfire_upgraded":4,"win_rate":0.0,"timestamp":1611671474,"path_taken":["M","M","M","$","?","R","E","R","T","R","M","M","?","E","R_BF","BOSS","M","$","M","AVR","?","R","M","R","MIM","R","?","E","R","M","R","BOSS","BOSS","M","$","M","M"],"items_purchased_type":["Card","Relic","Card","Card"],"build_version":"2020-12-22","purchased_purges":0,"victory":false,"max_hp_per_floor":[75,75,75,75,75,75,75,75,75,75,75,80,80,80,80,80,80,80,80,80,80,80,80,80,80,80,80,80,80,80,80,80,80,80,80,80,80,80,80],"card_choices":[{"not_picked":["Panic Button","Hologram"],"picked":"Ball Lightning","floor":1.0},{"not_picked":["Conserve Battery","ReplayTheSpireMod:Omega Cannon"],"picked":"Ball Lightning","floor":7.0},{"not_picked":["Gash","Rebound+1","StuffTheSpire:Plugnplay"],"picked":"SKIP","floor":18.0},{"not_picked":["Beam Cell","ReplayTheSpireMod:Repulse","Turbo"],"picked":"SKIP","floor":31.0},{"not_picked":["StuffTheSpire:LaunchingStrike","Meteor Strike"],"picked":"Core Surge","floor":33}],"player_experience":120458,"relics_obtained":[{"floor":7.0,"key":"Emotion Chip"},{"floor":9.0,"key":"Bird Faced Urn"},{"floor":13.0,"key":"halation:PrussianBluePaint"},{"floor":14.0,"key":"Geode"},{"floor":26.0,"key":"trackpad:RapidFire"},{"floor":29.0,"key":"StuffTheSpire:OldFever"},{"floor":34,"key":"Replay:Wax Seal"},{"floor":34,"key":"hubris:CrystalStatue"},{"floor":34,"key":"Replay:Towering Pillar of Hats"}],"event_choices":[{"damage_healed":0.0,"max_hp_gain":0.0,"max_hp_loss":0.0,"gold_gain":0.0,"event_name":"Scrap Ooze","player_choice":"Fled","floor":5.0,"gold_loss":0.0,"damage_taken":0.0}],"is_beta":false,"boss_relics":[{"not_picked":["hubris:ScarierMask","Empty Cage"],"picked":"SlaversCollar"},{"not_picked":["energizedSpire:SpiderWeb","Pandora\u0027s Box"],"picked":"Calling Bell"}],"items_purged_floors":[],"is_endless":false,"potions_floor_spawned":[11,12,14,20,31,37],"killed_by":"Maw","ascension_level":10}}