{"host":"58njlu7hme3ojrlz","time":1611690880,"event":{"mods":["Act Like it!","Arknights The Spire","BaseMod","Block Reminder","Colored Map","Colored Powertips","DeckTracker","Gensokyo","Hallownest","Highlight Path","Marisa????????","Minty Spire (QoL Compilation)","Relic Sorter","StSLib","The Alterego","The Bug Knight","The Servant 0.9.4","The Wild Card"],"gold_per_floor":[115,126,126,126,142,142,142],"floor_reached":6,"language":"ENG","playtime":544,"items_purged":[],"score":36,"play_id":"a2c48da3-c80f-4b8f-968b-4655992e36fd","local_time":"20210127025440","is_ascension_mode":false,"campfire_choices":[],"circlet_count":0,"master_deck":["HollowMod:NailStrikeStart","HollowMod:NailStrikeStart","HollowMod:NailStrikeStart","HollowMod:NailStrikeStart","HollowMod:QuickDashStart","HollowMod:QuickDashStart","HollowMod:QuickDashStart","HollowMod:QuickDashStart","HollowMod:FocusHealStart","HollowMod:PogoStrike","HollowMod:SoulEater","HollowMod:SoulStrike"],"relics":["HollowMod:VesselMask","NeowsBlessing","Mummified Hand","Hallownest:DreamNailRelic"],"acts_visited":["Exordium"],"potions_floor_usage":[6,6],"damage_taken":[{"damage":3,"enemies":"Hallownest:2_Tiktiks_and_1_Crawlid","floor":1,"turns":1},{"damage":0,"enemies":"Hallownest:monsterHuskWarrior","floor":2,"turns":1},{"damage":0,"enemies":"Hallownest:2_Baldur","floor":5,"turns":1},{"damage":90,"enemies":"Hallownest:eliteCrystalGuardian","floor":6,"turns":9}],"seed_played":"6695090304507109168","potions_obtained":[{"floor":2,"key":"DuplicationPotion"},{"floor":5,"key":"Energy Potion"}],"is_trial":false,"path_per_floor":["M","M","T","?","M","E"],"character_chosen":"THE_BUGKNIGHT","items_purchased":[],"campfire_rested":0,"item_purchase_floors":[],"current_hp_per_floor":[72,72,72,72,72,0,0],"gold":142,"neow_bonus":"THREE_ENEMY_KILL","is_daily":false,"chose_seed":false,"campfire_upgraded":0,"win_rate":0.0,"timestamp":1611690880,"path_taken":["M","M","?","?","?","E"],"items_purchased_type":[],"build_version":"2020-12-22","purchased_purges":0,"victory":false,"max_hp_per_floor":[75,75,75,75,75,75,75],"card_choices":[{"not_picked":["HollowMod:InfectedCysts","HollowMod:DoubleDash"],"picked":"HollowMod:SoulEater","floor":1},{"not_picked":["HollowMod:FastStrike","HollowMod:VengefulVoid"],"picked":"HollowMod:SoulStrike","floor":2},{"not_picked":["HollowMod:AbyssShriek","HollowMod:VengefulVoid","HollowMod:MawleksShell"],"picked":"SKIP","floor":5}],"player_experience":98037,"relics_obtained":[{"floor":3,"key":"Mummified Hand"}],"event_choices":[],"is_beta":false,"boss_relics":[],"items_purged_floors":[],"is_endless":false,"potions_floor_spawned":[2,5],"killed_by":"Hallownest:eliteCrystalGuardian","ascension_level":0}}