{"host":"0mk07bycsqo1qk03","time":1611661467,"event":{"mods":["BaseMod","Downfall","Hermit","Hubris","Minty Spire (QoL Compilation)","StSLib","The Cursed"],"gold_per_floor":[99,115,115,215,335,335,335,335,351,361,394,394,426,426,446,446,446,446],"floor_reached":16,"language":"ENG","playtime":584,"items_purged":[],"score":113,"play_id":"58021e81-95bb-4296-9077-1eeeeea09ac1","local_time":"20210126124427","is_ascension_mode":true,"campfire_choices":[{"data":"Jack Of All Trades","floor":1,"key":"SMITH"},{"floor":6,"key":"REST"},{"data":"bronze:Goto","floor":8,"key":"SMITH"},{"data":"bronze:Replicate","floor":12,"key":"SMITH"}],"circlet_count":0,"master_deck":["bronze:Strike","bronze:Strike","bronze:Strike","bronze:Strike","bronze:Defend","bronze:Defend","bronze:Defend","bronze:Defend","bronze:Replicate+1","bronze:Goto+1","Jack Of All Trades+1","bronze:GetLatest","bronze:Fortify+1","bronze:Deprecate+1","bronze:Separator+1","bronze:DelayedSlice"],"relics":["bronze:BronzeCore","downfall:ShatteredFragment","downfall:GremlinWheel","Bird Faced Urn","Singing Bowl","Akabeko"],"acts_visited":["Exordium"],"potions_floor_usage":[16],"damage_taken":[{"damage":5,"enemies":"Small Slimes","floor":2,"turns":4},{"damage":36,"enemies":"Small Slimes","floor":5,"turns":4},{"damage":2,"enemies":"2 Louse","floor":9,"turns":2},{"damage":0,"enemies":"Cultist","floor":10,"turns":2},{"damage":20,"enemies":"Gremlin Nob","floor":11,"turns":4},{"damage":17,"enemies":"Lagavulin","floor":13,"turns":8},{"damage":0,"enemies":"2 Fungi Beasts","floor":15,"turns":2},{"damage":71,"enemies":"WA_ARCHETYPE_RETAIN","floor":16,"turns":10}],"seed_played":"-1118428689334842437","potions_obtained":[{"floor":10,"key":"Dexterity Potion"},{"floor":15,"key":"EssenceOfSteel"}],"is_trial":false,"path_per_floor":["R","M","?","?","?","R","T","R","M","M","E","R","E","?","M","B"],"character_chosen":"THE_AUTOMATON","items_purchased":[],"campfire_rested":1,"item_purchase_floors":[],"current_hp_per_floor":[70,65,44,44,8,29,29,29,27,27,9,70,53,53,55,0,0,0],"gold":446,"neow_bonus":"RANDOM_COLORLESS","is_daily":false,"chose_seed":false,"campfire_upgraded":3,"win_rate":0.0,"timestamp":1611661467,"path_taken":["R","M","?","?","?","R","T","R","M","?","E","R","E","?","M","BOSS"],"items_purchased_type":[],"build_version":"2020-12-22","purchased_purges":0,"victory":false,"max_hp_per_floor":[70,70,70,70,70,70,70,70,70,70,70,70,70,70,72,72,72,72],"card_choices":[{"not_picked":["Purity","Swift Strike"],"picked":"Jack Of All Trades","floor":0},{"not_picked":["bronze:NullPointer","bronze:Separator"],"picked":"bronze:GetLatest","floor":2},{"not_picked":["bronze:BronzeOrb","bronze:DigitalCarnage"],"picked":"bronze:Fortify","floor":9},{"not_picked":["bronze:BuggyMess","bronze:Shield"],"picked":"bronze:Deprecate","floor":10},{"not_picked":["bronze:DelayedSlice","bronze:Backtrace"],"picked":"bronze:Separator","floor":11},{"not_picked":["bronze:WildBeam","bronze:BitShift"],"picked":"bronze:DelayedSlice","floor":13},{"not_picked":["bronze:Overheat","bronze:DelayedSlice","bronze:ForceShield"],"picked":"Singing Bowl","floor":15}],"player_experience":974620,"relics_obtained":[{"floor":5,"key":"downfall:GremlinWheel"},{"floor":7,"key":"Bird Faced Urn"},{"floor":11,"key":"Singing Bowl"},{"floor":13,"key":"Akabeko"}],"event_choices":[{"damage_healed":61,"gold_gain":0,"player_choice":"Full Heal","damage_taken":0,"max_hp_gain":0,"max_hp_loss":0,"event_name":"Wheel of Change","floor":12,"gold_loss":0}],"is_beta":false,"boss_relics":[],"items_purged_floors":[],"is_endless":false,"potions_floor_spawned":[10,15],"killed_by":"WA_ARCHETYPE_RETAIN","ascension_level":1}}