{"host":"6q94iy5iz6612v89","time":1611704011,"event":{"mods":["2.2 Compatiblity","AchievementEnabler","BaseMod","Colored Map","DeckTracker","Keyboard Shortcuts","Marisa£¨Ùöéë¡¡Øª×âÞÞ£©","Minty Spire (QoL Compilation)","Permanent Neow","StSLib","SuperFastMode"],"gold_per_floor":[112,123,133,133,151,186,186,214,263,283,312,312,332,15,15,110,110,123,143,161,181,192,192,192,192,192,192,208,218,45,61,61,61,61],"floor_reached":33,"language":"KOR","playtime":920,"items_purged":["Strike_MRS","Strike_MRS"],"score":437,"play_id":"15ce7e23-79c7-4ddf-a479-aec052f9d743","local_time":"20210127083331","is_ascension_mode":true,"campfire_choices":[{"floor":7,"key":"REST"},{"floor":12,"key":"REST"},{"data":"Apotheosis","floor":15,"key":"SMITH"},{"floor":23,"key":"RECALL"},{"data":"OrrerysSun","floor":32,"key":"SMITH"}],"circlet_count":0,"master_deck":["AscendersBane","Defend_MRS","Defend_MRS","Defend_MRS","Defend_MRS","MasterSpark","UpSweep","Apotheosis+1","ChargeUpSpray","GalacticHalo","ShootingEcho","OrrerysSun+1","GalacticHalo","StarBarrage","AsteroidBelt","MagicAbsorber","UnstableBomb","Orbital","EnergyFlow+1","EnergyRecoil","MilkyWay+1"],"relics":["MiniHakkero","Toy Ornithopter","Letter Opener","Bag of Marbles","Orichalcum","Gremlin Horn","Coffee Dripper"],"acts_visited":["Exordium","TheCity"],"potions_floor_usage":[6,11,11,16,22,27,29,31,33,33],"damage_taken":[{"damage":2,"enemies":"2 Louse","floor":1,"turns":3},{"damage":10,"enemies":"Small Slimes","floor":2,"turns":3},{"damage":4,"enemies":"Jaw Worm","floor":3,"turns":3},{"damage":6,"enemies":"Red Slaver","floor":5,"turns":4},{"damage":26,"enemies":"Gremlin Nob","floor":6,"turns":4},{"damage":6,"enemies":"Lagavulin","floor":8,"turns":6},{"damage":0,"enemies":"3 Louse","floor":10,"turns":4},{"damage":21,"enemies":"3 Sentries","floor":11,"turns":11},{"damage":4,"enemies":"Lots of Slimes","floor":13,"turns":5},{"damage":2,"enemies":"The Guardian","floor":16,"turns":9},{"damage":17,"enemies":"2 Thieves","floor":18,"turns":4},{"damage":0,"enemies":"Chosen","floor":19,"turns":4},{"damage":9,"enemies":"Snake Plant","floor":20,"turns":4},{"damage":11,"enemies":"Centurion and Healer","floor":21,"turns":6},{"damage":4,"enemies":"Chosen and Byrds","floor":22,"turns":7},{"damage":11,"enemies":"Colosseum Slavers","floor":27,"turns":4},{"damage":18,"enemies":"Snake Plant","floor":28,"turns":4},{"damage":0,"enemies":"3 Cultists","floor":29,"turns":4},{"damage":0,"enemies":"Chosen and Byrds","floor":31,"turns":5},{"damage":33,"enemies":"Collector","floor":33,"turns":6}],"seed_played":"1369170338662254831","potions_obtained":[{"floor":2,"key":"GamblersBrew"},{"floor":3,"key":"SpeedPotion"},{"floor":10,"key":"FearPotion"},{"floor":11,"key":"CultistPotion"},{"floor":13,"key":"LiquidMemories"},{"floor":21,"key":"SkillPotion"},{"floor":28,"key":"Swift Potion"},{"floor":29,"key":"BlessingOfTheForge"},{"floor":31,"key":"DistilledChaos"}],"is_trial":false,"path_per_floor":["M","M","M","?","M","E","R","E","T","M","E","R","M","$","R","B",null,"M","M","M","M","M","R","?","?","T","?","M","M","$","M","R","B"],"character_chosen":"MARISA","items_purchased":["Gremlin Horn","DistilledChaos"],"campfire_rested":2,"item_purchase_floors":[14,30],"current_hp_per_floor":[48,38,34,34,28,2,24,18,18,18,7,29,25,25,25,28,63,46,46,37,26,27,27,27,27,27,21,3,8,8,13,13,0,0],"gold":61,"neow_bonus":"RANDOM_COLORLESS_2","is_daily":false,"chose_seed":false,"campfire_upgraded":2,"win_rate":0.0,"timestamp":1611704011,"path_taken":["M","M","M","?","M","E","R","E","T","M","E","R","M","$","R","BOSS","M","M","M","M","M","R","?","?","T","?","M","?","$","M","R","BOSS"],"items_purchased_type":["Relic","Potion"],"build_version":"2020-12-22","purchased_purges":2,"victory":false,"max_hp_per_floor":[75,75,75,75,75,75,75,75,75,75,75,75,75,75,75,75,75,75,75,75,75,75,75,75,75,75,75,75,75,75,75,75,75,75],"card_choices":[{"not_picked":["The Bomb","Violence"],"picked":"Apotheosis","floor":0},{"not_picked":["OrrerysSun","StarlightTyphoon"],"picked":"ChargeUpSpray","floor":1},{"not_picked":["GravityBeat","MagicChant"],"picked":"GalacticHalo","floor":2},{"not_picked":["ChargeUpSpray","SporeBomb","DC"],"picked":"SKIP","floor":3},{"not_picked":["DC","DoubleSpark"],"picked":"ShootingEcho","floor":5},{"not_picked":["FairyDestructionRay","AsteroidBelt"],"picked":"OrrerysSun","floor":6},{"not_picked":["Acceleration","LuminesStrike"],"picked":"GalacticHalo","floor":8},{"not_picked":["BlazeAway","WitchOfGreed","GrandCross"],"picked":"SKIP","floor":10},{"not_picked":["GravityBeat","AsteroidBelt","Occultation"],"picked":"SKIP","floor":11},{"not_picked":["ChargeUpSpray","6A"],"picked":"StarBarrage","floor":13},{"not_picked":["6A","Acceleration","LuminesStrike"],"picked":"SKIP","floor":18},{"not_picked":["GravityBeat","SuperPerseids","DC"],"picked":"SKIP","floor":19},{"not_picked":["GalacticHalo","StarlightTyphoon","OrrerysSun"],"picked":"SKIP","floor":20},{"not_picked":["Robbery","AsteroidBelt","StarBarrage"],"picked":"SKIP","floor":21},{"not_picked":["Robbery","StarBarrage"],"picked":"AsteroidBelt","floor":21},{"not_picked":["MagicAbsorber","AsteroidBelt+1","GravityBeat"],"picked":"SKIP","floor":22},{"not_picked":["AsteroidBelt+1","GravityBeat"],"picked":"MagicAbsorber","floor":22},{"not_picked":["FairyDestructionRay","SporeBomb"],"picked":"EnergyFlow+1","floor":28},{"not_picked":["DarkSpark","MysteriousBeam"],"picked":"EnergyRecoil","floor":29},{"not_picked":["StarlightTyphoon+1","PropBag"],"picked":"MilkyWay+1","floor":31}],"player_experience":1502977,"relics_obtained":[{"floor":6,"key":"Toy Ornithopter"},{"floor":8,"key":"Letter Opener"},{"floor":9,"key":"Bag of Marbles"},{"floor":11,"key":"Orichalcum"}],"event_choices":[{"damage_healed":0,"gold_gain":0,"player_choice":"Ignored","damage_taken":0,"max_hp_gain":0,"max_hp_loss":0,"event_name":"Liars Game","floor":4,"gold_loss":0},{"damage_healed":0,"gold_gain":0,"cards_transformed":["Strike_MRS","Strike_MRS"],"player_choice":"Became Test Subject","damage_taken":0,"max_hp_gain":0,"max_hp_loss":0,"event_name":"Drug Dealer","floor":24,"gold_loss":0,"cards_obtained":["UnstableBomb","Orbital"]},{"damage_healed":0,"gold_gain":0,"player_choice":"Ignored","damage_taken":0,"max_hp_gain":0,"max_hp_loss":0,"event_name":"Vampires","floor":25,"gold_loss":0},{"damage_healed":0,"gold_gain":0,"player_choice":"Fight","damage_taken":0,"max_hp_gain":0,"max_hp_loss":0,"event_name":"Colosseum","floor":27,"gold_loss":0},{"damage_healed":0,"gold_gain":0,"player_choice":"Fled From Nobs","damage_taken":0,"max_hp_gain":0,"max_hp_loss":0,"event_name":"Colosseum","floor":27,"gold_loss":0}],"is_beta":false,"boss_relics":[{"not_picked":["SacredBark","Calling Bell"],"picked":"Coffee Dripper"}],"items_purged_floors":[14,30],"is_endless":false,"potions_floor_spawned":[2,3,10,11,13,21,28,29,31],"killed_by":"Collector","ascension_level":12}}