{"host":"dcluas0589pmvbjs","time":1611665805,"event":{"mods":["BaseMod","BetterRewards","Downfall","Infinite Spire","Marisa????????","Minty Spire (QoL Compilation)","StSLib","The Servant 0.9.4"],"gold_per_floor":[116,116,128,6,6,6,25,25,25,25,43,43,57,82,82,177,177,187,87,12,12],"floor_reached":20,"language":"ENG","playtime":779,"items_purged":["Strike_S","Defend_S"],"score":162,"play_id":"7c3f3c4a-83ef-4101-b4ea-e4dcff2bb18b","local_time":"20210126182645","daily_mods":["Heirloom","Time Dilation","Flight","downfall:ChampStances"],"is_ascension_mode":false,"campfire_choices":[{"data":"Rearm","floor":6,"key":"SMITH"},{"floor":8,"key":"REST"},{"data":"Alleviate","floor":10,"key":"SMITH"},{"floor":15,"key":"REST"}],"circlet_count":0,"master_deck":["Strike_S+1","Strike_S","Strike_S+1","Defend_S","Defend_S","Defend_S","KidneyShot","Exchange","ShiftingGears","SurpressingFire+1","Rearm+1","Alleviate+1","Rearm","Duplication","Duplication","CurseOfTheBell","Starlight+1"],"relics":["Uniform","champ:ChampStancesModRelic","Ice Cream","Pear","Dream Catcher","Calling Bell","MealTicket","infinitespire:EmpoweringShard","Bird Faced Urn"],"acts_visited":["Exordium","TheCity"],"potions_floor_usage":[16,16],"damage_taken":[{"damage":0,"enemies":"Jaw Worm","floor":1,"turns":3},{"damage":35,"enemies":"Cultist","floor":3,"turns":3},{"damage":20,"enemies":"Small Slimes","floor":7,"turns":2},{"damage":12,"enemies":"Exordium Wildlife","floor":11,"turns":6},{"damage":51,"enemies":"Gremlin Gang","floor":13,"turns":5},{"damage":82,"enemies":"Slime Boss","floor":16,"turns":14},{"damage":10,"enemies":"Chosen","floor":18,"turns":7},{"damage":46,"enemies":"2 Thieves","floor":20,"turns":4}],"seed_played":"-7639741083365241015","potions_obtained":[{"floor":12,"key":"Energy Potion"},{"floor":12,"key":"PowerPotion"},{"floor":12,"key":"Regen Potion"},{"floor":16,"key":"BlessingOfTheForge"},{"floor":18,"key":"sneckomod:MuddlingPotion"}],"is_trial":true,"path_per_floor":["M","?","M","$","?","R","M","R","T","R","M","?","M","T","R","B",null,"M","$","M"],"character_chosen":"THE_SERVANT","items_purchased":["Rearm"],"campfire_rested":2,"item_purchase_floors":[4],"current_hp_per_floor":[65,52,52,52,52,52,42,61,71,71,59,59,53,53,75,23,75,67,75,29,29],"gold":12,"neow_bonus":"","is_daily":false,"chose_seed":false,"campfire_upgraded":2,"win_rate":0.0,"timestamp":1611665805,"path_taken":["M","?","M","$","?","R","?","R","T","R","M","?","?","?","R","BOSS","M","$","?"],"items_purchased_type":["Card"],"build_version":"2020-12-22","purchased_purges":2,"victory":false,"max_hp_per_floor":[65,65,65,65,65,65,65,65,75,75,75,75,75,75,75,75,75,75,75,75,75],"card_choices":[{"not_picked":["Potential","Rewind"],"picked":"ShiftingGears","floor":1},{"not_picked":["Foresight","Contraction"],"picked":"SurpressingFire","floor":3},{"not_picked":["FastForward","Unruled"],"picked":"Alleviate","floor":7},{"not_picked":["Desolation","Spin","Shuttle"],"picked":"SKIP","floor":11},{"not_picked":["BottledTime","Unruled"],"picked":"Rearm","floor":13},{"not_picked":["FastForward","Starlight"],"picked":"Duplication","floor":15},{"not_picked":["Solidify","FloweringNight"],"picked":"Duplication","floor":16},{"not_picked":["Rewind+1","ShiftingGears+1"],"picked":"Starlight+1","floor":18}],"player_experience":91563,"relics_obtained":[{"floor":9,"key":"Pear"},{"floor":14,"key":"Dream Catcher"},{"floor":17,"key":"MealTicket"},{"floor":17,"key":"infinitespire:EmpoweringShard"},{"floor":17,"key":"Bird Faced Urn"}],"event_choices":[{"damage_healed":0,"gold_gain":0,"player_choice":"Entered Light","damage_taken":13,"max_hp_gain":0,"max_hp_loss":0,"event_name":"Shining Light","floor":2,"gold_loss":0,"cards_upgraded":["Strike_S","Strike_S"]},{"damage_healed":0,"gold_gain":0,"player_choice":"Forge","damage_taken":0,"max_hp_gain":0,"max_hp_loss":0,"event_name":"Accursed Blacksmith","floor":5,"gold_loss":0,"cards_upgraded":["SurpressingFire"]},{"damage_healed":0,"gold_gain":0,"player_choice":"Got Potions","damage_taken":0,"max_hp_gain":0,"max_hp_loss":0,"event_name":"Lab","floor":12,"gold_loss":0}],"is_beta":false,"boss_relics":[{"not_picked":["SacredBark","Runic Pyramid"],"picked":"Calling Bell"}],"items_purged_floors":[4,19],"is_endless":false,"potions_floor_spawned":[13,16,18],"killed_by":"2 Thieves","ascension_level":0}}