{"host":"wbdly04l9mkn9nrc","time":1611634445,"event":{"mods":["AchievementEnabler","BaseMod","BetterRewards","Minty Spire (QoL Compilation)","Replay The Spire","StSLib","[IsaacMod]ÒÔÈö¼âËþ"],"gold_per_floor":[119,269,281,38,54,54,88,88,88,388,408,437,455,469,469,546,546,560,580,594,120,170,170,202,202,202,122,157,168,168,43,43,159,159,173,193,274,315,333,333,173,202,283,333,373,444,456,468,480,514],"floor_reached":51,"language":"ZHS","playtime":2578,"items_purged":["Doubt","Defend_P","Defend_P"],"score":2796,"play_id":"bc171e4b-4b6f-470c-a757-3cdbf3c22416","local_time":"20210126121405","is_ascension_mode":true,"campfire_choices":[{"floor":6.0,"key":"REST"},{"floor":8.0,"key":"REST"},{"floor":15.0,"key":"REST"},{"floor":23.0,"key":"REST"},{"floor":25.0,"key":"REST"},{"floor":40,"key":"REST"},{"data":"Parasite","floor":47,"key":"PURGE"},{"floor":49,"key":"DIG"}],"circlet_count":0,"master_deck":["AscendersBane","Strike_P","Strike_P","Strike_P","Defend_P+1","Defend_P","Eruption+1","Vigilance+1","Tantrum+1","SpiritShield+1","FearNoEvil+1","ThirdEye","ReachHeaven","TalkToTheHand+1","Wallop","FlurryOfBlows","WreathOfFlame","EmptyBody","Crescendo+1","TalkToTheHand+1","ConjureBlade+1","FollowUp+1","InnerPeace","LessonLearned","ClearTheMind+1","FlurryOfBlows","ThirdEye","Collect","Scrawl+1","Vault+1","Wallop+1","ForeignInfluence+1","InnerPeace+1","Pot Of Greed+1","Pot Of Greed+1","Pot Of Greed+1"],"relics":["PureWater","HushsDoor","TheBean","Gremlin Food","AnarchistCookbook","Bag of Preparation","ReplayTheSpireMod:TigerMarble","Dream Catcher","HandDrill","Onion Ring","D6","TheBible","Chemical X","Pen Nib","Peace Pipe","GuppysTail","Old Coin","Pear","Black Star","War Paint","HowToJump","Ornamental Fan","Akabeko","Bird Faced Urn","Replay:WaspNest","Toxic Egg 2","BookofShadows","SalivaCoin","StrikeDummy","Oddly Smooth Stone","Replay:Bandana","MawBank","Kunai","Grinning Jar","Ancient Tea Set","Pet Ghost"],"acts_visited":["Exordium","TheCity","TheBeyond"],"potions_floor_usage":[50],"damage_taken":[{"damage":0.0,"enemies":"Jaw Worm","floor":1.0,"turns":2.0},{"damage":0.0,"enemies":"Cultist","floor":3.0,"turns":1.0},{"damage":0.0,"enemies":"2 Louse","floor":5.0,"turns":1.0},{"damage":11.0,"enemies":"Lagavulin","floor":7.0,"turns":4.0},{"damage":1.0,"enemies":"Lots of Slimes","floor":11.0,"turns":3.0},{"damage":0.0,"enemies":"Replay:BlueRogue","floor":12.0,"turns":1.0},{"damage":0.0,"enemies":"Exordium Thugs","floor":13.0,"turns":2.0},{"damage":0.0,"enemies":"Blue Slaver","floor":14.0,"turns":1.0},{"damage":4.0,"enemies":"Fading Forest","floor":16.0,"turns":13.0},{"damage":0.0,"enemies":"Spheric Guardian","floor":18.0,"turns":1.0},{"damage":0.0,"enemies":"3 Byrds","floor":19.0,"turns":1.0},{"damage":0.0,"enemies":"Centurion and Healer","floor":20.0,"turns":2.0},{"damage":33.0,"enemies":"Hiden Room Battle","floor":22.0,"turns":4.0},{"damage":0.0,"enemies":"Gremlin Leader","floor":24.0,"turns":3.0},{"damage":0.0,"enemies":"Book of Stabbing","floor":28.0,"turns":4.0},{"damage":0.0,"enemies":"Snecko","floor":29.0,"turns":2.0},{"damage":24.0,"enemies":"Pondfish","floor":33.0,"turns":5.0},{"damage":0.0,"enemies":"3 Darklings","floor":35.0,"turns":2.0},{"damage":0,"enemies":"Orb Walker","floor":36,"turns":1},{"damage":18,"enemies":"Jaw Worm Horde","floor":38,"turns":3},{"damage":0,"enemies":"3 Darklings","floor":39,"turns":1},{"damage":0,"enemies":"Nemesis","floor":42,"turns":1},{"damage":0,"enemies":"Transient","floor":44,"turns":6},{"damage":0,"enemies":"Writhing Mass","floor":45,"turns":3},{"damage":0,"enemies":"Reptomancer","floor":46,"turns":1},{"damage":0,"enemies":"Awakened One","floor":50,"turns":8}],"seed_played":"-8168478831798401768","potions_obtained":[{"floor":1.0,"key":"CultistPotion"},{"floor":3.0,"key":"Ancient Potion"},{"floor":11.0,"key":"Fruit Juice"},{"floor":13.0,"key":"Block Potion"},{"floor":20.0,"key":"Doom Potion"},{"floor":39,"key":"PowerPotion"}],"is_trial":false,"path_per_floor":["M","?","M","$","M","R","E","R","T","T","M","E","M","M","R","B",null,"M","M","M","$","?","R","E","R","T","$","E","M","?","$","R","B",null,"M","M","T","M","M","R","$","E","T","M","M","E","R","?","R","B",null],"character_chosen":"WATCHER","items_purchased":["Tantrum+1","Gremlin Food","AnarchistCookbook","SpiritShield","Bag of Preparation","ReplayTheSpireMod:TigerMarble","Dream Catcher","HandDrill","Onion Ring","FearNoEvil","Fruit Juice","D6","TheBible","ThirdEye","Chemical X","ReachHeaven","Pen Nib","LessonLearned","War Paint","ClearTheMind+1","Collect","Oddly Smooth Stone"],"campfire_rested":6,"item_purchase_floors":[0,0,0,0,0,0,0,0,0,0,0,0,0,0,0,0,4,21,21,21,27,41],"current_hp_per_floor":[24,24,24,24,24,45,34,55,55,55,59,69,69,69,88,84,87,87,87,87,87,39,65,65,88,88,88,88,88,88,88,73,49,78,78,78,78,60,60,86,86,86,86,86,86,86,85,85,85,85],"gold":526,"neow_bonus":"","is_daily":false,"chose_seed":false,"campfire_upgraded":0,"win_rate":0.0,"timestamp":1611634445,"path_taken":["M","?","M","$","?","R","E","R","T","?","M","E","M","?","R","BOSS","BOSS","M","M","M","$","?","R","E","R","T","?","E","M","?","$","R","BOSS","M","?","?","M","M","R","$","E","T","M","M","E","R","?","R","BOSS"],"items_purchased_type":["Card","Relic","Relic","Card","Relic","Relic","Relic","Relic","Relic","Card","Potion","Relic","Relic","Card","Relic","Card","Relic","Card","Relic","Card","Card","Relic"],"build_version":"2020-12-22","purchased_purges":3,"victory":true,"max_hp_per_floor":[73,73,73,73,73,73,73,73,73,73,78,88,88,88,88,88,88,88,88,88,88,88,88,88,88,88,88,88,88,88,88,88,88,88,88,88,88,88,88,88,88,88,88,88,88,88,85,85,85,85],"card_choices":[{"not_picked":["Prostrate","Pray","SandsOfTime"],"picked":"SKIP","floor":1.0},{"not_picked":["Sanctity","Replay:BluntJabs"],"picked":"TalkToTheHand","floor":3.0},{"not_picked":["Replay:BluntJabs","EmptyFist","FearNoEvil"],"picked":"SKIP","floor":5.0},{"not_picked":["PathToVictory","MentalFortress"],"picked":"Bomb","floor":6.0},{"not_picked":["Wish","ClearTheMind"],"picked":"Wallop","floor":7.0},{"not_picked":["MentalFortress","BowlingBash"],"picked":"FlurryOfBlows","floor":8.0},{"not_picked":["EmptyBody","FollowUp"],"picked":"WreathOfFlame","floor":11.0},{"not_picked":["Wireheading","FearNoEvil"],"picked":"EmptyBody","floor":12.0},{"not_picked":["FollowUp","Prostrate"],"picked":"Crescendo","floor":13.0},{"not_picked":["Worship","Replay:ManipulateFuture","PathToVictory"],"picked":"SKIP","floor":14.0},{"not_picked":["JustLucky","Replay:ManipulateFuture"],"picked":"TalkToTheHand","floor":15.0},{"not_picked":["Vault","Scrawl"],"picked":"ConjureBlade","floor":16.0},{"not_picked":["Replay:ManipulateFuture+1","PathToVictory"],"picked":"FollowUp+1","floor":18.0},{"not_picked":["FollowUp+1","Prostrate"],"picked":"InnerPeace","floor":19.0},{"not_picked":["JustLucky","Fasting2","Replay:AtTheReady"],"picked":"SKIP","floor":20.0},{"not_picked":["CutThroughFate","EmptyBody"],"picked":"FlurryOfBlows","floor":22.0},{"not_picked":["Halt","Sanctity"],"picked":"ThirdEye","floor":23.0},{"not_picked":["SpiritShield","Weave","Protect"],"picked":"SKIP","floor":24.0},{"not_picked":["JustLucky","MentalFortress","Replay:ManipulateFuture+1"],"picked":"SKIP","floor":28.0},{"not_picked":["Replay:Anticipation+1","Replay:Cycle+1"],"picked":"Scrawl+1","floor":29.0},{"not_picked":["SpiritShield+1","Replay:LoomingThreat"],"picked":"Vault+1","floor":33.0},{"not_picked":["Replay:ManipulateFuture+1","CrushJoints"],"picked":"Wallop+1","floor":35},{"not_picked":["Weave","Protect+1","Halt+1"],"picked":"SKIP","floor":36},{"not_picked":["Adaptation","Wallop"],"picked":"ForeignInfluence+1","floor":38},{"not_picked":["Prostrate+1","Replay:AtTheReady+1","PathToVictory+1"],"picked":"SKIP","floor":39},{"not_picked":["SandsOfTime","Replay:Anticipation+1"],"picked":"InnerPeace+1","floor":40},{"not_picked":["ClearTheMind+1","WaveOfTheHand+1","CutThroughFate"],"picked":"SKIP","floor":42},{"not_picked":["FlyingSleeves","ThirdEye+1","LessonLearned"],"picked":"SKIP","floor":44},{"not_picked":["SashWhip","Replay:Vibes+1","Replay:ManipulateFuture+1"],"picked":"SKIP","floor":45},{"not_picked":["Crescendo+1","CrushJoints","PathToVictory+1"],"picked":"SKIP","floor":46}],"player_experience":264397,"relics_obtained":[{"floor":7.0,"key":"Peace Pipe"},{"floor":9.0,"key":"GuppysTail"},{"floor":10.0,"key":"Old Coin"},{"floor":12.0,"key":"Pear"},{"floor":22.0,"key":"HowToJump"},{"floor":22.0,"key":"Ornamental Fan"},{"floor":24.0,"key":"Akabeko"},{"floor":24.0,"key":"Bird Faced Urn"},{"floor":26.0,"key":"Replay:WaspNest"},{"floor":28.0,"key":"Toxic Egg 2"},{"floor":28.0,"key":"BookofShadows"},{"floor":37,"key":"StrikeDummy"},{"floor":42,"key":"Replay:Bandana"},{"floor":42,"key":"MawBank"},{"floor":43,"key":"Kunai"},{"floor":46,"key":"Grinning Jar"},{"floor":46,"key":"Ancient Tea Set"},{"floor":49,"key":"Pet Ghost"}],"event_choices":[{"damage_healed":0.0,"max_hp_gain":0.0,"max_hp_loss":0.0,"gold_gain":150.0,"event_name":"Liars Game","player_choice":"AGREE","floor":2.0,"gold_loss":0.0,"damage_taken":0.0,"cards_obtained":["Doubt"]},{"damage_healed":0.0,"max_hp_gain":0.0,"max_hp_loss":0.0,"gold_gain":0.0,"event_name":"HidenRoomEvent","player_choice":"Fight","floor":22.0,"gold_loss":0.0,"damage_taken":0.0},{"cards_removed":["Strike_P"],"damage_healed":0.0,"max_hp_gain":0.0,"max_hp_loss":0.0,"gold_gain":0.0,"event_name":"Bonfire Elementals","player_choice":"Offered Basic","floor":30.0,"gold_loss":0.0,"damage_taken":0.0},{"damage_healed":0,"gold_gain":0,"player_choice":"Memory 1","damage_taken":0,"max_hp_gain":0,"max_hp_loss":0,"event_name":"SensoryStone","floor":48,"gold_loss":0}],"is_beta":false,"boss_relics":[{"not_picked":["Honey Jar","Tiny House"],"picked":"Black Star"},{"not_picked":[]},{"not_picked":["Abe\u0027s Treasure","ChampionBelt","Replay:Wanted Poster"]},{"not_picked":["Abe\u0027s Treasure","ChampionBelt","Replay:Wanted Poster"]}],"items_purged_floors":[4,21,31],"is_endless":false,"potions_floor_spawned":[1,3,11,13,14,20,22,29,33,39,44],"ascension_level":19}}