{"host":"3zb3nk4wvq0dtbuh","time":1611662150,"event":{"mods":["AchievementEnabler","BaseMod","Lobotomy","Minty Spire (QoL Compilation)","Quick Restart","Relic Filter Mod","StSLib","SuperFastMode","The Blackbeard"],"gold_per_floor":[116,45,57,57,57,57,68,68,68,88,88,88,105,81,81,184,184,202,202,202],"floor_reached":19,"language":"ZHS","playtime":365,"items_purged":[],"score":157,"play_id":"92fecf14-e5b2-4521-9db9-bfc450c03351","local_time":"20210126195550","is_ascension_mode":false,"campfire_choices":[{"data":"Armaments","floor":6.0,"key":"SMITH"},{"data":"Bash","floor":8.0,"key":"SMITH"},{"data":"Clothesline","floor":12.0,"key":"SMITH"},{"data":"Perfected Strike","floor":15.0,"key":"SMITH"}],"circlet_count":0,"master_deck":["Strike_R","Strike_R","Strike_R","Strike_R","Strike_R","Defend_R","Defend_R","Defend_R","Defend_R","Bash+1","Armaments+1","Dropkick","Thunderclap","Clothesline+1","Perfected Strike+1","True Grit","Demon Form"],"relics":["Runic Pyramid","MutagenicStrength"],"acts_visited":["Exordium","TheCity"],"potions_floor_usage":[],"damage_taken":[{"damage":1.0,"enemies":"Cultist","floor":1.0,"turns":3.0},{"damage":0.0,"enemies":"Small Slimes","floor":3.0,"turns":3.0},{"damage":3.0,"enemies":"2 Louse","floor":7.0,"turns":3.0},{"damage":2.0,"enemies":"Blue Slaver","floor":10.0,"turns":5.0},{"damage":12.0,"enemies":"Exordium Wildlife","floor":13.0,"turns":6.0},{"damage":47.0,"enemies":"The Guardian","floor":16.0,"turns":11.0},{"damage":44.0,"enemies":"2 Thieves","floor":18.0,"turns":4.0}],"seed_played":"-5966678708937803885","potions_obtained":[{"floor":3.0,"key":"SkillPotion"},{"floor":7.0,"key":"Regen Potion"}],"is_trial":false,"path_per_floor":["M","$","M","?","?","R","M","R","T","M","?","R","M","$","R","B",null,"M","?"],"character_chosen":"IRONCLAD","items_purchased":["Dropkick","True Grit"],"campfire_rested":0,"item_purchase_floors":[2,14],"current_hp_per_floor":[79,79,79,84,84,84,81,81,81,79,79,79,67,67,67,20,85,41,41,41],"gold":202,"neow_bonus":"BOSS_RELIC","is_daily":false,"chose_seed":false,"campfire_upgraded":4,"win_rate":0.0,"timestamp":1611662150,"path_taken":["M","$","M","?","?","R","M","R","T","M","?","R","M","?","R","BOSS","M","?"],"items_purchased_type":["Card","Card"],"build_version":"2020-12-22","purchased_purges":0,"victory":false,"max_hp_per_floor":[80,80,80,85,85,85,85,85,85,85,85,85,85,85,85,85,85,85,85,85],"card_choices":[{"not_picked":["Headbutt","Flex"],"picked":"Armaments","floor":1.0},{"not_picked":["Pommel Strike","Flex","Feel No Pain"],"picked":"SKIP","floor":3.0},{"not_picked":["Rage","Pommel Strike"],"picked":"Thunderclap","floor":7.0},{"not_picked":["Infernal Blade","Sentinel"],"picked":"Clothesline","floor":10.0},{"not_picked":["Anger","Headbutt"],"picked":"Perfected Strike","floor":13.0},{"not_picked":["Barricade","Impervious"],"picked":"Demon Form","floor":16.0},{"not_picked":["Twin Strike+1","Burning Pact+1","Wild Strike"],"picked":"SKIP","floor":18.0}],"player_experience":27993,"relics_obtained":[],"event_choices":[{"damage_healed":0.0,"max_hp_gain":5.0,"max_hp_loss":0.0,"gold_gain":0.0,"event_name":"Big Fish","player_choice":"Donut","floor":4.0,"gold_loss":0.0,"damage_taken":0.0},{"damage_healed":0.0,"max_hp_gain":0.0,"max_hp_loss":0.0,"gold_gain":0.0,"event_name":"Scrap Ooze","player_choice":"Fled","floor":5.0,"gold_loss":0.0,"damage_taken":0.0},{"damage_healed":0.0,"max_hp_gain":0.0,"max_hp_loss":0.0,"gold_gain":0.0,"event_name":"The Cleric","player_choice":"Leave","floor":11.0,"gold_loss":0.0,"damage_taken":0.0},{"damage_healed":0,"gold_gain":0,"player_choice":"Inject Mutagens","damage_taken":0,"relics_obtained":["MutagenicStrength"],"max_hp_gain":0,"max_hp_loss":0,"event_name":"Drug Dealer","floor":19,"gold_loss":0}],"is_beta":false,"boss_relics":[{"not_picked":["Circlet","Circlet","Circlet"]}],"items_purged_floors":[],"is_endless":false,"potions_floor_spawned":[3,7],"ascension_level":0}}