{"host":"qekv59dthhdg54sz","time":1611631941,"event":{"mods":["AchievementEnabler","BaseMod","Colored Map","DeckTracker","KOR Keyword Fix","Minty Spire (QoL Compilation)","Rare Cards Sparkle","StSLib","SuperFastMode"],"gold_per_floor":[116,129,149,169,57,57,71,71,71,71,98,23,57,67,67,167,167,178,93,75,120,131,131,31,40,40,40,53,69,69,69,69,69,69],"floor_reached":33,"language":"KOR","playtime":740,"items_purged":["Injury","Strike_R"],"score":395,"play_id":"ae6d1eb5-8690-4efe-8503-c42b2d18c109","local_time":"20210126123221","is_ascension_mode":true,"campfire_choices":[{"data":"Searing Blow","floor":6.0,"key":"SMITH"},{"data":"Searing Blow+1","floor":8.0,"key":"SMITH"},{"data":"Searing Blow+2","floor":15.0,"key":"SMITH"},{"data":"Ghostly","floor":23.0,"key":"SMITH"},{"data":"Ghostly","floor":27.0,"key":"SMITH"},{"data":"Ghostly","floor":30.0,"key":"SMITH"},{"data":"Ghostly","floor":32.0,"key":"SMITH"}],"circlet_count":0,"master_deck":["Strike_R","Strike_R","Strike_R","Defend_R","Defend_R","Defend_R","Defend_R","Bash","Searing Blow+3","Thunderclap","Rampage","Spot Weakness","Evolve","Reaper","Feed","Shrug It Off","Ghostly+1","Ghostly+1","Ghostly+1","Ghostly","Ghostly+1","Burning Pact"],"relics":["Burning Blood","White Beast Statue","Vajra","Thread and Needle","Black Star","CeramicFish","Happy Flower"],"acts_visited":["Exordium","TheCity"],"potions_floor_usage":[33,33],"damage_taken":[{"damage":4.0,"enemies":"Small Slimes","floor":1.0,"turns":4.0},{"damage":6.0,"enemies":"Cultist","floor":2.0,"turns":4.0},{"damage":19.0,"enemies":"Jaw Worm","floor":3.0,"turns":5.0},{"damage":21.0,"enemies":"Exordium Wildlife","floor":4.0,"turns":4.0},{"damage":16.0,"enemies":"2 Fungi Beasts","floor":7.0,"turns":5.0},{"damage":35.0,"enemies":"3 Sentries","floor":11.0,"turns":6.0},{"damage":25.0,"enemies":"Lagavulin","floor":13.0,"turns":6.0},{"damage":4.0,"enemies":"Blue Slaver","floor":14.0,"turns":5.0},{"damage":56.0,"enemies":"The Guardian","floor":16.0,"turns":13.0},{"damage":21.0,"enemies":"Spheric Guardian","floor":18.0,"turns":4.0},{"damage":0.0,"enemies":"Chosen","floor":22.0,"turns":7.0},{"damage":17.0,"enemies":"Snake Plant","floor":28.0,"turns":7.0},{"damage":13.0,"enemies":"3 Cultists","floor":29.0,"turns":8.0},{"damage":53,"enemies":"Collector","floor":33,"turns":10}],"seed_played":"-2804349959513697960","potions_obtained":[{"floor":1.0,"key":"ColorlessPotion"},{"floor":4.0,"key":"SneckoOil"},{"floor":11.0,"key":"DistilledChaos"},{"floor":13.0,"key":"Dexterity Potion"},{"floor":14.0,"key":"Strength Potion"},{"floor":16.0,"key":"BloodPotion"},{"floor":18.0,"key":"SteroidPotion"},{"floor":28.0,"key":"FairyPotion"},{"floor":29.0,"key":"Strength Potion"}],"is_trial":false,"path_per_floor":["M","M","M","M","$","R","M","R","T","?","E","$","E","M","R","B",null,"M","?","$","?","M","R","$","?","T","R","M","M","R","?","R","B"],"character_chosen":"IRONCLAD","items_purchased":["Spot Weakness","Evolve","Shrug It Off"],"campfire_rested":0,"item_purchase_floors":[5,5,20],"current_hp_per_floor":[90,90,77,62,62,62,52,52,52,96,67,67,55,63,63,18,77,65,65,65,49,52,52,52,52,52,52,41,48,48,48,48,16,16],"gold":69,"neow_bonus":"TWENTY_PERCENT_HP_BONUS","is_daily":false,"chose_seed":false,"campfire_upgraded":7,"win_rate":0.0,"timestamp":1611631941,"path_taken":["M","M","M","M","$","R","M","R","T","?","E","?","E","M","R","BOSS","M","?","$","?","M","R","$","?","T","R","?","M","R","?","R","BOSS"],"items_purchased_type":["Card","Card","Card"],"build_version":"2020-12-22","purchased_purges":2,"victory":false,"max_hp_per_floor":[96,96,96,96,96,96,96,96,96,96,96,96,96,96,96,96,96,99,99,99,49,52,52,52,52,52,52,52,55,55,55,55,55,55],"card_choices":[{"not_picked":["Anger","Body Slam"],"picked":"Searing Blow","floor":1.0},{"not_picked":["Uppercut","Body Slam","Twin Strike"],"picked":"SKIP","floor":2.0},{"not_picked":["Searing Blow","Perfected Strike"],"picked":"Thunderclap","floor":3.0},{"not_picked":["Heavy Blade","Armaments"],"picked":"Rampage","floor":4.0},{"not_picked":["Clash","Seeing Red"],"picked":"Reaper","floor":7.0},{"not_picked":["Perfected Strike","Inflame","Twin Strike"],"picked":"SKIP","floor":11.0},{"not_picked":["Clothesline","Warcry","Havoc"],"picked":"SKIP","floor":13.0},{"not_picked":["Combust","Flex","Heavy Blade"],"picked":"SKIP","floor":14.0},{"not_picked":["Juggernaut","Reaper"],"picked":"Feed","floor":16.0},{"not_picked":["Reckless Charge","Anger","Pommel Strike+1"],"picked":"SKIP","floor":18.0},{"not_picked":["Power Through","Headbutt","Flex"],"picked":"SKIP","floor":22.0},{"not_picked":["Iron Wave","Anger","Infernal Blade"],"picked":"SKIP","floor":28.0},{"not_picked":["Thunderclap+1","Clash","Blood for Blood"],"picked":"SKIP","floor":29.0}],"player_experience":837928,"relics_obtained":[{"floor":9.0,"key":"White Beast Statue"},{"floor":11.0,"key":"Vajra"},{"floor":13.0,"key":"Thread and Needle"},{"floor":26.0,"key":"Happy Flower"}],"event_choices":[{"damage_healed":44.0,"max_hp_gain":0.0,"max_hp_loss":0.0,"gold_gain":0.0,"event_name":"Wheel of Change","player_choice":"Full Heal","floor":10.0,"gold_loss":0.0,"damage_taken":0.0},{"damage_healed":0.0,"max_hp_gain":0.0,"max_hp_loss":0.0,"gold_gain":0.0,"event_name":"Addict","player_choice":"Obtained Relic","floor":19.0,"gold_loss":85.0,"damage_taken":0.0,"relics_obtained":["CeramicFish"]},{"damage_healed":0.0,"max_hp_gain":0.0,"max_hp_loss":50.0,"gold_gain":0.0,"event_name":"Ghosts","player_choice":"Became a Ghost","floor":21.0,"gold_loss":0.0,"damage_taken":0.0,"cards_obtained":["Ghostly","Ghostly","Ghostly","Ghostly","Ghostly"]},{"damage_healed":0.0,"max_hp_gain":0.0,"max_hp_loss":0.0,"gold_gain":0.0,"event_name":"The Library","player_choice":"Read","floor":25.0,"gold_loss":0.0,"damage_taken":0.0,"cards_obtained":["Burning Pact"]},{"cards_removed":["Strike_R"],"damage_healed":0.0,"max_hp_gain":0.0,"max_hp_loss":0.0,"gold_gain":0.0,"event_name":"Back to Basics","player_choice":"Elegance","floor":31.0,"gold_loss":0.0,"damage_taken":0.0}],"is_beta":false,"boss_relics":[{"not_picked":["Runic Pyramid","Mark of Pain"],"picked":"Black Star"}],"items_purged_floors":[12,24],"is_endless":false,"potions_floor_spawned":[1,4,11,13,14,16,18,22,28,29],"killed_by":"Collector","ascension_level":9}}