{"host":"vyjryxuuuxkt43k4","time":1611620685,"event":{"mods":["AchievementEnabler","BaseMod","Colored Map","DeckTracker","Keyboard Shortcuts","Minty Spire (QoL Compilation)","Permanent Neow","Quick Restart","Rare Cards Sparkle","StSLib","SuperFastMode","everything is the same but u backflip on backflip"],"gold_per_floor":[109,126,142,142,154,180,20,47,47,47,70,70,98,137,137,137,137],"floor_reached":16,"language":"KOR","playtime":527,"items_purged":[],"score":294,"play_id":"b1c0e4f9-c910-41f3-acf0-3ae94ce4f008","local_time":"20210126092445","is_ascension_mode":true,"campfire_choices":[{"floor":10,"key":"REST"},{"data":"Blood for Blood","floor":12,"key":"SMITH"},{"data":"Double Tap","floor":15,"key":"SMITH"}],"circlet_count":0,"master_deck":["AscendersBane","Strike_R","Strike_R","Strike_R","Defend_R","Defend_R","Defend_R","Defend_R","Bash","Cleave","Double Tap+1","Iron Wave","Sword Boomerang","Pommel Strike","Blood for Blood+1","Flame Barrier","Fiend Fire"],"relics":["Burning Blood","Red Skull","CeramicFish","OrangePellets","HornCleat","Boot","Unceasing Top"],"acts_visited":["Exordium"],"potions_floor_usage":[6,6,14,16],"damage_taken":[{"damage":7,"enemies":"Small Slimes","floor":1,"turns":3},{"damage":9,"enemies":"Jaw Worm","floor":2,"turns":5},{"damage":1,"enemies":"Cultist","floor":3,"turns":3},{"damage":16,"enemies":"Exordium Wildlife","floor":5,"turns":3},{"damage":11,"enemies":"3 Sentries","floor":6,"turns":3},{"damage":30,"enemies":"Lagavulin","floor":8,"turns":6},{"damage":9,"enemies":"Red Slaver","floor":11,"turns":2},{"damage":13,"enemies":"Gremlin Gang","floor":13,"turns":3},{"damage":0,"enemies":"Gremlin Nob","floor":14,"turns":3},{"damage":28,"enemies":"The Guardian","floor":16,"turns":5}],"seed_played":"6448981853641402631","potions_obtained":[{"floor":3,"key":"SkillPotion"},{"floor":5,"key":"DuplicationPotion"},{"floor":11,"key":"SteroidPotion"},{"floor":13,"key":"Explosive Potion"}],"is_trial":false,"path_per_floor":["M","M","M","?","M","E","$","E","T","R","M","R","M","E","R","B"],"character_chosen":"IRONCLAD","items_purchased":["OrangePellets"],"campfire_rested":1,"item_purchase_floors":[7],"current_hp_per_floor":[67,64,68,50,40,35,35,11,11,31,28,28,21,27,27,0,0],"gold":137,"neow_bonus":"TRANSFORM_TWO_CARDS","is_daily":false,"chose_seed":false,"campfire_upgraded":2,"win_rate":0.0,"timestamp":1611620685,"path_taken":["M","M","M","?","M","E","$","E","T","R","M","R","M","E","R","BOSS"],"items_purchased_type":["Relic"],"build_version":"2020-12-22","purchased_purges":0,"victory":false,"max_hp_per_floor":[68,68,68,68,68,68,68,68,68,68,68,68,68,68,68,68,68],"card_choices":[{"not_picked":["Cleave","Entrench"],"picked":"Iron Wave","floor":1},{"not_picked":["Warcry","Clothesline","Flex"],"picked":"SKIP","floor":2},{"not_picked":["Clothesline","Searing Blow"],"picked":"Sword Boomerang","floor":3},{"not_picked":["Sword Boomerang","Burning Pact"],"picked":"Pommel Strike","floor":5},{"not_picked":["Sword Boomerang","Limit Break","Wild Strike"],"picked":"SKIP","floor":6},{"not_picked":["Pommel Strike","Reckless Charge","Sever Soul"],"picked":"SKIP","floor":8},{"not_picked":["Iron Wave","Clothesline"],"picked":"Blood for Blood","floor":11},{"not_picked":["Dropkick","Entrench"],"picked":"Flame Barrier","floor":13},{"not_picked":["Sword Boomerang","Cleave"],"picked":"Fiend Fire","floor":14}],"player_experience":346180,"relics_obtained":[{"floor":6,"key":"CeramicFish"},{"floor":8,"key":"HornCleat"},{"floor":9,"key":"Boot"},{"floor":14,"key":"Unceasing Top"}],"event_choices":[{"damage_healed":0,"gold_gain":0,"player_choice":"Success","damage_taken":18,"relics_obtained":["Red Skull"],"max_hp_gain":0,"max_hp_loss":0,"event_name":"Scrap Ooze","floor":4,"gold_loss":0}],"is_beta":false,"boss_relics":[],"items_purged_floors":[],"is_endless":false,"potions_floor_spawned":[3,5,11,13],"killed_by":"The Guardian","ascension_level":20}}