{"host":"k7udt7atmcuzf6l0","time":1611632015,"event":{"mods":["AchievementEnabler","BaseMod","Colored Map","Colored Powertips","Highlight Path","Minty Spire (QoL Compilation)","Quick Restart","Rare Cards Sparkle","StSLib","UnlockEverythingMod"],"gold_per_floor":[119,119,134,144,91,106,106,127,127,127],"floor_reached":9,"language":"ZHS","playtime":157,"items_purged":[],"score":110,"play_id":"ce07d71d-fed1-42c2-9f0b-8e77cac8d17f","local_time":"20210126113335","is_ascension_mode":true,"campfire_choices":[],"circlet_count":0,"master_deck":["AscendersBane","Strike_R","Strike_R","Strike_R","Strike_R","Strike_R","Defend_R","Defend_R","Defend_R","Defend_R","Bash","Thunderclap","Cleave","Flex","Armaments","Pommel Strike","Headbutt"],"relics":["Burning Blood","NeowsBlessing","Golden Idol"],"acts_visited":["Exordium"],"potions_floor_usage":[9],"damage_taken":[{"damage":0,"enemies":"Cultist","floor":1,"turns":1},{"damage":0,"enemies":"Small Slimes","floor":3,"turns":1},{"damage":0,"enemies":"Jaw Worm","floor":4,"turns":1},{"damage":6,"enemies":"2 Fungi Beasts","floor":6,"turns":3},{"damage":16,"enemies":"Blue Slaver","floor":8,"turns":3},{"damage":83,"enemies":"Gremlin Nob","floor":9,"turns":4}],"seed_played":"5241492640293573514","potions_obtained":[{"floor":3,"key":"Energy Potion"},{"floor":4,"key":"BloodPotion"}],"is_trial":false,"path_per_floor":["M","?","M","M","$","M","?","M","E"],"character_chosen":"IRONCLAD","items_purchased":["Armaments"],"campfire_rested":0,"item_purchase_floors":[5],"current_hp_per_floor":[74,79,80,80,80,80,52,42,0,0],"gold":127,"neow_bonus":"THREE_ENEMY_KILL","is_daily":false,"chose_seed":false,"campfire_upgraded":0,"win_rate":0.0,"timestamp":1611632015,"path_taken":["M","?","M","M","$","M","?","M","E"],"items_purchased_type":["Card"],"build_version":"2020-12-22","purchased_purges":0,"victory":false,"max_hp_per_floor":[75,80,80,80,80,80,80,80,80,80],"card_choices":[{"not_picked":["Fire Breathing","Ghostly Armor"],"picked":"Thunderclap","floor":1},{"not_picked":["True Grit","Clothesline"],"picked":"Cleave","floor":3},{"not_picked":["Twin Strike","Armaments"],"picked":"Flex","floor":4},{"not_picked":["Ghostly Armor","Warcry"],"picked":"Pommel Strike","floor":6},{"not_picked":["Flame Barrier","Sword Boomerang"],"picked":"Headbutt","floor":8}],"player_experience":5048,"relics_obtained":[],"event_choices":[{"damage_healed":0,"gold_gain":0,"player_choice":"Donut","damage_taken":0,"max_hp_gain":5,"max_hp_loss":0,"event_name":"Big Fish","floor":2,"gold_loss":0},{"damage_healed":0,"gold_gain":0,"player_choice":"Take Damage","damage_taken":28,"relics_obtained":["Golden Idol"],"max_hp_gain":0,"max_hp_loss":0,"event_name":"Golden Idol","floor":7,"gold_loss":0}],"is_beta":false,"boss_relics":[],"items_purged_floors":[],"is_endless":false,"potions_floor_spawned":[3,4],"killed_by":"Gremlin Nob","ascension_level":20}}