{"host":"ndqo0ze3xqwwg5zo","time":1611644634,"event":{"mods":["BaseMod","Colored Powertips","Downfall","Hermit","Koishi","Marisa????????","Minty Spire (QoL Compilation)","Permanent Neow","Replay The Spire","Shop Mod","StSLib","Td1madao Mod","The Cursed","The Disciple","The Hierophant","The Necromancer","The Runesmith","The Servant 0.9.4","The Wild Card"],"gold_per_floor":[109,121,141,152,152,152,152,152,152,169,169,188,208,92,92,191,191,210,228,247,258,95,95,126,142,165,165,185,185,185,202,202,301,301,313,313,236,248,259,259,290,290,290,290,310,321,671,702,702,702],"floor_reached":51,"language":"ENG","playtime":5854,"items_purged":["Strike_G"],"score":848,"play_id":"8722fe03-1bb6-40bd-b157-1fad4b5d926c","local_time":"20210126010354","is_ascension_mode":false,"campfire_choices":[{"data":"theWildCard:Loki","floor":6,"key":"SMITH"},{"data":"Blade Dance","floor":11,"key":"SMITH"},{"floor":15,"key":"DIG"},{"floor":23,"key":"REST"},{"floor":29,"key":"REST"},{"data":"Calculated Gamble","floor":32,"key":"SMITH"},{"data":"Finisher","floor":40,"key":"SMITH"},{"data":"Bullet Time","floor":42,"key":"SMITH"},{"data":"Hidden Blade","floor":44,"key":"SMITH"},{"data":"Finisher","floor":49,"key":"SMITH"}],"circlet_count":0,"master_deck":["Defend_G","Defend_G","Defend_G","Defend_G","Defend_G","Survivor","Neutralize","Outmaneuver","Blade Dance+1","Hidden Blade+1","Blade Dance","theWildCard:Loki+1","Slice","Finisher+1","Well Laid Plans","Bullet Time+1","Blade Dance","Deflect+1","Slice","Good Instincts","Bite","Bite","Bite","Bite","Bite","Calculated Gamble+1","Escape Plan","Finisher+1"],"relics":["Ring of the Serpent","Bag of Preparation","Iron Hammer","Replay:Accelerometer","Frozen Egg 2","Bronze Scales","Busted Crown","Boot","Runesmith:Nanobots","Old Coin","Happy Flower"],"acts_visited":["Exordium","TheCity","TheBeyond"],"potions_floor_usage":[24,24,25,33,50,50],"damage_taken":[{"damage":0,"enemies":"Jaw Worm","floor":1,"turns":7},{"damage":0,"enemies":"Small Slimes","floor":2,"turns":4},{"damage":0,"enemies":"Cultist","floor":3,"turns":4},{"damage":0,"enemies":"Exordium Wildlife","floor":4,"turns":3},{"damage":0,"enemies":"Large Slime","floor":10,"turns":4},{"damage":8,"enemies":"Lots of Slimes","floor":12,"turns":2},{"damage":18,"enemies":"Gremlin Gang","floor":13,"turns":4},{"damage":0,"enemies":"Slime Boss","floor":16,"turns":5},{"damage":16,"enemies":"2 Thieves","floor":18,"turns":4},{"damage":0,"enemies":"Spheric Guardian","floor":19,"turns":2},{"damage":23,"enemies":"Centurion and Healer","floor":20,"turns":4},{"damage":15,"enemies":"Shelled Parasite and Fungi","floor":21,"turns":3},{"damage":7,"enemies":"Slavers","floor":24,"turns":6},{"damage":13,"enemies":"Snecko","floor":25,"turns":6},{"damage":0,"enemies":"3 Cultists","floor":28,"turns":4},{"damage":0,"enemies":"Shelled Parasite and Fungi","floor":31,"turns":3},{"damage":21,"enemies":"Automaton","floor":33,"turns":4},{"damage":0,"enemies":"3 Darklings","floor":35,"turns":3},{"damage":0,"enemies":"Orb Walker","floor":38,"turns":2},{"damage":0,"enemies":"Writhing Mass","floor":39,"turns":3},{"damage":0,"enemies":"Reptomancer","floor":41,"turns":2},{"damage":0,"enemies":"3 Darklings","floor":45,"turns":2},{"damage":0,"enemies":"Jaw Worm Horde","floor":46,"turns":2},{"damage":0,"enemies":"Mind Bloom Boss Battle","floor":47,"turns":3},{"damage":0,"enemies":"Nemesis","floor":48,"turns":1},{"damage":50,"enemies":"Time Eater","floor":50,"turns":8}],"seed_played":"-3617788643852579715","potions_obtained":[{"floor":1,"key":"AttackPotion"},{"floor":2,"key":"Guardian:BlockOnCardUsePotion"},{"floor":3,"key":"Dexterity Potion"},{"floor":13,"key":"Slimebound:ThreeZeroPotion"},{"floor":16,"key":"Adrenaline Potion"},{"floor":21,"key":"Block Potion"},{"floor":24,"key":"Ancient Potion"},{"floor":38,"key":"Elixir"},{"floor":41,"key":"Flashbang"},{"floor":47,"key":"Fire Potion"}],"is_trial":false,"path_per_floor":["M","M","M","M","?","R","?","?","T","M","R","M","M","$","R","B",null,"M","M","M","M","$","R","E","M","T","?","M","R","?","M","R","B",null,"M","?","$","M","M","R","E","R","T","R","M","M","?","E","R","B",null],"character_chosen":"THE_SILENT","items_purchased":["Finisher","Well Laid Plans","Good Instincts","Escape Plan"],"campfire_rested":2,"item_purchase_floors":[14,14,22,37],"current_hp_per_floor":[70,70,70,70,70,70,70,70,70,70,70,62,44,44,44,44,70,54,54,31,16,16,37,30,17,17,17,36,49,49,49,49,36,49,49,47,47,47,47,47,47,47,47,47,47,47,47,47,47,2],"gold":702,"neow_bonus":"RANDOM_COMMON_RELIC","is_daily":false,"chose_seed":false,"campfire_upgraded":7,"win_rate":0.0,"timestamp":1611644634,"path_taken":["M","M","M","M","?","R","?","?","T","M","R","M","M","$","R","BOSS","M","M","M","M","$","R","E","M","T","?","M","R","?","M","R","BOSS","M","?","$","M","M","R","E","R","T","R","M","M","?","E","R","BOSS"],"items_purchased_type":["Card","Card","Card","Card"],"build_version":"2020-12-22","purchased_purges":1,"victory":true,"max_hp_per_floor":[70,70,70,70,70,70,70,70,70,70,70,70,70,70,70,70,70,70,70,70,70,70,70,70,70,70,49,49,49,49,49,49,49,49,49,47,47,47,47,47,47,47,47,47,47,47,47,47,47,47],"card_choices":[{"not_picked":["ReplayTheSpireMod:Tripwire","ReplayTheSpireMod:Scrap Shanks"],"picked":"Outmaneuver","floor":1},{"not_picked":["Dodge and Roll","Toxin Wave"],"picked":"Blade Dance","floor":2},{"not_picked":["Dash","Deadly Poison"],"picked":"Hidden Blade","floor":3},{"not_picked":["Sucker Punch","Choke"],"picked":"Blade Dance","floor":4},{"not_picked":["After Image","Calculated Gamble"],"picked":"Slice","floor":10},{"not_picked":["ReplayTheSpireMod:Exploit Weakness","Leg Sweep","ReplayTheSpireMod:Tripwire"],"picked":"SKIP","floor":12},{"not_picked":["Poisoned Stab","Riddle With Holes","Dagger Spray"],"picked":"SKIP","floor":13},{"not_picked":["Wraith Form v2","Unload"],"picked":"Bullet Time","floor":16},{"not_picked":["Hidden Blade+1","Caltrops"],"picked":"Blade Dance","floor":18},{"not_picked":["ReplayTheSpireMod:Exploit Weakness","Toxin Wave+1","Masterful Stab"],"picked":"SKIP","floor":19},{"not_picked":["Predator+1","PiercingWail"],"picked":"Deflect+1","floor":20},{"not_picked":["Acrobatics","Dagger Throw"],"picked":"Slice","floor":21},{"not_picked":["Blade Dance+1","Predator","Poisoned Stab"],"picked":"SKIP","floor":24},{"not_picked":["Die Die Die","Dash","Outmaneuver+1"],"picked":"SKIP","floor":25},{"not_picked":["Acrobatics","PiercingWail"],"picked":"Calculated Gamble","floor":28},{"not_picked":["Dodge and Roll","Deadly Poison","Terror"],"picked":"SKIP","floor":31},{"not_picked":["Outmaneuver+1"],"picked":"SKIP","floor":35},{"not_picked":["Backflip"],"picked":"SKIP","floor":38},{"not_picked":["ReplayTheSpireMod:Exploit Weakness+1"],"picked":"SKIP","floor":39},{"not_picked":["Footwork+1"],"picked":"SKIP","floor":41},{"not_picked":["All Out Attack"],"picked":"SKIP","floor":45},{"not_picked":["Dodge and Roll"],"picked":"SKIP","floor":46},{"not_picked":[],"picked":"Finisher","floor":48}],"player_experience":49331,"relics_obtained":[{"floor":9,"key":"Iron Hammer"},{"floor":15,"key":"Replay:Accelerometer"},{"floor":24,"key":"Frozen Egg 2"},{"floor":26,"key":"Bronze Scales"},{"floor":41,"key":"Boot"},{"floor":43,"key":"Runesmith:Nanobots"},{"floor":47,"key":"Old Coin"},{"floor":48,"key":"Happy Flower"}],"event_choices":[{"damage_healed":0,"gold_gain":0,"player_choice":"Ignored","damage_taken":0,"max_hp_gain":0,"max_hp_loss":0,"event_name":"Liars Game","floor":8,"gold_loss":0},{"damage_healed":0,"gold_gain":0,"player_choice":"Became a vampire","damage_taken":0,"max_hp_gain":0,"max_hp_loss":21,"event_name":"Vampires","floor":27,"gold_loss":0,"cards_obtained":["Bite","Bite","Bite","Bite","Bite"]},{"damage_healed":0,"gold_gain":0,"player_choice":"Max HP","damage_taken":0,"max_hp_gain":0,"max_hp_loss":2,"event_name":"Winding Halls","floor":36,"gold_loss":0},{"damage_healed":0,"gold_gain":0,"player_choice":"Fight","damage_taken":0,"max_hp_gain":0,"max_hp_loss":0,"event_name":"MindBloom","floor":47,"gold_loss":0}],"is_beta":false,"boss_relics":[{"not_picked":["Runic Dome","ChewingGum"],"picked":"Ring of the Serpent"},{"not_picked":["Ring of Chaos","SlaversCollar"],"picked":"Busted Crown"}],"items_purged_floors":[22],"is_endless":false,"potions_floor_spawned":[1,2,3,13,16,19,21,24,38,41,47,48],"ascension_level":0}}