{"host":"7qoz5gmva6til3yp","time":1611674438,"event":{"mods":["AchievementEnabler","BaseMod","Minty Spire (QoL Compilation)","StSLib","SuperFastMode"],"gold_per_floor":[113,132,132,152,152,196,211,250,250,329,106,126,146,146,146,275,275,296,317,72,72,97,97,121,139,139,139,164,200,200,200,200,326,326,351,369,702,702,721,746,761,761,761,761,282,310,310,48,48,48,48,48,73,103,103],"floor_reached":56,"language":"KOR","playtime":2732,"items_purged":["Strike_B","Biased Cognition","Fusion+1","Defragment+1"],"score":1512,"play_id":"7ba245ad-df18-4014-830d-ac897eb725a0","local_time":"20210127002038","is_ascension_mode":false,"campfire_choices":[{"floor":15,"key":"REST"},{"floor":23,"key":"REST"},{"floor":27,"key":"RECALL"}],"circlet_count":0,"master_deck":["Meteor Strike+1","Echo Form+1","Darkness+1","Dualcast+1","Compile Driver+1"],"relics":["Cracked Core","Bag of Preparation","Regal Pillow","Pear","Symbiotic Virus","Orrery","Juzu Bracelet","Nuclear Battery","Sundial","WarpedTongs","Bag of Preparation","Lantern","Bottled Tornado","Bottled Flame","Bottled Flame","Bottled Flame","Cables","Gambling Chip","Ice Cream","Emotion Chip","Runic Capacitor","Runic Capacitor","Fusion Hammer","Coffee Dripper","Inserter","Enchiridion","Eternal Feather","Runic Pyramid","Toxic Egg 2","Fusion Hammer","DataDisk","DataDisk","DataDisk","DataDisk","DataDisk","DataDisk","DataDisk","DataDisk","DataDisk","DataDisk","DataDisk","DataDisk","DataDisk","DataDisk","DataDisk","DataDisk","DataDisk","DataDisk","DataDisk","DataDisk","DataDisk","DataDisk","DataDisk","DataDisk","DataDisk","DataDisk","DataDisk","DataDisk","DataDisk","DataDisk","DataDisk","DataDisk","DataDisk","DataDisk","DataDisk","DataDisk","DataDisk","DataDisk","DataDisk","DataDisk","Potion Belt","CaptainsWheel","WingedGreaves","Membership Card","Shuriken","Thread and Needle","WingedGreaves","WingedGreaves","WingedGreaves","WingedGreaves","HornCleat","Sling","Darkstone Periapt","Blue Candle","Medical Kit"],"acts_visited":["Exordium","TheCity","TheBeyond","TheEnding"],"potions_floor_usage":[10,55,55,55,55,55,55,55],"damage_taken":[{"damage":10,"enemies":"Small Slimes","floor":1,"turns":3},{"damage":3,"enemies":"Jaw Worm","floor":2,"turns":4},{"damage":0,"enemies":"Cultist","floor":4,"turns":4},{"damage":19,"enemies":"Lagavulin","floor":6,"turns":6},{"damage":5,"enemies":"Blue Slaver","floor":7,"turns":4},{"damage":26,"enemies":"Gremlin Nob","floor":8,"turns":4},{"damage":18,"enemies":"3 Sentries","floor":10,"turns":5},{"damage":18,"enemies":"2 Fungi Beasts","floor":12,"turns":3},{"damage":6,"enemies":"Red Slaver","floor":13,"turns":3},{"damage":41,"enemies":"The Guardian","floor":16,"turns":7},{"damage":3,"enemies":"Chosen","floor":18,"turns":4},{"damage":35,"enemies":"2 Thieves","floor":19,"turns":4},{"damage":0,"enemies":"Centurion and Healer","floor":22,"turns":1},{"damage":0,"enemies":"Cultist and Chosen","floor":24,"turns":1},{"damage":0,"enemies":"Snake Plant","floor":25,"turns":1},{"damage":5,"enemies":"Centurion and Healer","floor":28,"turns":3},{"damage":12,"enemies":"Book of Stabbing","floor":29,"turns":2},{"damage":16,"enemies":"Champ","floor":33,"turns":2},{"damage":0,"enemies":"3 Shapes","floor":35,"turns":2},{"damage":0,"enemies":"3 Darklings","floor":36,"turns":2},{"damage":0,"enemies":"4 Shapes","floor":39,"turns":2},{"damage":8,"enemies":"Nemesis","floor":40,"turns":3},{"damage":0,"enemies":"Transient","floor":41,"turns":3},{"damage":0,"enemies":"Giant Head","floor":46,"turns":2},{"damage":0,"enemies":"Time Eater","floor":50,"turns":3},{"damage":0,"enemies":"Shield and Spear","floor":54,"turns":1},{"damage":26,"enemies":"The Heart","floor":55,"turns":3}],"seed_played":"-7035440254765862831","potions_obtained":[{"floor":1,"key":"Regen Potion"},{"floor":4,"key":"BlessingOfTheForge"},{"floor":8,"key":"Dexterity Potion"},{"floor":12,"key":"Strength Potion"},{"floor":39,"key":"EntropicBrew"},{"floor":40,"key":"SteroidPotion"},{"floor":41,"key":"LiquidBronze"}],"is_trial":false,"path_per_floor":["M","M","?","M","?","E","M","E","T","?","$","M","M","?","R","B",null,"M","M","$","?","M","R","M","M","T","R","M","E","R","?","R","B",null,"M","M","?","?","M","E","M","R","T","?","$","E","R","$","R","B",null,"R","$","E","B",null],"character_chosen":"DEFECT","items_purchased":["Orrery","Sundial","Membership Card","Shuriken","Thread and Needle","Sling","Darkstone Periapt"],"campfire_rested":2,"item_purchase_floors":[11,20,45,45,45,48,48],"current_hp_per_floor":[65,62,44,44,44,25,27,8,18,19,19,8,9,6,46,12,85,85,57,57,57,57,85,85,85,85,85,80,68,77,77,83,67,85,85,85,85,85,85,77,77,85,85,85,85,85,85,85,85,85,85,85,85,85,59],"gold":103,"neow_bonus":"THREE_CARDS","is_daily":false,"chose_seed":false,"campfire_upgraded":0,"win_rate":0.0,"timestamp":1611674438,"path_taken":["M","M","?","M","?","E","?","E","T","?","$","M","M","?","R","BOSS","M","M","$","?","M","R","M","M","T","R","M","E","R","?","R","BOSS","M","M","?","?","M","E","M","R","T","?","$","E","R","$","R","BOSS","R","$","E","BOSS"],"items_purchased_type":["Relic","Relic","Relic","Relic","Relic","Relic","Relic"],"build_version":"2020-12-22","purchased_purges":4,"victory":true,"max_hp_per_floor":[75,75,75,75,75,75,75,75,85,85,85,85,85,85,85,85,85,85,85,85,85,85,85,85,85,85,85,85,85,85,85,85,85,85,85,85,85,85,85,85,85,85,85,85,85,85,85,85,85,85,85,85,85,85,85],"card_choices":[{"not_picked":["Rebound","Hologram"],"picked":"Coolheaded","floor":0},{"not_picked":["Darkness","Force Field"],"picked":"Static Discharge","floor":1},{"not_picked":["Coolheaded","Rip and Tear"],"picked":"Sweeping Beam","floor":2},{"not_picked":["Leap","Stack"],"picked":"Redo","floor":4},{"not_picked":["Sweeping Beam","Steam"],"picked":"Self Repair","floor":6},{"not_picked":["Lockon","Go for the Eyes"],"picked":"Turbo","floor":7},{"not_picked":["Scrape","Recycle"],"picked":"Core Surge","floor":8},{"not_picked":["Chill","Leap"],"picked":"Ball Lightning","floor":11},{"not_picked":["Steam","Conserve Battery"],"picked":"Aggregate","floor":11},{"not_picked":["Buffer","Rebound"],"picked":"Compile Driver","floor":11},{"not_picked":["Auto Shields","Sunder","Turbo"],"picked":"SKIP","floor":12},{"not_picked":["Streamline","Leap","Sweeping Beam"],"picked":"SKIP","floor":13},{"not_picked":["Buffer","Echo Form"],"picked":"Creative AI","floor":16},{"not_picked":["Hologram","Skim","Genetic Algorithm"],"picked":"SKIP","floor":18},{"not_picked":["Go for the Eyes+1","Stack","Turbo"],"picked":"SKIP","floor":19},{"not_picked":["Hologram+1","Cold Snap","Go for the Eyes"],"picked":"SKIP","floor":22},{"not_picked":["Hologram+1","Cold Snap","Go for the Eyes"],"picked":"SKIP","floor":22},{"not_picked":["Hologram+1","Cold Snap","Go for the Eyes"],"picked":"SKIP","floor":22},{"not_picked":["Streamline","Leap","Gash"],"picked":"SKIP","floor":24},{"not_picked":["Streamline","Leap","Gash"],"picked":"SKIP","floor":24},{"not_picked":["Consume","Storm+1","Reboot"],"picked":"SKIP","floor":25},{"not_picked":["Consume","Storm+1","Reboot"],"picked":"SKIP","floor":25},{"not_picked":["Rip and Tear","Beam Cell","Undo+1"],"picked":"SKIP","floor":28},{"not_picked":["Steam Power+1","Consume+1","Reinforced Body+1"],"picked":"SKIP","floor":29},{"not_picked":["Core Surge","Creative AI"],"picked":"Biased Cognition","floor":33},{"not_picked":["Coolheaded+1","Lockon+1","Stack+1"],"picked":"SKIP","floor":35},{"not_picked":["Cold Snap","Steam+1"],"picked":"Redo+1","floor":36},{"not_picked":["Steam Power+1","Glacier+1"],"picked":"Double Energy+1","floor":39},{"not_picked":["Fusion+1","Sweeping Beam+1","Go for the Eyes+1"],"picked":"SKIP","floor":40},{"not_picked":["Melter","Beam Cell"],"picked":"Ball Lightning","floor":41},{"not_picked":["Go for the Eyes","Blizzard","Machine Learning"],"picked":"SKIP","floor":46},{"not_picked":["Double Energy+1","Chaos+1","Sweeping Beam+1"],"picked":"SKIP","floor":54},{"not_picked":["Double Energy+1","Chaos+1","Sweeping Beam+1"],"picked":"SKIP","floor":54},{"not_picked":["Double Energy+1","Chaos+1","Sweeping Beam+1"],"picked":"SKIP","floor":54},{"not_picked":["Double Energy+1","Chaos+1","Sweeping Beam+1"],"picked":"SKIP","floor":54}],"player_experience":448807,"relics_obtained":[{"floor":6,"key":"Bag of Preparation"},{"floor":8,"key":"Regal Pillow"},{"floor":9,"key":"Pear"},{"floor":26,"key":"Eternal Feather"},{"floor":29,"key":"Toxic Egg 2"},{"floor":40,"key":"Potion Belt"},{"floor":43,"key":"CaptainsWheel"},{"floor":46,"key":"HornCleat"},{"floor":54,"key":"Blue Candle"}],"event_choices":[{"damage_healed":0,"gold_gain":0,"player_choice":"Take Damage","damage_taken":18,"relics_obtained":["Golden Idol"],"max_hp_gain":0,"max_hp_loss":0,"event_name":"Golden Idol","floor":3,"gold_loss":0},{"damage_healed":0,"gold_gain":0,"cards_transformed":["Strike_B"],"player_choice":"Transformed","damage_taken":0,"max_hp_gain":0,"max_hp_loss":0,"event_name":"Transmorgrifier","floor":5,"gold_loss":0,"cards_obtained":["Amplify"]},{"damage_healed":0,"gold_gain":0,"player_choice":"Searched \u00272\u0027 times","damage_taken":0,"relics_obtained":["Symbiotic Virus"],"max_hp_gain":0,"max_hp_loss":0,"event_name":"Dead Adventurer","floor":10,"gold_loss":0},{"damage_healed":0,"gold_gain":0,"player_choice":"Success","damage_taken":3,"relics_obtained":["Juzu Bracelet"],"max_hp_gain":0,"max_hp_loss":0,"event_name":"Scrap Ooze","floor":14,"gold_loss":0},{"damage_healed":0,"gold_gain":0,"player_choice":"Rummage","damage_taken":0,"relics_obtained":["WarpedTongs"],"max_hp_gain":0,"max_hp_loss":0,"event_name":"Accursed Blacksmith","floor":21,"gold_loss":0,"cards_obtained":["Pain"]},{"cards_removed":["Compile Driver"],"damage_healed":0,"gold_gain":0,"player_choice":"Elegance","damage_taken":0,"max_hp_gain":0,"max_hp_loss":0,"event_name":"Back to Basics","floor":31,"gold_loss":0},{"damage_healed":0,"gold_gain":333,"player_choice":"Gave Idol","damage_taken":0,"max_hp_gain":0,"max_hp_loss":0,"event_name":"The Moai Head","floor":37,"relics_lost":["Golden Idol"],"gold_loss":0},{"damage_healed":0,"gold_gain":0,"player_choice":"Memory 1","damage_taken":0,"max_hp_gain":0,"max_hp_loss":0,"event_name":"SensoryStone","floor":38,"gold_loss":0},{"damage_healed":0,"gold_gain":0,"player_choice":"Ignored","damage_taken":0,"max_hp_gain":0,"max_hp_loss":0,"event_name":"Tomb of Lord Red Mask","floor":44,"gold_loss":0}],"is_beta":false,"boss_relics":[{"not_picked":["Snecko Eye","Coffee Dripper"],"picked":"Nuclear Battery"},{"not_picked":["Calling Bell","Sozu"],"picked":"Fusion Hammer"}],"items_purged_floors":[11,45,48,53],"is_endless":false,"potions_floor_spawned":[1,4,8,12,18,24,29,39,40,41,54],"ascension_level":0}}