{"host":"ifd7sfhtlbe34qll","time":1611624505,"event":{"mods":["2.2 Compatiblity","Act Like it!","BaseMod","Block Reminder","Colored Map","Curses Come First","Highlight Path","Minty Spire (QoL Compilation)","Potion Indicator Mod","Quick Restart","Random Character Button","Relic Stats","StSLib"],"gold_per_floor":[119,136,96,114,124,124,151,151,151,169,169,187,204,536,536,609,609,629,629,629,388,399,399,433,433,458,469,469,500,500,104,104,179,179,194,23,50,66,119,119,119,132,132,22,42,56,81,109,109,109,109],"floor_reached":50,"language":"ENG","playtime":2150,"items_purged":["Quick Slash"],"score":1090,"play_id":"a25b77df-30ea-4dab-a92e-f61c17f2909c","local_time":"20210125192825","is_ascension_mode":true,"campfire_choices":[{"data":"Poisoned Stab","floor":6,"key":"SMITH"},{"floor":8,"key":"REST"},{"data":"Quick Slash","floor":11,"key":"SMITH"},{"floor":15,"key":"REST"},{"data":"Phantasmal Killer","floor":23,"key":"SMITH"},{"data":"Neutralize","floor":25,"key":"SMITH"},{"data":"Footwork","floor":30,"key":"SMITH"},{"floor":32,"key":"REST"},{"floor":40,"key":"REST"},{"floor":49,"key":"RECALL"}],"circlet_count":0,"master_deck":["AscendersBane","Survivor","Neutralize+1","Poisoned Stab+1","Footwork+1","Quick Slash+1","Phantasmal Killer+1","Cloak And Dagger+1","Blade Dance+1","Dash","PiercingWail+1","Malaise+1","A Thousand Cuts","Burst+1","Predator","Caltrops","Envenom","Deflect+1","After Image","Masterful Stab","Phantasmal Killer+1","Backflip+1","J.A.X.+1","Leg Sweep+1","Corpse Explosion+1","Deadly Poison+1","Dodge and Roll+1","PiercingWail+1","Venomology+1","Night Terror+1","Storm of Steel+1","Leg Sweep+1","Accuracy+1","Calculated Gamble+1","Acrobatics+1","Terror+1","Well Laid Plans","Burst+1"],"relics":["Ring of the Snake","Toxic Egg 2","Dead Branch","Old Coin","Pandora\u0027s Box","Orrery","White Beast Statue","Snake Skull","Meat on the Bone","Shovel","Philosopher\u0027s Stone","Membership Card","Happy Flower","FossilizedHelix","Pear","OrangePellets","Lantern","Dream Catcher"],"acts_visited":["Exordium","TheCity","TheBeyond"],"potions_floor_usage":[5,7,7,14,24,29,29,33,38,39,42,42,42,42,48,50,50],"damage_taken":[{"damage":3,"enemies":"Cultist","floor":1,"turns":5},{"damage":4,"enemies":"Small Slimes","floor":2,"turns":4},{"damage":4,"enemies":"Jaw Worm","floor":4,"turns":4},{"damage":1,"enemies":"Large Slime","floor":5,"turns":7},{"damage":29,"enemies":"Lagavulin","floor":7,"turns":8},{"damage":6,"enemies":"Lots of Slimes","floor":10,"turns":4},{"damage":0,"enemies":"Blue Slaver","floor":12,"turns":2},{"damage":13,"enemies":"Exordium Wildlife","floor":13,"turns":5},{"damage":11,"enemies":"3 Sentries","floor":14,"turns":5},{"damage":6,"enemies":"Hexaghost","floor":16,"turns":13},{"damage":4,"enemies":"Shell Parasite","floor":18,"turns":2},{"damage":0,"enemies":"2 Thieves","floor":22,"turns":4},{"damage":3,"enemies":"Slavers","floor":24,"turns":2},{"damage":9,"enemies":"Chosen and Byrds","floor":27,"turns":5},{"damage":14,"enemies":"Book of Stabbing","floor":29,"turns":4},{"damage":34,"enemies":"Collector","floor":33,"turns":11},{"damage":0,"enemies":"Orb Walker","floor":35,"turns":3},{"damage":0,"enemies":"3 Shapes","floor":38,"turns":5},{"damage":24,"enemies":"2 Orb Walkers","floor":39,"turns":3},{"damage":0,"enemies":"Spire Growth","floor":42,"turns":3},{"damage":0,"enemies":"Maw","floor":45,"turns":3},{"damage":0,"enemies":"Sphere and 2 Shapes","floor":46,"turns":4},{"damage":34,"enemies":"Giant Head","floor":48,"turns":7},{"damage":51,"enemies":"Time Eater","floor":50,"turns":7}],"seed_played":"378794399713798837","potions_obtained":[{"floor":3,"key":"Strength Potion"},{"floor":3,"key":"FearPotion"},{"floor":5,"key":"AttackPotion"},{"floor":12,"key":"Poison Potion"},{"floor":13,"key":"GhostInAJar"},{"floor":14,"key":"Energy Potion"},{"floor":27,"key":"FearPotion"},{"floor":29,"key":"Energy Potion"},{"floor":38,"key":"Energy Potion"},{"floor":45,"key":"GhostInAJar"},{"floor":48,"key":"DistilledChaos"}],"is_trial":false,"path_per_floor":["M","M","?","M","M","R","E","R","T","M","R","M","M","E","R","B",null,"M","?","?","$","M","R","E","R","T","M","?","E","R","$","R","B",null,"M","$","T","M","?","R","T","M","T","$","M","M","T","E","R","B"],"character_chosen":"THE_SILENT","items_purchased":["Leg Sweep+1","Orrery","Shovel","Membership Card","OrangePellets","Acrobatics+1"],"campfire_rested":4,"item_purchase_floors":[21,21,31,36,44,44],"current_hp_per_floor":[62,58,58,54,53,53,24,45,45,39,39,39,26,15,36,30,62,58,58,58,58,58,58,55,55,55,46,46,32,32,32,53,31,62,62,62,62,62,38,59,69,69,69,69,69,69,69,47,47,0,0],"gold":109,"neow_bonus":"TEN_PERCENT_HP_BONUS","is_daily":false,"chose_seed":false,"campfire_upgraded":5,"win_rate":0.0,"timestamp":1611624505,"path_taken":["M","?","?","M","M","R","E","R","T","M","R","M","M","E","R","BOSS","M","?","?","$","M","R","E","R","T","M","?","E","R","$","R","BOSS","M","$","?","M","?","R","?","M","T","$","M","?","?","E","R","BOSS"],"items_purchased_type":["Card","Relic","Relic","Relic","Relic","Card"],"build_version":"2020-12-22","purchased_purges":1,"victory":false,"max_hp_per_floor":[72,72,72,72,72,72,72,72,72,72,72,72,72,72,72,72,72,72,72,72,72,72,72,72,72,72,72,72,72,72,72,72,72,72,72,72,72,72,72,72,82,82,82,82,82,82,82,82,82,82,82],"relic_stats":{"OrangePellets":[8],"Dream Catcher":0,"Shovel":0,"Happy Flower":[10],"counters":[24,120],"Dead Branch":[174],"Pandora\u0027s Box":["Burst","Predator","Quick Slash","Caltrops","Envenom","Deflect","After Image","Masterful Stab","Glass Knife","Phantasmal Killer"],"Snake Skull":[44],"obtain_stats":[{"Lantern":47,"Pear":41,"Happy Flower":37,"Dead Branch":9,"Snake Skull":26,"White Beast Statue":24,"Old Coin":14,"OrangePellets":44,"Dream Catcher":48,"Shovel":31,"Orrery":21,"Pandora\u0027s Box":17,"Philosopher\u0027s Stone":34,"Membership Card":36,"Toxic Egg 2":7,"FossilizedHelix":39,"Ring of the Snake":0,"Meat on the Bone":29},{"Lantern":22,"Pear":19,"Happy Flower":17,"Dead Branch":5,"Snake Skull":13,"White Beast Statue":13,"Old Coin":9,"OrangePellets":20,"Dream Catcher":23,"Shovel":15,"Orrery":11,"Pandora\u0027s Box":10,"Philosopher\u0027s Stone":16,"Membership Card":17,"Toxic Egg 2":5,"FossilizedHelix":19,"Ring of the Snake":0,"Meat on the Bone":15},{"Lantern":106,"Pear":96,"Happy Flower":88,"Dead Branch":28,"Snake Skull":65,"White Beast Statue":65,"Old Coin":44,"OrangePellets":99,"Dream Catcher":113,"Shovel":74,"Orrery":59,"Pandora\u0027s Box":57,"Philosopher\u0027s Stone":85,"Membership Card":88,"Toxic Egg 2":28,"FossilizedHelix":96,"Ring of the Snake":0,"Meat on the Bone":74}],"Ring of the Snake":[48],"Meat on the Bone":24},"card_choices":[{"not_picked":["Dagger Spray","Backflip"],"picked":"Poisoned Stab","floor":1},{"not_picked":["Calculated Gamble","Poisoned Stab"],"picked":"Footwork","floor":2},{"not_picked":["Cloak And Dagger","Acrobatics"],"picked":"Quick Slash","floor":4},{"not_picked":["Sucker Punch","PiercingWail"],"picked":"Phantasmal Killer","floor":5},{"not_picked":["Bane","Choke"],"picked":"Cloak And Dagger+1","floor":7},{"not_picked":["Finisher","Concentrate+1"],"picked":"Blade Dance+1","floor":10},{"not_picked":["Slice","Tactician+1"],"picked":"Dash","floor":12},{"not_picked":["Flechettes","Sucker Punch"],"picked":"PiercingWail+1","floor":13},{"not_picked":["Concentrate+1","Choke"],"picked":"Malaise+1","floor":14},{"not_picked":["Tools of the Trade","Doppelganger+1"],"picked":"A Thousand Cuts","floor":16},{"not_picked":["Poisoned Stab","All Out Attack"],"picked":"Backflip+1","floor":18},{"not_picked":["Cloak And Dagger+1","Backflip+1"],"picked":"Corpse Explosion+1","floor":21},{"not_picked":["Sucker Punch","Dash"],"picked":"Deadly Poison+1","floor":21},{"not_picked":["Cloak And Dagger+1","Slice"],"picked":"Dodge and Roll+1","floor":21},{"not_picked":["Underhanded Strike+1","Flying Knee"],"picked":"PiercingWail+1","floor":22},{"not_picked":["Endless Agony","A Thousand Cuts","Leg Sweep+1"],"picked":"SKIP","floor":24},{"not_picked":["Dodge and Roll+1","Slice","Flechettes"],"picked":"SKIP","floor":27},{"not_picked":["Escape Plan+1","Bane"],"picked":"Night Terror+1","floor":29},{"not_picked":["Unload","A Thousand Cuts"],"picked":"Storm of Steel+1","floor":33},{"not_picked":["Flechettes","Flying Knee+1"],"picked":"Leg Sweep+1","floor":35},{"not_picked":["Dagger Spray","Bane","Expertise+1"],"picked":"SKIP","floor":38},{"not_picked":["Riddle With Holes","Deflect+1"],"picked":"Accuracy+1","floor":39},{"not_picked":["PiercingWail+1","Caltrops"],"picked":"Calculated Gamble+1","floor":42},{"not_picked":["Dash","Leg Sweep+1"],"picked":"Terror+1","floor":45},{"not_picked":["Flechettes","Cloak And Dagger+1"],"picked":"Well Laid Plans","floor":46},{"not_picked":["Caltrops","Blade Dance+1"],"picked":"Burst+1","floor":48}],"player_experience":1456896,"relics_obtained":[{"floor":7,"key":"Toxic Egg 2"},{"floor":9,"key":"Dead Branch"},{"floor":14,"key":"Old Coin"},{"floor":24,"key":"White Beast Statue"},{"floor":26,"key":"Snake Skull"},{"floor":29,"key":"Meat on the Bone"},{"floor":37,"key":"Happy Flower"},{"floor":39,"key":"FossilizedHelix"},{"floor":41,"key":"Pear"},{"floor":47,"key":"Lantern"},{"floor":48,"key":"Dream Catcher"}],"event_choices":[{"damage_healed":0,"gold_gain":0,"player_choice":"Bought 3 Potions","damage_taken":0,"max_hp_gain":0,"max_hp_loss":0,"event_name":"The Woman in Blue","floor":3,"gold_loss":0},{"damage_healed":0,"gold_gain":0,"player_choice":"Obtain J.A.X.","damage_taken":0,"max_hp_gain":0,"max_hp_loss":0,"event_name":"Drug Dealer","floor":19,"gold_loss":0,"cards_obtained":["J.A.X."]},{"damage_healed":0,"gold_gain":0,"player_choice":"Ignored","damage_taken":0,"max_hp_gain":0,"max_hp_loss":0,"event_name":"Vampires","floor":20,"gold_loss":0},{"damage_healed":0,"gold_gain":0,"cards_transformed":["Glass Knife"],"player_choice":"Transformed","damage_taken":0,"max_hp_gain":0,"max_hp_loss":0,"event_name":"Transmorgrifier","floor":28,"gold_loss":0,"cards_obtained":["Venomology"]},{"damage_healed":0,"gold_gain":0,"player_choice":"Fight","damage_taken":0,"max_hp_gain":0,"max_hp_loss":0,"event_name":"Mysterious Sphere","floor":39,"gold_loss":0}],"is_beta":false,"boss_relics":[{"not_picked":["Tiny House","HoveringKite"],"picked":"Pandora\u0027s Box"},{"not_picked":["Empty Cage","Velvet Choker"],"picked":"Philosopher\u0027s Stone"}],"items_purged_floors":[31],"is_endless":false,"potions_floor_spawned":[4,5,12,13,14,22,27,29,33,35,38,39,42,45,46,48],"killed_by":"Time Eater","ascension_level":20}}