{"host":"qekv59dthhdg54sz","time":1611644593,"event":{"mods":["AchievementEnabler","BaseMod","Colored Map","DeckTracker","KOR Keyword Fix","Minty Spire (QoL Compilation)","Rare Cards Sparkle","StSLib","SuperFastMode"],"gold_per_floor":[113,38,85,85,99,99,115,115,170,170,190,90,90,108,108,204,204,222,97,113,133,133,133,58,58,58,58,58,0,14,14,14,14,14],"floor_reached":33,"language":"KOR","playtime":663,"items_purged":["Shame","Strike_R","Strike_R"],"score":386,"play_id":"e4c4654f-c713-4dcb-b0d7-a1adab69ee3f","local_time":"20210126160313","is_ascension_mode":true,"campfire_choices":[{"data":"Pommel Strike","floor":6.0,"key":"SMITH"},{"data":"Disarm","floor":8.0,"key":"SMITH"},{"data":"Sadistic Nature","floor":10.0,"key":"SMITH"},{"data":"Bash","floor":15.0,"key":"SMITH"},{"data":"Second Wind","floor":23.0,"key":"SMITH"},{"floor":25.0,"key":"REST"},{"data":"Reaper","floor":28.0,"key":"SMITH"},{"data":"Ghostly","floor":32.0,"key":"SMITH"}],"circlet_count":0,"master_deck":["AscendersBane","Strike_R","Defend_R","Defend_R","Defend_R","Defend_R","Bash+1","Sadistic Nature+1","Pommel Strike+1","Disarm+1","Dropkick+1","Reaper+1","Second Wind+1","Ghostly+1","Ghostly","Ghostly","Ghostly","Ghostly"],"relics":["Black Blood","Omamori","Nunchaku","Mango"],"acts_visited":["Exordium","TheCity"],"potions_floor_usage":[],"damage_taken":[{"damage":8.0,"enemies":"Cultist","floor":1.0,"turns":4.0},{"damage":5.0,"enemies":"2 Louse","floor":5.0,"turns":3.0},{"damage":7.0,"enemies":"Small Slimes","floor":7.0,"turns":5.0},{"damage":13.0,"enemies":"Exordium Thugs","floor":11.0,"turns":6.0},{"damage":3.0,"enemies":"2 Fungi Beasts","floor":14.0,"turns":3.0},{"damage":45.0,"enemies":"Slime Boss","floor":16.0,"turns":9.0},{"damage":46.0,"enemies":"Spheric Guardian","floor":18.0,"turns":6.0},{"damage":20.0,"enemies":"Shell Parasite","floor":20.0,"turns":8.0},{"damage":21.0,"enemies":"Snake Plant","floor":21.0,"turns":4.0},{"damage":31.0,"enemies":"Snecko","floor":30.0,"turns":6.0},{"damage":44,"enemies":"Automaton","floor":33,"turns":10}],"seed_played":"7375742043859738367","potions_obtained":[{"floor":1.0,"key":"Regen Potion"},{"floor":5.0,"key":"ElixirPotion"},{"floor":7.0,"key":"PowerPotion"},{"floor":18.0,"key":"Fruit Juice"}],"is_trial":false,"path_per_floor":["M","$","T","?","M","R","M","R","T","R","M","$","?","M","R","B",null,"M","$","M","M","$","R","?","R","T","?","R","?","M","?","R","B"],"character_chosen":"IRONCLAD","items_purchased":[],"campfire_rested":1,"item_purchase_floors":[],"current_hp_per_floor":[70,70,70,63,64,64,63,63,63,63,56,56,56,59,59,29,67,33,33,31,31,31,31,31,56,70,70,70,70,58,49,49,5,5],"gold":14,"neow_bonus":"RANDOM_COLORLESS_2","is_daily":false,"chose_seed":false,"campfire_upgraded":7,"win_rate":0.0,"timestamp":1611644593,"path_taken":["M","$","?","?","M","R","M","R","T","R","M","$","?","M","R","BOSS","M","$","M","M","$","R","?","R","T","?","R","?","M","?","R","BOSS"],"items_purchased_type":[],"build_version":"2020-12-22","purchased_purges":3,"victory":false,"max_hp_per_floor":[80,80,80,80,80,80,80,80,80,80,80,80,80,80,80,80,80,80,80,80,85,85,85,85,85,99,99,99,99,99,49,49,49,49],"card_choices":[{"not_picked":["Mayhem","Chrysalis"],"picked":"Sadistic Nature","floor":0.0},{"not_picked":["Warcry","Havoc"],"picked":"Pommel Strike","floor":1.0},{"not_picked":["Combust","Perfected Strike"],"picked":"Disarm","floor":5.0},{"not_picked":["Iron Wave","Twin Strike","Perfected Strike"],"picked":"SKIP","floor":7.0},{"not_picked":["Pommel Strike","Heavy Blade"],"picked":"Dropkick","floor":11.0},{"not_picked":["Flex","Headbutt","Armaments"],"picked":"SKIP","floor":14.0},{"not_picked":["Fiend Fire","Demon Form"],"picked":"Reaper","floor":16.0},{"not_picked":["Clothesline","Flex+1","Metallicize"],"picked":"SKIP","floor":18.0},{"not_picked":["True Grit","Cleave"],"picked":"Second Wind","floor":20.0},{"not_picked":["Headbutt","Anger","Perfected Strike"],"picked":"SKIP","floor":21.0},{"not_picked":["Power Through","Evolve","Pummel"],"picked":"SKIP","floor":30.0}],"player_experience":843607,"relics_obtained":[{"floor":3.0,"key":"Omamori"},{"floor":9.0,"key":"Nunchaku"},{"floor":26.0,"key":"Mango"}],"event_choices":[{"cards_removed":["Strike_R"],"damage_healed":0.0,"max_hp_gain":0.0,"max_hp_loss":0.0,"gold_gain":0.0,"event_name":"Golden Wing","player_choice":"Card Removal","floor":4.0,"gold_loss":0.0,"damage_taken":7.0},{"damage_healed":0.0,"max_hp_gain":0.0,"max_hp_loss":0.0,"gold_gain":0.0,"event_name":"Accursed Blacksmith","player_choice":"Forge","floor":13.0,"gold_loss":0.0,"damage_taken":0.0,"cards_upgraded":["Dropkick"]},{"cards_removed":["Strike_R"],"damage_healed":0.0,"max_hp_gain":0.0,"max_hp_loss":0.0,"gold_gain":0.0,"event_name":"Beggar","player_choice":"Gave Gold","floor":24.0,"gold_loss":75.0,"damage_taken":0.0},{"damage_healed":0.0,"max_hp_gain":0.0,"max_hp_loss":0.0,"gold_gain":0.0,"event_name":"Masked Bandits","player_choice":"Paid Fearfully","floor":29.0,"gold_loss":58.0,"damage_taken":0.0},{"damage_healed":0.0,"max_hp_gain":0.0,"max_hp_loss":50.0,"gold_gain":0.0,"event_name":"Ghosts","player_choice":"Became a Ghost","floor":31.0,"gold_loss":0.0,"damage_taken":0.0,"cards_obtained":["Ghostly","Ghostly","Ghostly","Ghostly","Ghostly"]}],"is_beta":false,"boss_relics":[{"not_picked":["Black Star","Runic Cube"],"picked":"Black Blood"}],"items_purged_floors":[2,12,19],"is_endless":false,"potions_floor_spawned":[1,5,7,18],"killed_by":"Automaton","ascension_level":11}}