{"host":"6xsbn6ynqlzwllfm","time":1611705081,"event":{"mods":["2.2 Compatiblity","BaseMod","Bestiary","Colored Map","Colored Powertips","Curses Come First","Highlight Path","Keyboard Shortcuts","Minty Spire (QoL Compilation)","Relic Stats","Slay the Relics Exporter","StSLib","SuperFastMode"],"gold_per_floor":[109,69,15,86,100,133,153,187,187,222,56,56,79,122,122,205,205,218,43,64,64,64,90,90,134,189,189,189],"floor_reached":27,"language":"ENG","playtime":774,"items_purged":[],"score":604,"play_id":"a3167474-670f-4230-9af3-88491e4e6b97","local_time":"20210126185121","is_ascension_mode":true,"campfire_choices":[{"floor":12,"key":"REST"},{"floor":15,"key":"RECALL"},{"floor":24,"key":"REST"}],"circlet_count":0,"master_deck":["AscendersBane","Strike_R","Strike_R","Strike_R","Strike_R","Strike_R","Defend_R","Defend_R","Defend_R","Defend_R","Bash","Sever Soul","Shrug It Off","Headbutt","Power Through","Seeing Red","Inflame","Pommel Strike","Armaments","Fiend Fire","Demon Form","Mayhem","Pommel Strike","Feel No Pain"],"relics":["Fusion Hammer","PreservedInsect","CaptainsWheel","Question Card","CeramicFish","ClockworkSouvenir","Omamori","Mark of Pain","Enchiridion","Ancient Tea Set","Boot","Blood Vial"],"acts_visited":["Exordium","TheCity"],"potions_floor_usage":[6,8,14,16,23],"damage_taken":[{"damage":10,"enemies":"Small Slimes","floor":1,"turns":4},{"damage":1,"enemies":"Cultist","floor":5,"turns":3},{"damage":12,"enemies":"3 Sentries","floor":6,"turns":9},{"damage":0,"enemies":"Jaw Worm","floor":7,"turns":3},{"damage":0,"enemies":"Gremlin Nob","floor":8,"turns":3},{"damage":5,"enemies":"Lagavulin","floor":10,"turns":6},{"damage":8,"enemies":"Blue Slaver","floor":13,"turns":4},{"damage":2,"enemies":"3 Sentries","floor":14,"turns":6},{"damage":11,"enemies":"The Guardian","floor":16,"turns":8},{"damage":18,"enemies":"3 Byrds","floor":18,"turns":6},{"damage":0,"enemies":"Chosen","floor":20,"turns":4},{"damage":10,"enemies":"Book of Stabbing","floor":23,"turns":4},{"damage":25,"enemies":"Slavers","floor":25,"turns":4},{"damage":17,"enemies":"Gremlin Leader","floor":27,"turns":4}],"seed_played":"7714470351567693964","potions_obtained":[{"floor":2,"key":"Strength Potion"},{"floor":2,"key":"Dexterity Potion"},{"floor":5,"key":"Strength Potion"},{"floor":7,"key":"BlessingOfTheForge"},{"floor":10,"key":"LiquidBronze"},{"floor":20,"key":"BloodPotion"}],"is_trial":false,"path_per_floor":["M","?","$","?","M","E","M","E","T","E","$","R","M","E","R","B",null,"M","$","M","?","?","E","R","E","T","E"],"character_chosen":"IRONCLAD","items_purchased":["Shrug It Off","ClockworkSouvenir","Mayhem"],"campfire_rested":2,"item_purchase_floors":[3,11,19],"current_hp_per_floor":[58,58,58,58,57,45,45,45,45,40,40,62,54,52,52,41,67,49,49,49,28,7,13,37,12,12,0,0],"gold":189,"neow_bonus":"BOSS_RELIC","is_daily":false,"chose_seed":false,"campfire_upgraded":0,"win_rate":0.0,"timestamp":1611705081,"path_taken":["M","?","?","?","M","E","M","E","T","E","$","R","M","E","R","BOSS","M","$","M","?","?","E","R","E","T","E"],"items_purchased_type":["Card","Relic","Card"],"build_version":"2020-12-22","purchased_purges":0,"victory":false,"max_hp_per_floor":[75,75,75,75,75,75,75,75,75,75,75,75,75,75,75,75,75,75,75,75,75,80,80,80,80,80,80,80],"relic_stats":{"Blood Vial":2,"counters":[14,68],"CeramicFish":63,"PreservedInsect":213,"Question Card":8,"Boot":[1],"obtain_stats":[{"CeramicFish":10,"Enchiridion":21,"PreservedInsect":6,"Omamori":14,"Question Card":9,"Ancient Tea Set":23,"Boot":25,"Burning Blood":0,"ClockworkSouvenir":11,"Blood Vial":26,"CaptainsWheel":8,"Fusion Hammer":0,"Mark of Pain":17},{"CeramicFish":6,"Enchiridion":11,"PreservedInsect":3,"Omamori":8,"Question Card":5,"Ancient Tea Set":12,"Boot":13,"Burning Blood":0,"ClockworkSouvenir":6,"Blood Vial":13,"CaptainsWheel":5,"Fusion Hammer":0,"Mark of Pain":9},{"CeramicFish":28,"Enchiridion":56,"PreservedInsect":16,"Omamori":38,"Question Card":22,"Ancient Tea Set":60,"Boot":64,"Burning Blood":0,"ClockworkSouvenir":28,"Blood Vial":64,"CaptainsWheel":22,"Fusion Hammer":0,"Mark of Pain":46}]},"card_choices":[{"not_picked":["Anger","Warcry"],"picked":"Sever Soul","floor":1},{"not_picked":["Clothesline","Thunderclap"],"picked":"Headbutt","floor":5},{"not_picked":["Metallicize","Sword Boomerang"],"picked":"Power Through","floor":6},{"not_picked":["Warcry","Heavy Blade"],"picked":"Seeing Red","floor":7},{"not_picked":["Second Wind","Havoc"],"picked":"Inflame","floor":8},{"not_picked":["Iron Wave","Exhume","Blood for Blood"],"picked":"Pommel Strike","floor":10},{"not_picked":["Warcry","Wild Strike","Sever Soul"],"picked":"Armaments","floor":13},{"not_picked":["Clash","Cleave","Sentinel"],"picked":"Fiend Fire","floor":14},{"not_picked":["Juggernaut","Barricade","Limit Break"],"picked":"Demon Form","floor":16},{"not_picked":["Armaments","Anger","Clash+1"],"picked":"Pommel Strike","floor":20},{"not_picked":["Wild Strike","Cleave+1","Power Through"],"picked":"Feel No Pain","floor":25}],"player_experience":1149910,"relics_obtained":[{"floor":6,"key":"PreservedInsect"},{"floor":8,"key":"CaptainsWheel"},{"floor":9,"key":"Question Card"},{"floor":10,"key":"CeramicFish"},{"floor":14,"key":"Omamori"},{"floor":21,"key":"Enchiridion"},{"floor":23,"key":"Ancient Tea Set"},{"floor":25,"key":"Boot"},{"floor":26,"key":"Blood Vial"}],"event_choices":[{"damage_healed":0,"gold_gain":0,"player_choice":"Bought 3 Potions","damage_taken":0,"max_hp_gain":0,"max_hp_loss":0,"event_name":"The Woman in Blue","floor":2,"gold_loss":0},{"damage_healed":0,"gold_gain":71,"player_choice":"Gained Gold","damage_taken":0,"max_hp_gain":0,"max_hp_loss":0,"event_name":"Golden Wing","floor":4,"gold_loss":0},{"damage_healed":0,"gold_gain":0,"player_choice":"Obtained Book","damage_taken":21,"max_hp_gain":0,"max_hp_loss":0,"event_name":"Cursed Tome","floor":21,"gold_loss":0},{"damage_healed":0,"gold_gain":0,"player_choice":"Shed Blood","damage_taken":26,"max_hp_gain":5,"max_hp_loss":0,"event_name":"Forgotten Altar","floor":22,"gold_loss":0}],"is_beta":false,"boss_relics":[{"not_picked":["Runic Pyramid","Velvet Choker"],"picked":"Mark of Pain"}],"items_purged_floors":[],"is_endless":false,"potions_floor_spawned":[5,7,10,13,20],"killed_by":"Gremlin Leader","ascension_level":20}}