{"host":"eeb412nj2w7f9cz8","time":1611661037,"event":{"mods":["Act Like it!","BaseMod","Downfall","Minty Spire (QoL Compilation)","StSLib"],"gold_per_floor":[99,119,129,129,144,244,244,44,144,144,162,72,107,125,145,247,247,147,162,172,172,182,199,199,218,230,243,73,73,90,101,120,220,220,220,233,233,249,336,370,370,396,87,87,111,111,132,132,132,132],"floor_reached":49,"language":"ZHS","playtime":4956,"items_purged":["champ:Defend","champ:Strike"],"score":552,"play_id":"95e07549-c97d-4dba-b95f-b84d077f0c5d","local_time":"20210126193717","is_ascension_mode":false,"campfire_choices":[{"floor":1.0,"key":"RECALL"},{"data":"champ:Taunt","floor":8.0,"key":"SMITH"},{"data":"champ:BerserkersShout","floor":10.0,"key":"SMITH"},{"data":"champ:Improvising","floor":18.0,"key":"SMITH"},{"data":"champ:SwordThrow","floor":29.0,"key":"SMITH"},{"data":"champ:FanOfKnives","floor":35.0,"key":"SMITH"},{"data":"champ:DancingMaster","floor":46.0,"key":"SMITH"}],"circlet_count":0,"master_deck":["champ:Strike","champ:Strike","champ:Defend","champ:Defend+1","champ:Defend","champ:Execute","champ:Taunt+1","champ:GutPunch","champ:FanOfKnives+1","champ:AdrenalArmor+1","champ:BerserkersShout+1","champ:Improvising+1","champ:SwordThrow+1","champ:RapidStrikes","champ:LastStand+1","champ:ShieldSlam+1","champ:LastStand","champ:DancingMaster+1","champ:VampiricStrike","CurseOfTheBell","champ:HeartStrike+1","champ:FancyFootwork+1","champ:Shatter+1","champ:Duel"],"relics":["champ:ChampionCrown","Pantograph","downfall:HeartBlessingRed","downfall:HeartBlessingBlue","CloakClasp","Singing Bowl","Coffee Dripper","downfall:HeartBlessingGreen","Pear","Vajra","Calling Bell","CeramicFish","Gremlin Horn","Torii","War Paint","Darkstone Periapt","PreservedInsect","Toolbox","Blood Vial"],"acts_visited":["Exordium","TheCity","TheBeyond"],"potions_floor_usage":[47],"damage_taken":[{"damage":20.0,"enemies":"Cultist","floor":2.0,"turns":5.0},{"damage":17.0,"enemies":"2 Louse","floor":3.0,"turns":2.0},{"damage":20.0,"enemies":"Small Slimes","floor":5.0,"turns":3.0},{"damage":64.0,"enemies":"Small Slimes","floor":9.0,"turns":7.0},{"damage":20.0,"enemies":"Blue Slaver","floor":11.0,"turns":4.0},{"damage":60.0,"enemies":"downfall:FleeingMerchant","floor":12.0,"turns":4.0},{"damage":81.0,"enemies":"3 Sentries","floor":13.0,"turns":9.0},{"damage":0.0,"enemies":"Lots of Slimes","floor":14.0,"turns":1.0},{"damage":10.0,"enemies":"Gremlin Gang","floor":15.0,"turns":3.0},{"damage":107.0,"enemies":"SI_SHIV_ARCHETYPE","floor":16.0,"turns":7.0},{"damage":19.0,"enemies":"Chosen","floor":19.0,"turns":3.0},{"damage":46.0,"enemies":"Snecko","floor":20.0,"turns":5.0},{"damage":67.0,"enemies":"Centurion and Healer","floor":22.0,"turns":5.0},{"damage":42.0,"enemies":"Chosen and Byrds","floor":23.0,"turns":5.0},{"damage":68.0,"enemies":"Shelled Parasite and Fungi","floor":25.0,"turns":6.0},{"damage":26.0,"enemies":"Centurion and Healer","floor":26.0,"turns":4.0},{"damage":32.0,"enemies":"Snake Plant","floor":27.0,"turns":4.0},{"damage":21.0,"enemies":"downfall:FleeingMerchant","floor":28.0,"turns":4.0},{"damage":0.0,"enemies":"Chosen and Byrds","floor":30.0,"turns":2.0},{"damage":40.0,"enemies":"Cultist and Chosen","floor":31.0,"turns":4.0},{"damage":36.0,"enemies":"Centurion and Healer","floor":32.0,"turns":3.0},{"damage":89.0,"enemies":"DF_ARCHETYPE_CLAW","floor":33.0,"turns":6.0},{"damage":48.0,"enemies":"Orb Walker","floor":36.0,"turns":4.0},{"damage":39.0,"enemies":"3 Darklings","floor":38.0,"turns":3.0},{"damage":29.0,"enemies":"downfall:FleeingMerchant","floor":39.0,"turns":4.0},{"damage":135.0,"enemies":"Nemesis","floor":40.0,"turns":9.0},{"damage":27.0,"enemies":"Sphere and 2 Shapes","floor":42.0,"turns":3.0},{"damage":25.0,"enemies":"Transient","floor":45.0,"turns":5.0},{"damage":14,"enemies":"3 Darklings","floor":47,"turns":3},{"damage":0,"enemies":"4 Shapes","floor":49,"turns":1}],"seed_played":"7655970435680313791","potions_obtained":[{"floor":3.0,"key":"Guardian:BlockOnCardUsePotion"},{"floor":5.0,"key":"GamblersBrew"},{"floor":14.0,"key":"Block Potion"},{"floor":15.0,"key":"Regen Potion"},{"floor":23.0,"key":"AttackPotion"},{"floor":25.0,"key":"AttackPotion"},{"floor":26.0,"key":"Fire Potion"},{"floor":30.0,"key":"Strength Potion"},{"floor":32.0,"key":"BlessingOfTheForge"},{"floor":33.0,"key":"Ancient Potion"},{"floor":38.0,"key":"ColorlessPotion"},{"floor":40.0,"key":"BlessingOfTheForge"},{"floor":45.0,"key":"Fire Potion"},{"floor":47,"key":"DuplicationPotion"}],"is_trial":false,"path_per_floor":["R","M","M","T","M","?","T","R","?","R","M","$","E","M","M","B",null,"R","M","M","?","M","M","T","M","M","M","$","R","M","M","M","B",null,"R","M","?","M","?","E","T","M","$","?","M","R","M","?","M"],"character_chosen":"THE_CHAMP","items_purchased":["Vajra","War Paint","Toolbox","Blood Vial"],"campfire_rested":0,"item_purchase_floors":[28,39,43,43],"current_hp_per_floor":[99,99,97,97,92,92,92,102,93,93,93,93,82,84,86,89,113,113,106,107,107,102,92,102,64,65,55,56,56,58,60,51,32,141,141,120,120,113,109,26,26,14,14,14,16,16,9,1,3,3],"gold":132,"neow_bonus":"TEN_PERCENT_HP_BONUS","is_daily":false,"chose_seed":false,"campfire_upgraded":6,"win_rate":0.0,"timestamp":1611661037,"path_taken":["R","M","M","?","M","?","T","R","?","R","M","?","E","M","M","BOSS","R","M","M","?","?","M","T","M","M","M","$","R","M","?","M","BOSS","R","M","?","M","?","E","T","M","$","?","?","R","M","?","M"],"items_purchased_type":["Relic","Relic","Relic","Relic"],"build_version":"2020-12-22","purchased_purges":2,"victory":false,"max_hp_per_floor":[99,99,99,99,99,99,99,109,109,109,109,109,109,111,113,113,113,113,115,115,115,117,119,129,129,131,133,135,135,137,139,141,141,141,141,143,143,145,145,147,147,147,147,147,147,147,147,147,147,147],"card_choices":[{"not_picked":["champ:Shatter","champ:AdrenalArmor"],"picked":"champ:GutPunch","floor":2.0},{"not_picked":["champ:GutPunch","champ:DefensiveShout"],"picked":"champ:FanOfKnives","floor":3.0},{"not_picked":["champ:BladeFlurry","champ:Circumvent"],"picked":"champ:AdrenalArmor","floor":5.0},{"not_picked":["champ:Circumvent","champ:Haymaker"],"picked":"champ:BerserkersShout","floor":9.0},{"not_picked":["champ:RecklessLeap","champ:Lariat"],"picked":"champ:Improvising","floor":11.0},{"not_picked":["champ:Backstep","champ:PreciseThrust"],"picked":"champ:SwordThrow","floor":12.0},{"not_picked":["champ:PreciseThrust","champ:Duel"],"picked":"champ:RapidStrikes","floor":13.0},{"not_picked":["champ:RapidStrikes","champ:CrownThrow","champ:EndlessRage"],"picked":"Singing Bowl","floor":14.0},{"not_picked":["champ:CalledShot","champ:Endure","champ:PreciseThrust"],"picked":"Singing Bowl","floor":15.0},{"not_picked":["champ:TripleStrike","champ:HeavySlash"],"picked":"champ:LastStand","floor":16.0},{"not_picked":["champ:AdrenalArmor","champ:PreciseThrust","champ:Duel"],"picked":"Singing Bowl","floor":19.0},{"not_picked":["champ:PerfectedStrike","champ:FanOfKnives"],"picked":"champ:ShieldSlam+1","floor":20.0},{"not_picked":["champ:RapidStrikes","champ:CrownThrow+1","champ:Haymaker+1"],"picked":"Singing Bowl","floor":22.0},{"not_picked":["champ:Duel+1","champ:FocusedDefense+1","champ:DefensiveShout"],"picked":"Singing Bowl","floor":23.0},{"not_picked":["champ:FanOfKnives+1","champ:Circumvent"],"picked":"champ:DancingMaster","floor":25.0},{"not_picked":["champ:CalledShot","champ:Backstep","champ:BladeFlurry"],"picked":"Singing Bowl","floor":26.0},{"not_picked":["champ:Backstep","champ:SkillfulDodge","champ:PreciseThrust"],"picked":"Singing Bowl","floor":27.0},{"not_picked":["champ:DefensiveShout","champ:BringItOn","champ:Circumvent"],"picked":"Singing Bowl","floor":28.0},{"not_picked":["champ:CalledShot+1","champ:SkillfulDodge","champ:BerserkersShout+1"],"picked":"Singing Bowl","floor":30.0},{"not_picked":["champ:Lariat","champ:FocusedDefense","champ:EnGarde"],"picked":"Singing Bowl","floor":31.0},{"not_picked":["champ:Parry","champ:Endure","champ:PreemptiveStrike"],"picked":"Singing Bowl","floor":32.0},{"not_picked":["champ:SwordThrow","champ:LastStand"],"picked":"champ:VampiricStrike","floor":33.0},{"not_picked":["champ:PreemptiveStrike","champ:Haymaker","champ:RecklessLeap+1"],"picked":"Singing Bowl","floor":36.0},{"not_picked":["champ:FanOfKnives+1","champ:Duel","champ:Backstep+1"],"picked":"Singing Bowl","floor":38.0},{"not_picked":["champ:EnGarde+1","champ:RapidStrikes+1"],"picked":"champ:HeartStrike+1","floor":39.0},{"not_picked":["champ:FlashCut","champ:StanceDance","champ:Duel"],"picked":"Singing Bowl","floor":40.0},{"not_picked":["champ:FalseCounter","champ:Shatter+1"],"picked":"champ:FancyFootwork+1","floor":42.0},{"not_picked":["champ:GutPunch","champ:TornadoPunch+1"],"picked":"champ:Shatter+1","floor":45.0},{"not_picked":["champ:DeathBlow","champ:SkillfulDodge+1"],"picked":"champ:Duel","floor":47}],"player_experience":102651,"relics_obtained":[{"floor":7.0,"key":"Pantograph"},{"floor":9.0,"key":"CloakClasp"},{"floor":13.0,"key":"Singing Bowl"},{"floor":24.0,"key":"Pear"},{"floor":34.0,"key":"CeramicFish"},{"floor":34.0,"key":"Gremlin Horn"},{"floor":34.0,"key":"Torii"},{"floor":40.0,"key":"Darkstone Periapt"},{"floor":41.0,"key":"PreservedInsect"}],"event_choices":[{"damage_healed":0.0,"max_hp_gain":0.0,"max_hp_loss":0.0,"gold_gain":0.0,"event_name":"NoteForYourself","player_choice":"Ignored","floor":44.0,"gold_loss":0.0,"damage_taken":0.0}],"is_beta":false,"boss_relics":[{"not_picked":["Runic Pyramid","Runic Dome"],"picked":"Coffee Dripper"},{"not_picked":["Astrolabe","Tiny House"],"picked":"Calling Bell"}],"items_purged_floors":[12,39],"is_endless":false,"potions_floor_spawned":[3,5,14,15,16,23,25,26,30,32,33,38,40,45,47],"killed_by":"4 Shapes","ascension_level":0}}