{"host":"cbnfbo28eyz4xcn1","time":1611620016,"event":{"mods":["BaseMod","Colored Map","Colored Powertips","Infinite Spire","Minty Spire (QoL Compilation)","Replay The Spire","StSLib"],"gold_per_floor":[119,136,136,136,136,136,149,149,183,183,183,183,99,126,140,174,174,249,249,269,64,81,81,97,97,123,123,123,123,158,158,171,171,171,246,246,261,261,261,271,145,145,176,190,190,190,206,0,10,44,44,44,44,44,24,50,50],"floor_reached":58,"language":"ENG","playtime":5555,"items_purged":[],"score":2024,"play_id":"a33c353f-d240-41e0-9ca2-06b9cf646de5","local_time":"20210126011336","is_ascension_mode":true,"campfire_choices":[{"data":"Flex","floor":8.0,"key":"SMITH"},{"floor":10.0,"key":"REST"},{"data":"Infernal Blade","floor":10.0,"key":"SMITH"},{"data":"1","floor":12.0,"key":"LIFT"},{"floor":17.0,"key":"REST"},{"data":"2","floor":17.0,"key":"LIFT"},{"floor":25.0,"key":"REST"},{"data":"3","floor":25.0,"key":"LIFT"},{"floor":27.0,"key":"REST"},{"data":"Armaments","floor":27.0,"key":"SMITH"},{"floor":29.0,"key":"REST"},{"data":"Pommel Strike","floor":29.0,"key":"SMITH"},{"data":"infinitespire:Punishment","floor":34.0,"key":"SMITH"},{"data":"Flame Barrier","floor":42.0,"key":"SMITH"},{"floor":51.0,"key":"RECALL"},{"floor":54.0,"key":"REST"},{"data":"Replay:Sssssssssshield","floor":54.0,"key":"SMITH"}],"circlet_count":0,"master_deck":["AscendersBane","Strike_R","Strike_R","Strike_R","Strike_R","Defend_R","Defend_R+1","Defend_R+1","Defend_R","Bash","Flex+1","Pommel Strike+1","Shrug It Off","Infernal Blade+1","Bandage Up","Seeing Red","Armaments+1","Intimidate","Reaper","Shrug It Off","Replay:Sssssssssshield+1","Pummel","Shrug It Off","Warcry","Run Through","Pot Of Greed","Pot Of Greed","Pot Of Greed","Flame Barrier+1","Thunderclap","infinitespire:Punishment+1","Replay:Many Hands+1","Shockwave+1","Flex+1","Cleave+1","Ghostly Armor","Headbutt+1","Cleave","Ghostly Armor","Pot Of Greed","Demon Form+1","Flex+1","Flex+1"],"relics":["Burning Blood","infinitespire:Magic Flask","Girya","Replay:Wax Seal","Replay:Baseball","Ooze Armor","Membership Card","Omamori","Grinning Jar","Iron Hammer","Golden Egg","infinitespire:Burning Sword","Counterbalance","Turnip","Philosopher\u0027s Stone","ClockworkSouvenir","Art of War","ReplayTheSpireMod:Ring of Challenge","Red Mask","infinitespire:CursedDice","infinitespire:PuzzleCube"],"acts_visited":["Exordium","TheCity","TheBeyond","TheEnding"],"potions_floor_usage":[57],"damage_taken":[{"damage":14.0,"enemies":"infinitespire:Voidling","floor":1.0,"turns":4.0},{"damage":10.0,"enemies":"2 Louse","floor":2.0,"turns":3.0},{"damage":0.0,"enemies":"Cultist","floor":7.0,"turns":4.0},{"damage":20.0,"enemies":"3 Sentries","floor":9.0,"turns":10.0},{"damage":12.0,"enemies":"Gremlin Nob","floor":14.0,"turns":3.0},{"damage":5.0,"enemies":"Gremlin Gang","floor":15.0,"turns":4.0},{"damage":25.0,"enemies":"Replay:BlueRogue","floor":16.0,"turns":6.0},{"damage":64.0,"enemies":"Slime Boss","floor":18.0,"turns":10.0},{"damage":17.0,"enemies":"Spheric Guardian","floor":20.0,"turns":4.0},{"damage":13.0,"enemies":"Shell Parasite","floor":22.0,"turns":5.0},{"damage":16.0,"enemies":"Snake Plant","floor":24.0,"turns":4.0},{"damage":57.0,"enemies":"Nightmare","floor":26.0,"turns":11.0},{"damage":17.0,"enemies":"Replay:Snechameleon","floor":30.0,"turns":6.0},{"damage":2.0,"enemies":"Chosen and Byrds","floor":32.0,"turns":2.0},{"damage":2.0,"enemies":"Champ","floor":35.0,"turns":5.0},{"damage":29.0,"enemies":"3 Shapes","floor":37.0,"turns":3.0},{"damage":2.0,"enemies":"3 Darklings","floor":40.0,"turns":3.0},{"damage":45.0,"enemies":"Reptomancer","floor":43.0,"turns":3.0},{"damage":0.0,"enemies":"Transient","floor":44.0,"turns":5.0},{"damage":7.0,"enemies":"4 Shapes","floor":47.0,"turns":3.0},{"damage":10.0,"enemies":"Maw","floor":49.0,"turns":6.0},{"damage":15.0,"enemies":"Giant Head","floor":50.0,"turns":5.0},{"damage":36.0,"enemies":"Donu and Deca","floor":52.0,"turns":4.0},{"damage":44.0,"enemies":"Shield and Spear","floor":56.0,"turns":4.0},{"damage":125,"enemies":"The Heart","floor":57,"turns":8}],"seed_played":"5509925905944022806","potions_obtained":[{"floor":1.0,"key":"Weak Potion"},{"floor":9.0,"key":"SteroidPotion"},{"floor":16.0,"key":"LiquidMemories"},{"floor":18.0,"key":"Regen Potion"},{"floor":26.0,"key":"BlessingOfTheForge"},{"floor":43.0,"key":"Reflective Coating"}],"is_trial":false,"path_per_floor":["M","M","?","PTL","PTL","?","M","R","E","R","T","R","$","E","M","E","R","B",null,"M","$","M","?","M","R","NM","R","T","R","E","AVR","M","?","R","B",null,"M","?","?","M","$","R","E","M","T","?","M","?","M","E","R_BF","B",null,"R","$","E","B",null],"character_chosen":"IRONCLAD","items_purchased":["Bandage Up","Membership Card","Omamori","Replay:Sssssssssshield","Pummel","Shrug It Off","ClockworkSouvenir","Flex","Cleave","Flex"],"campfire_rested":6,"item_purchase_floors":[13,21,21,21,21,21,41,41,41,55],"current_hp_per_floor":[76,72,47,47,47,82,82,82,68,82,82,82,82,76,81,63,82,28,69,68,68,65,65,63,82,48,72,72,82,79,79,82,82,82,82,82,80,78,78,78,78,78,59,78,78,78,78,78,74,65,65,48,71,78,78,58,34],"gold":50,"neow_bonus":"TEN_PERCENT_HP_BONUS","is_daily":false,"chose_seed":false,"campfire_upgraded":7,"win_rate":0.0,"timestamp":1611620016,"path_taken":["M","?","?","PTL","PTL","?","?","R","E","R","T","R","$","E","M","E","R","BOSS","M","$","?","?","?","R","NM","R","T","R","E","AVR","M","?","R","BOSS","M","?","?","?","$","R","E","M","T","?","M","?","M","E","R_BF","BOSS","R","$","E","BOSS"],"items_purchased_type":["Card","Relic","Relic","Card","Card","Card","Relic","Card","Card","Card"],"build_version":"2020-12-22","purchased_purges":0,"victory":true,"max_hp_per_floor":[82,82,82,82,82,82,82,82,82,82,82,82,82,82,82,82,82,82,82,82,82,82,82,82,82,82,82,82,82,82,82,82,82,82,82,82,82,78,78,78,78,78,78,78,78,78,78,78,78,78,78,78,78,78,78,78,78],"card_choices":[{"not_picked":["Iron Wave","Disarm"],"picked":"Flex","floor":1.0},{"not_picked":["ReplayTheSpireMod:LeadingStrike","Twin Strike"],"picked":"Pommel Strike","floor":2.0},{"not_picked":["Rupture","True Grit"],"picked":"Shrug It Off","floor":7.0},{"not_picked":["Headbutt","Second Wind"],"picked":"Infernal Blade","floor":9.0},{"not_picked":["Thunderclap","Wild Strike"],"picked":"Seeing Red","floor":14.0},{"not_picked":["Clothesline","Disarm"],"picked":"Armaments","floor":15.0},{"not_picked":["Run Through","Corruption"],"picked":"Intimidate","floor":16.0},{"not_picked":["Eclipse","Demonic Infusion"],"picked":"Reaper","floor":18.0},{"not_picked":["Entrench","Armaments"],"picked":"Shrug It Off","floor":20.0},{"not_picked":["Entrench+1","Bludgeon"],"picked":"Warcry","floor":22.0},{"not_picked":["Havoc","Body Slam"],"picked":"Run Through","floor":24.0},{"not_picked":["Run Through","Anger"],"picked":"Flame Barrier","floor":26.0},{"not_picked":["Second Wind","Pommel Strike"],"picked":"Thunderclap","floor":30.0},{"not_picked":["Sever Soul","Sword Boomerang","ReplayTheSpireMod:Corrosion Curse"],"picked":"SKIP","floor":32.0},{"not_picked":["Feed","Bludgeon"],"picked":"Replay:Many Hands","floor":35.0},{"not_picked":["Hemokinesis","Perfected Strike","Replay:Undeath\u0027s Touch"],"picked":"SKIP","floor":37.0},{"not_picked":["Fire Breathing","Armaments"],"picked":"Shockwave+1","floor":40.0},{"not_picked":["Perfected Strike","Fire Breathing"],"picked":"Ghostly Armor","floor":43.0},{"not_picked":["Clash","Defy Death"],"picked":"Headbutt+1","floor":44.0},{"not_picked":["Twin Strike","Dropkick"],"picked":"Cleave","floor":47.0},{"not_picked":["Clash+1","Twin Strike+1"],"picked":"Ghostly Armor","floor":49.0},{"not_picked":["ReplayTheSpireMod:Limb From Limb+1","Blood for Blood"],"picked":"Demon Form","floor":50.0},{"not_picked":["Sword Boomerang","Perfected Strike+1","Body Slam"],"picked":"SKIP","floor":56.0}],"player_experience":489327,"relics_obtained":[{"floor":9.0,"key":"infinitespire:Magic Flask"},{"floor":11.0,"key":"Girya"},{"floor":14.0,"key":"Replay:Wax Seal"},{"floor":16.0,"key":"Replay:Baseball"},{"floor":26.0,"key":"Grinning Jar"},{"floor":28.0,"key":"Iron Hammer"},{"floor":30.0,"key":"Golden Egg"},{"floor":43.0,"key":"Art of War"},{"floor":46.0,"key":"ReplayTheSpireMod:Ring of Challenge"},{"floor":50.0,"key":"infinitespire:CursedDice"},{"floor":56.0,"key":"infinitespire:PuzzleCube"}],"event_choices":[{"damage_healed":0.0,"max_hp_gain":0.0,"max_hp_loss":0.0,"gold_gain":0.0,"event_name":"Shining Light","player_choice":"Entered Light","floor":3.0,"gold_loss":0.0,"damage_taken":25.0,"cards_upgraded":["Defend_R","Defend_R"]},{"damage_healed":35.0,"max_hp_gain":0.0,"max_hp_loss":0.0,"gold_gain":0.0,"event_name":"Wheel of Change","player_choice":"Full Heal","floor":6.0,"gold_loss":0.0,"damage_taken":0.0},{"cards_removed":["Strike_R"],"damage_healed":0.0,"max_hp_gain":0.0,"max_hp_loss":0.0,"gold_gain":0.0,"event_name":"Bonfire Elementals","player_choice":"Offered Basic","floor":23.0,"gold_loss":0.0,"damage_taken":0.0},{"damage_healed":0.0,"max_hp_gain":0.0,"max_hp_loss":4.0,"gold_gain":0.0,"event_name":"Winding Halls","player_choice":"Max HP","floor":38.0,"gold_loss":0.0,"damage_taken":0.0},{"damage_healed":0.0,"max_hp_gain":0.0,"max_hp_loss":0.0,"gold_gain":0.0,"event_name":"SecretPortal","player_choice":"Ignored","floor":39.0,"gold_loss":0.0,"damage_taken":0.0},{"damage_healed":0.0,"max_hp_gain":0.0,"max_hp_loss":0.0,"gold_gain":0.0,"event_name":"Tomb of Lord Red Mask","player_choice":"Paid","floor":48.0,"gold_loss":206.0,"damage_taken":0.0,"relics_obtained":["Red Mask"]}],"is_beta":false,"boss_relics":[{"not_picked":["Fusion Hammer","Replay:Wanted Poster"],"picked":"Ooze Armor"},{"not_picked":["Replay:Drink Me","Runic Cube"],"picked":"Philosopher\u0027s Stone"}],"items_purged_floors":[],"is_endless":false,"potions_floor_spawned":[1,9,16,18,20,26,32,43,44,49],"ascension_level":15}}