{"host":"70zhvo5nwrhp1mbg","time":1611638860,"event":{"mods":["BaseMod","Colored Map","Colored Powertips","Highlight Path","Minty Spire (QoL Compilation)","Rare Cards Sparkle","StSLib"],"gold_per_floor":[112,128,147,2,2,37,37,47,47,74,84,84,95,105,105,207,207,226,246,346,28,42,42,73,73,73,91,120,137,170,189,189,291,291,301,351,34,46,66,66,77,77,128,128,128,0,0,25,25,25],"floor_reached":51,"language":"ENG","playtime":3808,"items_purged":["Barricade"],"score":1039,"play_id":"090341f8-da64-4614-a8d5-7f2b0c4a43fb","local_time":"20210126002740","is_ascension_mode":true,"campfire_choices":[{"data":"Headbutt","floor":7,"key":"SMITH"},{"floor":12,"key":"REST"},{"data":"Shrug It Off","floor":15,"key":"SMITH"},{"floor":23,"key":"REST"},{"floor":25,"key":"REST"},{"data":"Rupture","floor":32,"key":"SMITH"},{"floor":40,"key":"REST"},{"floor":42,"key":"DIG"},{"floor":44,"key":"DIG"},{"floor":49,"key":"REST"}],"circlet_count":0,"master_deck":["Bash","Rampage","Headbutt+1","Pommel Strike","Iron Wave","Carnage","Anger","Shrug It Off+1","Uppercut","True Grit","Twin Strike","Pommel Strike","Uppercut","Rupture+1","Combust","Barricade","Anger","Shockwave","Brutality","Clothesline+1","Cleave","Battle Trance","Anger","Intimidate+1","Havoc","Impervious","Power Through+1","Armaments+1","Evolve+1","Limit Break","Body Slam","Flex+1","Reaper","Shrug It Off","Infernal Blade+1","Heavy Blade","Mayhem"],"relics":["Burning Blood","Orichalcum","HandDrill","Gremlin Horn","Mummified Hand","Prayer Wheel","Pandora\u0027s Box","HornCleat","Mango","Meat on the Bone","Nunchaku","Mercury Hourglass","SacredBark","Shovel","Regal Pillow","Bronze Scales","Pen Nib","Boot","Red Mask","Letter Opener"],"acts_visited":["Exordium","TheCity","TheBeyond"],"potions_floor_usage":[6,8,11,19,22,24,33,33,33,36,41],"damage_taken":[{"damage":0,"enemies":"Cultist","floor":1,"turns":4},{"damage":7,"enemies":"Small Slimes","floor":2,"turns":4},{"damage":18,"enemies":"Jaw Worm","floor":3,"turns":4},{"damage":20,"enemies":"Gremlin Nob","floor":6,"turns":4},{"damage":8,"enemies":"Large Slime","floor":8,"turns":5},{"damage":28,"enemies":"Lagavulin","floor":10,"turns":5},{"damage":13,"enemies":"3 Louse","floor":11,"turns":2},{"damage":0,"enemies":"Blue Slaver","floor":13,"turns":4},{"damage":0,"enemies":"Exordium Wildlife","floor":14,"turns":3},{"damage":59,"enemies":"The Guardian","floor":16,"turns":15},{"damage":20,"enemies":"Chosen","floor":18,"turns":5},{"damage":16,"enemies":"3 Byrds","floor":19,"turns":5},{"damage":15,"enemies":"Centurion and Healer","floor":22,"turns":5},{"damage":34,"enemies":"Book of Stabbing","floor":24,"turns":5},{"damage":15,"enemies":"Snake Plant","floor":27,"turns":3},{"damage":21,"enemies":"Slavers","floor":28,"turns":3},{"damage":15,"enemies":"3 Cultists","floor":29,"turns":5},{"damage":7,"enemies":"Book of Stabbing","floor":30,"turns":4},{"damage":5,"enemies":"Chosen and Byrds","floor":31,"turns":4},{"damage":49,"enemies":"Collector","floor":33,"turns":7},{"damage":37,"enemies":"3 Shapes","floor":35,"turns":3},{"damage":6,"enemies":"Mind Bloom Boss Battle","floor":36,"turns":5},{"damage":26,"enemies":"3 Darklings","floor":38,"turns":6},{"damage":25,"enemies":"Sphere and 2 Shapes","floor":39,"turns":6},{"damage":6,"enemies":"Transient","floor":41,"turns":5},{"damage":71,"enemies":"Giant Head","floor":48,"turns":8},{"damage":76,"enemies":"Donu and Deca","floor":50,"turns":8}],"seed_played":"-2622350536136432512","potions_obtained":[{"floor":1,"key":"BloodPotion"},{"floor":5,"key":"FearPotion"},{"floor":5,"key":"DuplicationPotion"},{"floor":8,"key":"GamblersBrew"},{"floor":14,"key":"Fire Potion"},{"floor":16,"key":"Weak Potion"},{"floor":22,"key":"DuplicationPotion"},{"floor":24,"key":"FairyPotion"},{"floor":28,"key":"EntropicBrew"},{"floor":35,"key":"Strength Potion"},{"floor":38,"key":"ElixirPotion"},{"floor":39,"key":"Fire Potion"}],"is_trial":false,"path_per_floor":["M","M","M","$","?","E","R","M","T","E","M","R","M","M","R","B",null,"M","M","?","$","M","R","E","R","T","M","E","M","E","M","R","B",null,"M","?","$","M","M","R","M","R","T","R","?","?","?","E","R","B",null],"character_chosen":"IRONCLAD","items_purchased":["HandDrill","HornCleat","Regal Pillow","Reaper"],"campfire_rested":5,"item_purchase_floors":[4,21,37,37],"current_hp_per_floor":[78,77,65,65,65,67,67,65,65,43,36,60,66,72,72,19,65,51,41,41,41,32,56,42,70,70,61,58,61,60,61,61,48,83,64,64,64,56,49,92,92,92,92,92,92,92,92,39,82,24],"gold":25,"neow_bonus":"RANDOM_COMMON_RELIC","is_daily":false,"chose_seed":false,"campfire_upgraded":3,"win_rate":0.0,"timestamp":1611638860,"path_taken":["M","M","M","$","?","E","R","M","T","E","M","R","M","M","R","BOSS","M","?","?","$","M","R","E","R","T","M","E","?","E","?","R","BOSS","M","?","$","M","M","R","M","R","T","R","?","?","?","E","R","BOSS"],"items_purchased_type":["Relic","Relic","Relic","Card"],"build_version":"2020-12-22","purchased_purges":1,"victory":true,"max_hp_per_floor":[80,80,80,80,80,80,80,80,80,80,80,80,80,80,80,80,80,80,80,80,80,80,80,94,94,94,94,94,94,94,94,94,94,94,94,94,94,94,94,94,94,94,94,94,94,94,94,94,94,94],"card_choices":[{"not_picked":["Infernal Blade","Clash"],"picked":"Rampage","floor":1},{"not_picked":["Heavy Blade","Infernal Blade","Sword Boomerang"],"picked":"SKIP","floor":2},{"not_picked":["Armaments","Metallicize"],"picked":"Headbutt","floor":3},{"not_picked":["Infernal Blade","Anger"],"picked":"Pommel Strike","floor":6},{"not_picked":["Blood for Blood","Reaper"],"picked":"Iron Wave","floor":8},{"not_picked":["Hemokinesis","Infernal Blade"],"picked":"Carnage","floor":10},{"not_picked":["Heavy Blade","Infernal Blade"],"picked":"Anger","floor":11},{"not_picked":["Metallicize","Clash"],"picked":"Shrug It Off","floor":11},{"not_picked":["Disarm","Cleave"],"picked":"Uppercut","floor":13},{"not_picked":["Pommel Strike","Sword Boomerang"],"picked":"True Grit","floor":13},{"not_picked":["Warcry","Wild Strike"],"picked":"Twin Strike","floor":14},{"not_picked":["Iron Wave","Fire Breathing","Uppercut"],"picked":"SKIP","floor":14},{"not_picked":["Berserk","Offering"],"picked":"Barricade","floor":16},{"not_picked":["Perfected Strike+1","Pummel"],"picked":"Clothesline+1","floor":18},{"not_picked":["Searing Blow","Sword Boomerang","Twin Strike+1"],"picked":"SKIP","floor":18},{"not_picked":["Anger","Uppercut"],"picked":"Cleave","floor":19},{"not_picked":["Dark Embrace+1","True Grit+1","Pummel"],"picked":"SKIP","floor":19},{"not_picked":["Warcry","Hemokinesis"],"picked":"Battle Trance","floor":22},{"not_picked":["Cleave","Wild Strike","Iron Wave"],"picked":"SKIP","floor":22},{"not_picked":["Heavy Blade","Offering"],"picked":"Anger","floor":24},{"not_picked":["Cleave","Headbutt"],"picked":"Intimidate+1","floor":27},{"not_picked":["Warcry","Twin Strike+1"],"picked":"Havoc","floor":27},{"not_picked":["Headbutt","Inflame"],"picked":"Impervious","floor":28},{"not_picked":["Searing Blow+1","Blood for Blood"],"picked":"Power Through+1","floor":29},{"not_picked":["Iron Wave","Body Slam"],"picked":"Armaments+1","floor":29},{"not_picked":["Battle Trance","Seeing Red+1"],"picked":"Evolve+1","floor":30},{"not_picked":["Headbutt","Sword Boomerang","Twin Strike"],"picked":"SKIP","floor":31},{"not_picked":["Pommel Strike","Wild Strike","True Grit"],"picked":"SKIP","floor":31},{"not_picked":["Barricade","Impervious"],"picked":"Limit Break","floor":33},{"not_picked":["Dark Embrace","Warcry"],"picked":"Body Slam","floor":35},{"not_picked":["Whirlwind+1","Searing Blow","Clothesline+1"],"picked":"SKIP","floor":35},{"not_picked":["Rage+1","Spot Weakness"],"picked":"Flex+1","floor":36},{"not_picked":["Battle Trance","Intimidate"],"picked":"Shrug It Off","floor":38},{"not_picked":["Rupture","Whirlwind+1","Burning Pact"],"picked":"SKIP","floor":38},{"not_picked":["Havoc","Clash+1"],"picked":"Infernal Blade+1","floor":39},{"not_picked":["Second Wind","Exhume","Twin Strike"],"picked":"SKIP","floor":39},{"not_picked":["Wild Strike+1","Evolve+1"],"picked":"Heavy Blade","floor":41},{"not_picked":["Carnage","Intimidate","Armaments+1"],"picked":"SKIP","floor":41},{"not_picked":["Deep Breath","PanicButton"],"picked":"Mayhem","floor":47},{"not_picked":["Sentinel+1","Entrench+1","Shrug It Off"],"picked":"SKIP","floor":48}],"player_experience":502283,"relics_obtained":[{"floor":6,"key":"Gremlin Horn"},{"floor":9,"key":"Mummified Hand"},{"floor":10,"key":"Prayer Wheel"},{"floor":24,"key":"Mango"},{"floor":26,"key":"Meat on the Bone"},{"floor":28,"key":"Nunchaku"},{"floor":30,"key":"Mercury Hourglass"},{"floor":36,"key":"Shovel"},{"floor":42,"key":"Bronze Scales"},{"floor":43,"key":"Pen Nib"},{"floor":44,"key":"Boot"},{"floor":48,"key":"Letter Opener"}],"event_choices":[{"damage_healed":0,"gold_gain":0,"player_choice":"Got Potions","damage_taken":0,"max_hp_gain":0,"max_hp_loss":0,"event_name":"Lab","floor":5,"gold_loss":0},{"damage_healed":0,"gold_gain":100,"player_choice":"Pray","damage_taken":0,"max_hp_gain":0,"max_hp_loss":0,"event_name":"Golden Shrine","floor":20,"gold_loss":0},{"damage_healed":0,"gold_gain":0,"player_choice":"Fight","damage_taken":0,"max_hp_gain":0,"max_hp_loss":0,"event_name":"MindBloom","floor":36,"gold_loss":0},{"cards_removed":["Sever Soul"],"damage_healed":0,"gold_gain":0,"player_choice":"Removed Attack","damage_taken":0,"max_hp_gain":0,"max_hp_loss":0,"event_name":"Falling","floor":45,"gold_loss":0},{"damage_healed":0,"gold_gain":0,"player_choice":"Paid","damage_taken":0,"relics_obtained":["Red Mask"],"max_hp_gain":0,"max_hp_loss":0,"event_name":"Tomb of Lord Red Mask","floor":46,"gold_loss":128},{"damage_healed":0,"gold_gain":0,"player_choice":"Memory 1","damage_taken":0,"max_hp_gain":0,"max_hp_loss":0,"event_name":"SensoryStone","floor":47,"gold_loss":0}],"is_beta":false,"boss_relics":[{"not_picked":["SlaversCollar","Fusion Hammer"],"picked":"Pandora\u0027s Box"},{"not_picked":["Cursed Key","Coffee Dripper"],"picked":"SacredBark"}],"items_purged_floors":[21],"is_endless":false,"potions_floor_spawned":[1,8,14,16,22,24,28,35,38,39,41],"ascension_level":8}}