{"host":"4ozijidc6e3a2l57","time":1611687898,"event":{"mods":["AchievementEnabler","BaseMod","Colored Map","Colored Powertips","DeckTracker","Friendly Minions","Minty Spire (QoL Compilation)","Quick Restart","StSLib","Synergy Search"],"gold_per_floor":[116,129,149,149,165,193,193,210,210,20,20,20,38,54,54,151,151,163,20,119,129,154,165,165,165],"floor_reached":24,"language":"ENG","playtime":858,"items_purged":[],"score":200,"play_id":"7222d742-af01-4c81-8cd1-93ebe7aafe04","local_time":"20210126110458","is_ascension_mode":false,"campfire_choices":[{"floor":7.0,"key":"REST"},{"floor":12.0,"key":"REST"},{"data":"Eruption","floor":15.0,"key":"SMITH"}],"circlet_count":0,"master_deck":["Strike_P","Strike_P","Strike_P","Strike_P","Defend_P","Defend_P","Defend_P","Defend_P","Eruption+1","Vigilance","FlyingSleeves","Prostrate","Halt","FlyingSleeves","Tantrum","Conclude","Worship","EmptyBody","Worship","Scrawl","Worship+1","SandsOfTime","Meditate","LikeWater"],"relics":["PureWater","Kunai","Art of War","Regal Pillow","Anchor","Philosopher\u0027s Stone","Happy Flower","Red Mask"],"acts_visited":["Exordium","TheCity"],"potions_floor_usage":[],"damage_taken":[{"damage":0.0,"enemies":"Cultist","floor":1.0,"turns":2.0},{"damage":2.0,"enemies":"Small Slimes","floor":2.0,"turns":4.0},{"damage":2.0,"enemies":"2 Louse","floor":3.0,"turns":2.0},{"damage":4.0,"enemies":"Blue Slaver","floor":5.0,"turns":3.0},{"damage":64.0,"enemies":"Gremlin Nob","floor":6.0,"turns":4.0},{"damage":2.0,"enemies":"Exordium Wildlife","floor":8.0,"turns":4.0},{"damage":0.0,"enemies":"2 Fungi Beasts","floor":13.0,"turns":2.0},{"damage":0.0,"enemies":"Large Slime","floor":14.0,"turns":3.0},{"damage":25.0,"enemies":"Slime Boss","floor":16.0,"turns":6.0},{"damage":19.0,"enemies":"2 Thieves","floor":18.0,"turns":3.0},{"damage":0.0,"enemies":"Chosen","floor":21.0,"turns":4.0},{"damage":42.0,"enemies":"Masked Bandits","floor":22.0,"turns":4.0},{"damage":0,"enemies":"Snecko","floor":23,"turns":3},{"damage":0,"enemies":"Chosen and Byrds","floor":24,"turns":1}],"seed_played":"-5231822202681251085","potions_obtained":[{"floor":2.0,"key":"SpeedPotion"},{"floor":6.0,"key":"LiquidBronze"},{"floor":13.0,"key":"AttackPotion"},{"floor":14.0,"key":"BlessingOfTheForge"},{"floor":23,"key":"StancePotion"}],"is_trial":false,"path_per_floor":["M","M","M","?","M","E","R","M","T","$","T","R","M","M","R","B",null,"M","$","?","M","?","M","M"],"character_chosen":"WATCHER","items_purchased":["Worship","Regal Pillow","Happy Flower"],"campfire_rested":2,"item_purchase_floors":[10,10,19],"current_hp_per_floor":[79,77,75,75,71,7,30,28,28,28,28,66,66,66,66,41,79,60,60,60,60,18,18,18,18],"gold":165,"neow_bonus":"TEN_PERCENT_HP_BONUS","is_daily":false,"chose_seed":false,"campfire_upgraded":1,"win_rate":0.0,"timestamp":1611687898,"path_taken":["M","M","M","?","?","E","R","M","T","$","?","R","M","M","R","BOSS","M","$","?","M","?","M","M"],"items_purchased_type":["Card","Relic","Relic"],"build_version":"2020-12-22","purchased_purges":0,"victory":false,"max_hp_per_floor":[79,79,79,79,79,79,79,79,79,79,79,79,79,79,79,79,79,79,79,79,79,79,79,79,79],"card_choices":[{"not_picked":["FearNoEvil","EmptyFist"],"picked":"FlyingSleeves","floor":1.0},{"not_picked":["EmptyBody","ClearTheMind"],"picked":"Prostrate","floor":2.0},{"not_picked":["InnerPeace","EmptyMind"],"picked":"Halt","floor":3.0},{"not_picked":["CrushJoints","LikeWater"],"picked":"FlyingSleeves","floor":5.0},{"not_picked":["ClearTheMind","Omniscience"],"picked":"Tantrum","floor":6.0},{"not_picked":["WaveOfTheHand","Tantrum"],"picked":"Conclude","floor":8.0},{"not_picked":["Protect","ClearTheMind"],"picked":"EmptyBody","floor":13.0},{"not_picked":["Adaptation","Halt"],"picked":"Worship","floor":14.0},{"not_picked":["Omniscience","MasterReality"],"picked":"Scrawl","floor":16.0},{"not_picked":["JustLucky","SashWhip"],"picked":"Worship+1","floor":18.0},{"not_picked":["BattleHymn","LikeWater"],"picked":"SandsOfTime","floor":21.0},{"not_picked":["Tantrum","PathToVictory"],"picked":"Meditate","floor":22.0},{"not_picked":["Tantrum+1","InnerPeace"],"picked":"LikeWater","floor":23}],"player_experience":230444,"relics_obtained":[{"floor":6.0,"key":"Kunai"},{"floor":9.0,"key":"Art of War"},{"floor":11.0,"key":"Anchor"},{"floor":22.0,"key":"Red Mask"}],"event_choices":[{"cards_removed":["Skim"],"damage_healed":0.0,"max_hp_gain":0.0,"max_hp_loss":0.0,"gold_gain":0.0,"event_name":"NoteForYourself","player_choice":"Took Card","floor":4.0,"gold_loss":0.0,"damage_taken":0.0,"cards_obtained":["Skim"]},{"damage_healed":0.0,"max_hp_gain":0.0,"max_hp_loss":0.0,"gold_gain":99.0,"event_name":"Nest","player_choice":"Stole From Cult","floor":20.0,"gold_loss":0.0,"damage_taken":0.0},{"damage_healed":0.0,"max_hp_gain":0.0,"max_hp_loss":0.0,"gold_gain":0.0,"event_name":"Masked Bandits","player_choice":"Fought Bandits","floor":22.0,"gold_loss":0.0,"damage_taken":0.0}],"is_beta":false,"boss_relics":[{"not_picked":["Runic Dome","Pandora\u0027s Box"],"picked":"Philosopher\u0027s Stone"}],"items_purged_floors":[],"is_endless":false,"potions_floor_spawned":[2,6,13,14,18,23],"killed_by":"Chosen and Byrds","ascension_level":0}}