{"host":"sitjkmnle4og3x94","time":1611664080,"event":{"mods":["ATMod(°¢èªMod)","Act Like it!","BaseMod","Block Reminder","Downfall","Halation","Hubris","Library of Ruina","Library of Ruina Extra","Minty Spire (QoL Compilation)","MostiFishMod","Replay The Spire","StSLib","The Marked","Waifu the Spire","¡¾ÒÅÎï¿¨ÅÆ¡¿REMEMod"],"gold_per_floor":[99,113,133,133,133,215,240,140,169,186,201,201,101,11,24,129,129,129,145,156,212,212,226,250,250,284,297,397,410,429,497,516,620,620,520,570,818,868,933,953,980,425,425,441,491,504,514,611,628,628,628,628,653,54,54,-96,-126],"floor_reached":58,"language":"ZHS","playtime":3570,"items_purged":["bronze:Strike","bronze:Strike","bronze:Strike"],"score":1483,"play_id":"ad624d47-bc34-43f2-ba00-3607f739f77d","local_time":"20210126202800","is_ascension_mode":true,"campfire_choices":[{"data":"MostiFishMod:Kaleido","floor":1.0,"key":"SMITH"},{"floor":8.0,"key":"RECALL"},{"data":"bronze:CloningBeam","floor":13.0,"key":"SMITH"},{"data":"bronze:Goto","floor":18.0,"key":"SMITH"},{"data":"bronze:Philosophize","floor":25.0,"key":"SMITH"},{"data":"bronze:HardenedForm","floor":35.0,"key":"SMITH"},{"data":"bronze:BuggyMess","floor":43.0,"key":"SMITH"},{"data":"bronze:HardenedForm","floor":55.0,"key":"SMITH"}],"circlet_count":0,"master_deck":["bronze:Defend","bronze:Defend","bronze:Defend","bronze:Defend","bronze:Replicate","bronze:Goto+1","AT_DarkMatter","MostiFishMod:Kaleido+1","bronze:FineTuning","bronze:WhirlingStrike","bronze:OilSpill","bronze:CloningBeam+1","bronze:NullPointer","bronze:BronzeArmor","bronze:HyperBeam","bronze:Shell","bronze:MaxOutput","bronze:Philosophize+1","bronze:Return+1","bronze:HardenedForm+1","bronze:HardenedForm+1","bronze:BuggyMess+1","bronze:Optimize","bronze:Assembly","bronze:ItsAFeature+1","bronze:Turbo+1","bronze:DelayedGuard+1","bronze:Allocate+1","bronze:Turbo","MostiFishMod:StoryBook"],"relics":["bronze:BronzeCore","AT_ATBox","DaveBox","REME_ComplimentaryCards","Oddly Smooth Stone","BirthdayGift-Icosahedron","hubris:Icosahedron","hubris:TenFootPole","Eternal Feather","downfall:HeartBlessingBlue","PageOfMercenary","downfall:HeartBlessingRed","HaiYi:Twilight","PageOfGreed","hubris:Towel","PageOfTheQueenOfHatred","PageOfTheKnightOfDespair","downfall:CloakOfManyFaces","CultistMask","FaceOfCleric","NlothsMask","GremlinMask","SsserpentHead","bronze:MakeshiftBattery","downfall:HeartBlessingGreen","halation:PinkSoulGem","PageOfLittleHelper","PageOfAspirationHeart","Blue Candle","PageOfTheSilentOrchestra","Prayer Wheel","Prayer Wheel","PageOfWrath","Gambling Chip"],"acts_visited":["Exordium","TheCity","TheBeyond","TheEnding"],"potions_floor_usage":[],"damage_taken":[{"damage":0.0,"enemies":"Small Slimes","floor":2.0,"turns":2.0},{"damage":0.0,"enemies":"Jaw Worm","floor":3.0,"turns":2.0},{"damage":0.0,"enemies":"Lagavulin","floor":9.0,"turns":3.0},{"damage":0.0,"enemies":"2 Louse","floor":10.0,"turns":1.0},{"damage":0.0,"enemies":"Blue Slaver","floor":11.0,"turns":1.0},{"damage":0.0,"enemies":"downfall:FleeingMerchant","floor":14.0,"turns":4.0},{"damage":0.0,"enemies":"Lots of Slimes","floor":15.0,"turns":1.0},{"damage":3.0,"enemies":"WA_ARCHETYPE_RETAIN","floor":16.0,"turns":3.0},{"damage":0.0,"enemies":"Spheric Guardian","floor":19.0,"turns":1.0},{"damage":0.0,"enemies":"3 Byrds","floor":20.0,"turns":1.0},{"damage":0.0,"enemies":"downfall:FleeingMerchant","floor":21.0,"turns":1.0},{"damage":0.0,"enemies":"Snake Plant","floor":23.0,"turns":2.0},{"damage":0.0,"enemies":"Book of Stabbing","floor":26.0,"turns":2.0},{"damage":7.0,"enemies":"Cultist and Chosen","floor":27.0,"turns":3.0},{"damage":1.0,"enemies":"downfall:FaceTrader","floor":28.0,"turns":2.0},{"damage":0.0,"enemies":"Shelled Parasite and Fungi","floor":29.0,"turns":4.0},{"damage":2.0,"enemies":"3 Cultists","floor":30.0,"turns":2.0},{"damage":0.0,"enemies":"Snake Plant","floor":31.0,"turns":3.0},{"damage":0.0,"enemies":"Snecko","floor":32.0,"turns":3.0},{"damage":21.0,"enemies":"SI_MIRROR_ARCHETYPE","floor":33.0,"turns":5.0},{"damage":0.0,"enemies":"Orb Walker","floor":39.0,"turns":2.0},{"damage":1.0,"enemies":"3 Shapes","floor":40.0,"turns":2.0},{"damage":0.0,"enemies":"3 Darklings","floor":44.0,"turns":2.0},{"damage":0.0,"enemies":"Jaw Worm Horde","floor":46.0,"turns":1.0},{"damage":0.0,"enemies":"Sphere and 2 Shapes","floor":47.0,"turns":2.0},{"damage":0.0,"enemies":"2 Orb Walkers","floor":48.0,"turns":1.0},{"damage":0.0,"enemies":"Writhing Mass","floor":49.0,"turns":2.0},{"damage":0.0,"enemies":"DF_ARCHETYPE_ORBS","floor":50.0,"turns":1.0},{"damage":0.0,"enemies":"downfall:CharBossMerchant","floor":53.0,"turns":3.0},{"damage":2.0,"enemies":"downfall:NeowBoss","floor":56.0,"turns":9.0},{"damage":16,"enemies":"downfall:NeowBossFinal","floor":57,"turns":5}],"seed_played":"3250451251095921113","potions_obtained":[{"floor":10.0,"key":"Swift Potion"},{"floor":16.0,"key":"GamblersBrew"},{"floor":23.0,"key":"DistilledChaos"},{"floor":33.0,"key":"Doom Potion"}],"is_trial":false,"path_per_floor":["R","M","M","?","?","T","T","R","E","M","M","?","R","$","M","B",null,"R","M","M","$","?","M","T","R","E","M","?","M","M","M","M","B",null,"R","?","?","?","M","M","T","$","R","M","?","M","M","?","M","B",null,null,"E","$","R","B","B",null],"character_chosen":"THE_AUTOMATON","items_purchased":["PageOfGreed","bronze:Assembly","PageOfAspirationHeart","MostiFishMod:StoryBook","Gambling Chip"],"campfire_rested":0,"item_purchase_floors":[21,42,42,54,54],"current_hp_per_floor":[70,70,70,70,52,52,52,68,69,70,71,71,80,80,80,78,80,80,80,80,80,80,80,80,80,80,80,80,81,84,85,86,87,87,87,87,70,70,88,89,89,102,102,103,101,104,105,106,107,108,108,108,109,109,109,110,111],"gold":-126,"neow_bonus":"RANDOM_COMMON_RELIC","is_daily":false,"chose_seed":false,"campfire_upgraded":7,"win_rate":0.0,"timestamp":1611664080,"path_taken":["R","M","M","?","?","?","T","R","E","M","?","?","R","?","M","BOSS","R","M","M","$","?","M","T","R","E","M","?","M","M","?","M","BOSS","R","?","?","?","?","M","T","$","R","M","?","M","M","?","M","BOSS","E","$","R","BOSS","BOSS"],"items_purchased_type":["Relic","Card","Relic","Card","Relic"],"build_version":"2020-12-22","purchased_purges":3,"victory":true,"max_hp_per_floor":[70,70,70,70,70,70,70,80,80,80,80,80,80,80,80,80,80,80,80,80,80,80,80,80,80,80,80,80,81,84,85,86,87,87,87,87,87,87,88,89,89,102,102,103,103,104,105,106,107,108,108,108,109,109,109,110,111],"card_choices":[{"not_picked":["bronze:BugBarrage","bronze:Iterate"],"picked":"bronze:FineTuning","floor":2.0},{"not_picked":["bronze:Deprecate","bronze:ForceShield","bronze:ClassDefault"],"picked":"bronze:WhirlingStrike","floor":3.0},{"not_picked":["bronze:WildBeam","bronze:BugBarrage"],"picked":"bronze:Iterate","floor":9.0},{"not_picked":["bronze:Backtrace","bronze:Frontload"],"picked":"bronze:OilSpill","floor":10.0},{"not_picked":["bronze:Overheat","bronze:WhirlingStrike"],"picked":"bronze:CloningBeam","floor":11.0},{"not_picked":["bronze:ForLoop","bronze:Repair"],"picked":"bronze:NullPointer","floor":14.0},{"not_picked":["bronze:ForceShield","bronze:Frontload"],"picked":"bronze:BronzeArmor","floor":15.0},{"not_picked":["bronze:Verify","bronze:SpaghettiCode","bronze:ThunderWave"],"picked":"bronze:HyperBeam","floor":16.0},{"not_picked":["bronze:Overheat","bronze:Flail","bronze:ForLoop+1"],"picked":"SKIP","floor":19.0},{"not_picked":["bronze:WildBeam","bronze:CutThrough"],"picked":"bronze:Shell","floor":20.0},{"not_picked":["bronze:ClassDefault","bronze:Constructor"],"picked":"bronze:MaxOutput","floor":21.0},{"not_picked":["bronze:NullPointer+1","bronze:Frontload+1"],"picked":"bronze:Philosophize","floor":23.0},{"not_picked":["bronze:MaxOutput","bronze:Repulsor","bronze:Invalidate"],"picked":"SKIP","floor":26.0},{"not_picked":["bronze:DelayedGuard","bronze:WildBeam","bronze:DigitalCarnage"],"picked":"SKIP","floor":27.0},{"not_picked":["bronze:Fortify","bronze:Frontload","bronze:Allocate"],"picked":"bronze:Return+1","floor":28.0},{"not_picked":["bronze:Repair","bronze:Invalidate","bronze:Shield"],"picked":"SKIP","floor":29.0},{"not_picked":["bronze:BitShift","bronze:Deprecate"],"picked":"bronze:HardenedForm","floor":30.0},{"not_picked":["bronze:Repair","bronze:BitShift","bronze:Repulsor"],"picked":"SKIP","floor":31.0},{"not_picked":["bronze:Constructor","bronze:Overheat","bronze:Separator+1"],"picked":"SKIP","floor":32.0},{"not_picked":["bronze:FindAndReplace","bronze:HyperBeam"],"picked":"bronze:HardenedForm","floor":33.0},{"not_picked":["bronze:Overheat+1","bronze:Shell"],"picked":"bronze:BuggyMess","floor":37.0},{"not_picked":["bronze:Branch","bronze:Frontload","bronze:DelayedSlice+1"],"picked":"SKIP","floor":39.0},{"not_picked":["bronze:ChildClass","bronze:BitShift"],"picked":"bronze:Optimize","floor":40.0},{"not_picked":["bronze:NullPointer","bronze:CloningBeam"],"picked":"bronze:ItsAFeature+1","floor":44.0},{"not_picked":["bronze:Flail+1","bronze:Constructor"],"picked":"bronze:Turbo+1","floor":46.0},{"not_picked":["bronze:FineTuning","bronze:OilSpill+1"],"picked":"bronze:DelayedGuard+1","floor":47.0},{"not_picked":["bronze:CutThrough+1","bronze:Repulsor"],"picked":"bronze:Allocate+1","floor":48.0},{"not_picked":["bronze:DarkDash","bronze:Frontload+1"],"picked":"bronze:Turbo","floor":49.0},{"not_picked":["bronze:Invalidate","bronze:Shield","bronze:Shell"],"picked":"SKIP","floor":49.0},{"not_picked":["bronze:DelayedSlice","bronze:Overload","bronze:Boost+1"],"picked":"SKIP","floor":53.0}],"player_experience":740435,"relics_obtained":[{"floor":6.0,"key":"Eternal Feather"},{"floor":9.0,"key":"PageOfMercenary"},{"floor":24.0,"key":"PageOfTheQueenOfHatred"},{"floor":26.0,"key":"PageOfTheKnightOfDespair"},{"floor":28.0,"key":"downfall:CloakOfManyFaces"},{"floor":41.0,"key":"PageOfLittleHelper"},{"floor":48.0,"key":"PageOfTheSilentOrchestra"},{"floor":53.0,"key":"PageOfWrath"}],"event_choices":[{"damage_healed":0.0,"max_hp_gain":0.0,"max_hp_loss":0.0,"gold_gain":0.0,"event_name":"Scrap Ooze","player_choice":"Success","floor":5.0,"gold_loss":0.0,"damage_taken":18.0,"relics_obtained":["hubris:TenFootPole"]},{"cards_removed":["bronze:Iterate"],"damage_healed":0.0,"max_hp_gain":0.0,"max_hp_loss":0.0,"gold_gain":0.0,"event_name":"Falling","player_choice":"Removed Attack","floor":36.0,"gold_loss":0.0,"damage_taken":0.0},{"damage_healed":0.0,"max_hp_gain":0.0,"max_hp_loss":0.0,"gold_gain":0.0,"event_name":"Mysterious Sphere","player_choice":"Fight","floor":48.0,"gold_loss":0.0,"damage_taken":0.0}],"is_beta":false,"boss_relics":[{"not_picked":["hubris:GrandSneckoEye","ChewingGum"],"picked":"HaiYi:Twilight"},{"not_picked":["Kintsugi","halation:ForbiddenBikini"],"picked":"bronze:MakeshiftBattery"}],"items_purged_floors":[14,42,54],"is_endless":false,"potions_floor_spawned":[10,16,23,27,29,31,32,33,40,47,48],"ascension_level":1}}