{"host":"yzlg3mitc00v31o1","time":1611632427,"event":{"mods":["AchievementEnabler","BaseMod","BetterRewards","DeckTracker","Gold Saver","KOR Keyword Fix","Minty Spire (QoL Compilation)","Remove Card Discount Mod","Spicy Shops","StSLib","SuperFastMode"],"gold_per_floor":[116,191,191,207,224,224,224,224],"floor_reached":7,"language":"KOR","playtime":209,"items_purged":[],"score":41,"play_id":"9738e3f9-b512-40b9-acb1-859f8e08f80f","local_time":"20210126124027","is_ascension_mode":false,"campfire_choices":[{"data":"Prostrate","floor":6,"key":"SMITH"}],"circlet_count":0,"master_deck":["Strike_P","Strike_P","Strike_P","Strike_P","Defend_P","Defend_P","Defend_P","Defend_P","Eruption","Vigilance","Pain","Prostrate+1"],"relics":["PureWater","WarpedTongs"],"acts_visited":["Exordium"],"potions_floor_usage":[7],"damage_taken":[{"damage":3,"enemies":"Jaw Worm","floor":1,"turns":6},{"damage":2,"enemies":"2 Louse","floor":4,"turns":2},{"damage":2,"enemies":"Cultist","floor":5,"turns":2},{"damage":61,"enemies":"3 Sentries","floor":7,"turns":6}],"seed_played":"-806366562893495275","potions_obtained":[{"floor":5,"key":"Strength Potion"}],"is_trial":false,"path_per_floor":["M","?","?","M","M","R","E"],"character_chosen":"WATCHER","items_purchased":[],"campfire_rested":0,"item_purchase_floors":[],"current_hp_per_floor":[76,65,65,63,61,61,0,0],"gold":224,"neow_bonus":"TEN_PERCENT_HP_BONUS","is_daily":false,"chose_seed":false,"campfire_upgraded":1,"win_rate":0.0,"timestamp":1611632427,"path_taken":["M","?","?","M","M","R","E"],"items_purchased_type":[],"build_version":"2020-12-22","purchased_purges":0,"victory":false,"max_hp_per_floor":[79,79,79,79,79,79,79,79],"card_choices":[{"not_picked":["JustLucky","Sanctity","DeceiveReality"],"picked":"SKIP","floor":1},{"not_picked":["Adaptation","WaveOfTheHand","ClearTheMind"],"picked":"SKIP","floor":4},{"not_picked":["Halt","CutThroughFate"],"picked":"Prostrate","floor":5}],"player_experience":91165,"relics_obtained":[],"event_choices":[{"damage_healed":0,"gold_gain":75,"player_choice":"Gather Gold","damage_taken":11,"max_hp_gain":0,"max_hp_loss":0,"event_name":"World of Goop","floor":2,"gold_loss":0},{"damage_healed":0,"gold_gain":0,"player_choice":"Rummage","damage_taken":0,"relics_obtained":["WarpedTongs"],"max_hp_gain":0,"max_hp_loss":0,"event_name":"Accursed Blacksmith","floor":3,"gold_loss":0,"cards_obtained":["Pain"]}],"is_beta":false,"boss_relics":[],"items_purged_floors":[],"is_endless":false,"potions_floor_spawned":[5],"killed_by":"3 Sentries","ascension_level":0}}