{"host":"uv5ws9rdk87e8i5k","time":1611628690,"event":{"mods":["AchievementEnabler","BaseMod","Colored Map","Minty Spire (QoL Compilation)","Permanent Neow","Quick Restart","StSLib","SuperFastMode","The Animator","The Cursed","The Hierophant","The Necromancer"],"gold_per_floor":[117,131,150,130,147,181,181,193,193,225,225,41,55,74,74,174,174,174,174],"floor_reached":18,"language":"ENG","playtime":381,"items_purged":[],"score":279,"play_id":"9d678951-f0c9-4f48-8ab7-7ad1e0cc4ab8","local_time":"20210125203810","is_ascension_mode":true,"campfire_choices":[{"data":"Seeing Red","floor":7,"key":"SMITH"},{"data":"Heavy Blade","floor":11,"key":"SMITH"},{"data":"Limit Break","floor":15,"key":"SMITH"}],"circlet_count":0,"master_deck":["Strike_R","Strike_R","Strike_R","Strike_R","Strike_R","Defend_R","Defend_R","Defend_R","Defend_R","Bash","Seeing Red+1","Headbutt","Heavy Blade+1","Limit Break+1","Pummel","Inflame","Heavy Blade","Havoc","Pommel Strike","Brutality"],"relics":["Burning Blood","Bird Faced Urn","Dead Branch","HornCleat","Toy Ornithopter","Philosopher\u0027s Stone"],"acts_visited":["Exordium","TheCity"],"potions_floor_usage":[6,8,10,16],"damage_taken":[{"damage":7,"enemies":"Small Slimes","floor":1,"turns":4},{"damage":6,"enemies":"Cultist","floor":2,"turns":3},{"damage":8,"enemies":"2 Louse","floor":3,"turns":2},{"damage":7,"enemies":"Looter","floor":5,"turns":3},{"damage":25,"enemies":"Lagavulin","floor":6,"turns":7},{"damage":0,"enemies":"2 Fungi Beasts","floor":8,"turns":2},{"damage":12,"enemies":"3 Sentries","floor":10,"turns":6},{"damage":3,"enemies":"Exordium Thugs","floor":13,"turns":3},{"damage":10,"enemies":"3 Louse","floor":14,"turns":3},{"damage":11,"enemies":"Hexaghost","floor":16,"turns":4},{"damage":0,"enemies":"3 Byrds","floor":18,"turns":1}],"seed_played":"8610079289371135965","potions_obtained":[{"floor":2,"key":"Fire Potion"},{"floor":3,"key":"FairyPotion"},{"floor":4,"key":"CultistPotion"},{"floor":8,"key":"Weak Potion"},{"floor":13,"key":"BlessingOfTheForge"},{"floor":14,"key":"SteroidPotion"}],"is_trial":false,"path_per_floor":["M","M","M","?","M","E","R","M","T","E","R","$","M","M","R","B",null,"M"],"character_chosen":"IRONCLAD","items_purchased":["Inflame","Heavy Blade","Havoc"],"campfire_rested":0,"item_purchase_floors":[12,12,12],"current_hp_per_floor":[50,50,48,48,47,28,28,34,34,28,28,28,33,31,31,35,69,71,71],"gold":174,"neow_bonus":"ONE_RARE_RELIC","is_daily":false,"chose_seed":false,"campfire_upgraded":3,"win_rate":0.0,"timestamp":1611628690,"path_taken":["M","M","M","?","M","E","R","M","T","E","R","?","M","M","R","BOSS","M"],"items_purchased_type":["Card","Card","Card"],"build_version":"2020-12-22","purchased_purges":0,"victory":false,"max_hp_per_floor":[80,80,80,80,80,80,80,80,80,80,80,80,80,80,80,80,80,80,80],"card_choices":[{"not_picked":["Armaments","Carnage"],"picked":"Seeing Red","floor":1},{"not_picked":["Anger","Sword Boomerang"],"picked":"Headbutt","floor":2},{"not_picked":["Twin Strike","Intimidate"],"picked":"Heavy Blade","floor":3},{"not_picked":["Power Through","Rage"],"picked":"Limit Break","floor":5},{"not_picked":["Rampage","Iron Wave"],"picked":"Pummel","floor":6},{"not_picked":["True Grit","Flame Barrier","Clash"],"picked":"SKIP","floor":8},{"not_picked":["Dark Embrace","Sever Soul","Thunderclap"],"picked":"SKIP","floor":10},{"not_picked":["Feel No Pain","Combust","Evolve"],"picked":"SKIP","floor":13},{"not_picked":["Burning Pact","True Grit"],"picked":"Pommel Strike","floor":14},{"not_picked":["Barricade","Corruption"],"picked":"Brutality","floor":16}],"player_experience":282654,"relics_obtained":[{"floor":6,"key":"Dead Branch"},{"floor":9,"key":"HornCleat"},{"floor":10,"key":"Toy Ornithopter"}],"event_choices":[{"damage_healed":0,"gold_gain":0,"player_choice":"Bought 1 Potion","damage_taken":0,"max_hp_gain":0,"max_hp_loss":0,"event_name":"The Woman in Blue","floor":4,"gold_loss":0}],"is_beta":false,"boss_relics":[{"not_picked":["Runic Cube","Fusion Hammer"],"picked":"Philosopher\u0027s Stone"}],"items_purged_floors":[],"is_endless":false,"potions_floor_spawned":[2,3,8,13,14],"killed_by":"3 Byrds","ascension_level":8}}