{"host":"h4qgcirtxz6qax9j","time":1611678839,"event":{"mods":["2.2 Compatiblity","AchievementEnabler","BaseMod","Colored Powertips","Custom Start","Hermit","Marisa£¨Ùöéë¡¡Øª×âÞÞ£©","Minty Spire (QoL Compilation)","Replay The Spire","StSLib","SuperFastMode","The Servant 0.9.4"],"gold_per_floor":[116,135,135,135,149,149,339,357,402,253,269,269,279,291,291,391,391,407,112,123,123,138,172,172,172,199,114,114,126,138,149,149,248,248,263,277,295,245,265,265,285,285,285,285,299,299,299,399,399,399,399],"floor_reached":50,"language":"KOR","playtime":1316,"items_purged":[],"score":483,"play_id":"048b027f-8397-4df9-b40f-ea1aeae5b153","local_time":"20210127013359","is_ascension_mode":false,"campfire_choices":[{"data":"LuminesStrike","floor":6,"key":"SMITH"},{"floor":12,"key":"REST"},{"floor":15,"key":"REST"},{"data":"MaximisePower","floor":25,"key":"SMITH"},{"data":"GrandCross","floor":28,"key":"SMITH"},{"floor":32,"key":"REST"},{"floor":40,"key":"REST"},{"floor":42,"key":"REST"},{"floor":44,"key":"REST"},{"data":"MasterSpark","floor":46,"key":"SMITH"},{"data":"LuminesStrike","floor":49,"key":"SMITH"}],"circlet_count":0,"master_deck":["Strike_MRS","Strike_MRS","Strike_MRS","Strike_MRS","Defend_MRS","Defend_MRS","Defend_MRS","Defend_MRS","MasterSpark+1","UpSweep","DC","LuminesStrike+1","GrandCross+1","LuminesStrike","ManaRampage+1","GalacticHalo","EarthLightRay","MaximisePower+1","LuminesStrike+1","GrandCross","PulseMagic+1","LuminesStrike+1"],"relics":["MiniHakkero","ReplayTheSpireMod:DimensionalGlitch","Runic Pyramid","MealTicket","Toy Ornithopter","HandDrill","SacredBark","Durian","Bag of Preparation","Potion Belt","Pet Ghost","SlaversCollar","Eternal Feather"],"acts_visited":["Exordium","TheCity","TheBeyond"],"potions_floor_usage":[37,39,39,41,50,50,50],"damage_taken":[{"damage":1,"enemies":"Jaw Worm","floor":1,"turns":3},{"damage":5,"enemies":"Small Slimes","floor":2,"turns":3},{"damage":6,"enemies":"Cultist","floor":5,"turns":3},{"damage":17,"enemies":"Gremlin Gang","floor":8,"turns":4},{"damage":6,"enemies":"Exordium Thugs","floor":11,"turns":3},{"damage":0,"enemies":"Large Slime","floor":13,"turns":3},{"damage":2,"enemies":"Blue Slaver","floor":14,"turns":2},{"damage":60,"enemies":"The Guardian","floor":16,"turns":7},{"damage":0,"enemies":"Chosen","floor":18,"turns":4},{"damage":0,"enemies":"Spheric Guardian","floor":20,"turns":3},{"damage":9,"enemies":"Cultist and Chosen","floor":22,"turns":4},{"damage":10,"enemies":"Slavers","floor":23,"turns":2},{"damage":2,"enemies":"Centurion and Healer","floor":29,"turns":2},{"damage":0,"enemies":"Chosen and Byrds","floor":30,"turns":2},{"damage":6,"enemies":"3 Cultists","floor":31,"turns":3},{"damage":24,"enemies":"Champ","floor":33,"turns":4},{"damage":5,"enemies":"Orb Walker","floor":35,"turns":2},{"damage":54,"enemies":"3 Shapes","floor":36,"turns":3},{"damage":7,"enemies":"3 Darklings","floor":37,"turns":4},{"damage":20,"enemies":"Sphere and 2 Shapes","floor":39,"turns":3},{"damage":34,"enemies":"Transient","floor":41,"turns":5},{"damage":10,"enemies":"Writhing Mass","floor":45,"turns":5},{"damage":116,"enemies":"Time Eater","floor":50,"turns":9}],"seed_played":"121870336505617666","potions_obtained":[{"floor":1,"key":"EntropicBrew"},{"floor":2,"key":"Energy Potion"},{"floor":5,"key":"Weak Potion"},{"floor":20,"key":"LifebloodPotion"},{"floor":22,"key":"Languid Potion"},{"floor":31,"key":"Elixir"},{"floor":33,"key":"ColorlessPotion"},{"floor":39,"key":"PowerPotion"},{"floor":45,"key":"Regen Potion"}],"is_trial":false,"path_per_floor":["M","M","?","$","M","R","?","M","T","$","M","R","M","M","R","B",null,"M","$","M","?","M","E","?","R","T","?","R","M","M","M","R","B",null,"M","M","M","$","M","R","M","R","T","R","M","R","?","?","R","B"],"character_chosen":"MARISA","items_purchased":["HandDrill","Durian","GrandCross"],"campfire_rested":6,"item_purchase_floors":[10,19,38],"current_hp_per_floor":[74,69,62,75,69,69,39,22,22,37,31,53,53,51,73,15,75,75,80,80,80,71,63,63,63,63,63,63,61,63,59,80,58,80,75,23,21,36,24,48,19,43,43,79,70,80,80,80,80,0,0],"gold":399,"neow_bonus":"DOUBLE_BOSS_RELIC","is_daily":false,"chose_seed":false,"campfire_upgraded":5,"win_rate":0.0,"timestamp":1611678839,"path_taken":["M","M","?","$","M","R","?","M","T","$","?","R","M","?","R","BOSS","M","$","M","?","?","E","?","R","T","?","R","M","M","M","R","BOSS","M","M","M","$","M","R","M","R","T","R","M","R","?","?","R","BOSS"],"items_purchased_type":["Relic","Relic","Card"],"build_version":"2020-12-22","purchased_purges":0,"victory":false,"max_hp_per_floor":[75,75,75,75,75,75,75,75,75,75,75,75,75,75,75,75,75,75,80,80,80,80,80,80,80,80,80,80,80,80,80,80,80,80,80,80,80,80,80,80,80,80,80,80,80,80,80,80,80,80,80],"card_choices":[{"not_picked":["OneTimeOff","SporeBomb"],"picked":"DC","floor":1},{"not_picked":["AsteroidBelt","DarkSpark"],"picked":"LuminesStrike","floor":2},{"not_picked":["MysteriousBeam","Occultation","SporeBomb"],"picked":"SKIP","floor":5},{"not_picked":["SporeBomb","WitchOfGreed"],"picked":"GrandCross","floor":7},{"not_picked":["MagicAbsorber","Singularity"],"picked":"LuminesStrike","floor":8},{"not_picked":["PulseMagic","SporeBomb"],"picked":"ManaRampage","floor":11},{"not_picked":["NonDirectionalLaser","DC"],"picked":"GalacticHalo","floor":13},{"not_picked":["WitchOfGreed","ManaConvection"],"picked":"EarthLightRay","floor":14},{"not_picked":["BlazingStar","BigCrunch"],"picked":"MaximisePower","floor":16},{"not_picked":["Singularity","Robbery","SporeBomb"],"picked":"SKIP","floor":18},{"not_picked":["SporeBomb+1","WitchLeyline","EventHorizon"],"picked":"SKIP","floor":20},{"not_picked":["BlazeAway+1","NonDirectionalLaser","GalacticHalo"],"picked":"SKIP","floor":22},{"not_picked":["SprinkleStarSeal","EnergyFlow","WitchOfGreed"],"picked":"SKIP","floor":23},{"not_picked":["MilkyWay","EarthLightRay","PowerUp"],"picked":"SKIP","floor":29},{"not_picked":["AlicesGift+1","Singularity"],"picked":"LuminesStrike","floor":30},{"not_picked":["Occultation","DC","MysteriousBeam"],"picked":"SKIP","floor":31},{"not_picked":["SuperPerseids","ShootingEcho+1","WitchLeyline+1"],"picked":"SKIP","floor":35},{"not_picked":["WitchLeyline+1","Robbery","GasGiant"],"picked":"SKIP","floor":36},{"not_picked":["WitchOfGreed","OrrerysSun+1","BlazeAway"],"picked":"SKIP","floor":37},{"not_picked":["PowerUp","ShootingEcho+1"],"picked":"PulseMagic+1","floor":39},{"not_picked":["ChargingUp+1","MagicChant"],"picked":"LuminesStrike+1","floor":41},{"not_picked":["UnstableBomb","Occultation","OrrerysSun"],"picked":"SKIP","floor":45}],"player_experience":106205,"relics_obtained":[{"floor":9,"key":"Toy Ornithopter"},{"floor":23,"key":"Bag of Preparation"},{"floor":26,"key":"Potion Belt"},{"floor":43,"key":"Eternal Feather"}],"event_choices":[{"damage_healed":0,"gold_gain":0,"player_choice":"Success","damage_taken":7,"relics_obtained":["MealTicket"],"max_hp_gain":0,"max_hp_loss":0,"event_name":"Scrap Ooze","floor":3,"gold_loss":0},{"damage_healed":0,"gold_gain":0,"player_choice":"Forge","damage_taken":0,"max_hp_gain":0,"max_hp_loss":0,"event_name":"Accursed Blacksmith","floor":21,"gold_loss":0,"cards_upgraded":["ManaRampage"]},{"damage_healed":0,"gold_gain":0,"player_choice":"Ignored","damage_taken":0,"max_hp_gain":0,"max_hp_loss":0,"event_name":"Cursed Tome","floor":24,"gold_loss":0},{"damage_healed":0,"gold_gain":0,"player_choice":"Obtained Relic","damage_taken":0,"relics_obtained":["Pet Ghost"],"max_hp_gain":0,"max_hp_loss":0,"event_name":"Addict","floor":27,"gold_loss":85},{"damage_healed":0,"gold_gain":0,"player_choice":"Memory 1","damage_taken":0,"max_hp_gain":0,"max_hp_loss":0,"event_name":"SensoryStone","floor":47,"gold_loss":0},{"damage_healed":0,"gold_gain":100,"player_choice":"Pray","damage_taken":0,"max_hp_gain":0,"max_hp_loss":0,"event_name":"Golden Shrine","floor":48,"gold_loss":0}],"is_beta":false,"boss_relics":[{"not_picked":["Replay:Wanted Poster","Philosopher\u0027s Stone"],"picked":"SacredBark"},{"not_picked":["Busted Crown","Astrolabe"],"picked":"SlaversCollar"}],"items_purged_floors":[],"is_endless":false,"potions_floor_spawned":[1,2,5,20,22,23,31,33,39,45],"killed_by":"Time Eater","ascension_level":0}}