{"host":"6q94iy5iz6612v89","time":1611640045,"event":{"mods":["2.2 Compatiblity","AchievementEnabler","BaseMod","Colored Map","DeckTracker","Keyboard Shortcuts","Marisa£¨Ùöéë¡¡Øª×âÞÞ£©","Minty Spire (QoL Compilation)","Permanent Neow","StSLib","SuperFastMode"],"gold_per_floor":[219,235,235,80,80,111,111,111,111,111,147,147,47,72,72,72,72],"floor_reached":16,"language":"KOR","playtime":259,"items_purged":["Strike_MRS","Strike_MRS"],"score":163,"play_id":"d9eefe01-d030-45d1-bd99-76f00b8497ea","local_time":"20210126144725","is_ascension_mode":true,"campfire_choices":[{"floor":7,"key":"REST"},{"data":"MasterSpark","floor":10,"key":"SMITH"},{"data":"StarBarrage","floor":12,"key":"SMITH"},{"data":"GalacticHalo","floor":15,"key":"SMITH"}],"circlet_count":0,"master_deck":["Strike_MRS","Strike_MRS","Defend_MRS","Defend_MRS","Defend_MRS","Defend_MRS","MasterSpark+1","UpSweep","GalacticHalo+1","StarBarrage+1","UltimateShortwave","PropBag"],"relics":["MiniHakkero","Golden Idol","Sundial","Strawberry","AmplifyWand","Mango","Gremlin Horn"],"acts_visited":["Exordium"],"potions_floor_usage":[11],"damage_taken":[{"damage":18,"enemies":"Small Slimes","floor":1,"turns":4},{"damage":6,"enemies":"2 Louse","floor":2,"turns":2},{"damage":38,"enemies":"Gremlin Nob","floor":6,"turns":5},{"damage":11,"enemies":"3 Sentries","floor":11,"turns":8},{"damage":7,"enemies":"Jaw Worm","floor":14,"turns":2},{"damage":26,"enemies":"Hexaghost","floor":16,"turns":9}],"seed_played":"2879029121571141949","potions_obtained":[{"floor":6,"key":"SteroidPotion"}],"is_trial":false,"path_per_floor":["M","M","?","$","?","E","R","?","T","R","E","R","$","M","R","B"],"character_chosen":"MARISA","items_purchased":["StarBarrage"],"campfire_rested":1,"item_purchase_floors":[4],"current_hp_per_floor":[50,44,44,44,44,6,26,30,30,30,33,33,33,26,26,0,0],"gold":72,"neow_bonus":"HUNDRED_GOLD","is_daily":false,"chose_seed":false,"campfire_upgraded":3,"win_rate":0.0,"timestamp":1611640045,"path_taken":["M","M","?","$","?","E","R","?","T","R","E","R","$","M","R","BOSS"],"items_purchased_type":["Card"],"build_version":"2020-12-22","purchased_purges":2,"victory":false,"max_hp_per_floor":[75,75,75,75,69,69,69,76,76,76,90,90,90,90,90,90,90],"card_choices":[{"not_picked":["GrandCross","PulseMagic"],"picked":"GalacticHalo","floor":1},{"not_picked":["SporeBomb","PowerUp","MysteriousBeam"],"picked":"SKIP","floor":2},{"not_picked":["Singularity","DeepEcoloBomb"],"picked":"UltimateShortwave","floor":6},{"not_picked":["PowerUp","OpenUniverse"],"picked":"PropBag","floor":11},{"not_picked":["OpenUniverse","MeteoricShower","ShootingEcho"],"picked":"SKIP","floor":14}],"player_experience":1489063,"relics_obtained":[{"floor":6,"key":"Sundial"},{"floor":9,"key":"AmplifyWand"},{"floor":11,"key":"Mango"}],"event_choices":[{"damage_healed":0,"gold_gain":0,"player_choice":"Ignored","damage_taken":0,"max_hp_gain":0,"max_hp_loss":0,"event_name":"Liars Game","floor":3,"gold_loss":0},{"damage_healed":0,"gold_gain":0,"player_choice":"Lose Max HP","damage_taken":0,"relics_obtained":["Golden Idol"],"max_hp_gain":0,"max_hp_loss":6,"event_name":"Golden Idol","floor":5,"gold_loss":0},{"damage_healed":0,"gold_gain":0,"player_choice":"Success","damage_taken":3,"relics_obtained":["Strawberry"],"max_hp_gain":0,"max_hp_loss":0,"event_name":"Scrap Ooze","floor":8,"gold_loss":0}],"is_beta":false,"boss_relics":[],"items_purged_floors":[4,13],"is_endless":false,"potions_floor_spawned":[6],"killed_by":"Hexaghost","ascension_level":6}}