{"host":"vahfsrte3c21740v","time":1611687563,"event":{"mods":["AchievementEnabler","BaseMod","Colored Map","Colored Powertips","Downfall","Highlight Path","Mimic Mod","Minty Spire (QoL Compilation)","Quick Restart","Rare Cards Sparkle","StSLib"],"gold_per_floor":[99,119,119,135,235,235,270,270,285,285,7,23,56,73,90,194,194,94,105,105,7,7,19,91,25,35,35,61,80,94,94,106,209,209,209,229,82,82,82,102,102,118,218,243,443,463,476,486,496,496],"floor_reached":51,"language":"ENG","playtime":4819,"items_purged":["bronze:Strike","bronze:Defend"],"score":753,"play_id":"9acc4f35-852e-4a45-992c-04439f6b8ce4","local_time":"20210126185923","is_ascension_mode":false,"campfire_choices":[{"data":"bronze:Goto","floor":1.0,"key":"SMITH"},{"data":"bronze:ChildClass","floor":6.0,"key":"SMITH"},{"floor":10.0,"key":"RECALL"},{"data":"bronze:RecursiveStrike","floor":18.0,"key":"SMITH"},{"data":"bronze:SpaghettiCode","floor":27.0,"key":"SMITH"},{"data":"expansioncontent:QuickStudy","floor":35,"key":"SMITH"},{"data":"bronze:Iterate","floor":45,"key":"SMITH"}],"circlet_count":0,"master_deck":["bronze:Strike","bronze:Strike","bronze:Defend","bronze:Replicate+1","bronze:Goto+1","bronze:ChildClass+1","bronze:Branch","bronze:DelayedGuard","bronze:FineTuning","bronze:ChosenStrike","bronze:Deprecate","bronze:Iterate+1","bronze:RecursiveStrike+1","expansioncontent:QuickStudy+1","bronze:Iterate","bronze:Repair","bronze:WhirlingStrike","bronze:HardenedForm","bronze:Branch","bronze:Optimize","bronze:DelayedSlice","RitualDagger+1","bronze:Optimize","bronze:SpaghettiCode+1","bronze:Philosophize","bronze:Shell+1","bronze:ChosenStrike","bronze:FineTuning+1","bronze:ForceShield+1","bronze:FineTuning+1"],"relics":["bronze:BronzeCore","Akabeko","Mummified Hand","Black Star","downfall:HeartBlessingRed","Bottled Flame","FossilizedHelix","Unceasing Top","Regal Pillow","Runic Dome","Oddly Smooth Stone","Ginger","downfall:GremlinWheel","StoneCalendar","Du-Vu Doll","downfall:HeartBlessingGreen"],"acts_visited":["Exordium","TheCity","TheBeyond"],"potions_floor_usage":[33,33,50,50,50],"damage_taken":[{"damage":2.0,"enemies":"Small Slimes","floor":2.0,"turns":3.0},{"damage":0.0,"enemies":"2 Louse","floor":4.0,"turns":3.0},{"damage":21.0,"enemies":"downfall:Heads","floor":5.0,"turns":7.0},{"damage":1.0,"enemies":"Cultist","floor":7.0,"turns":5.0},{"damage":0.0,"enemies":"Cultist","floor":8.0,"turns":1.0},{"damage":0.0,"enemies":"2 Fungi Beasts","floor":9.0,"turns":2.0},{"damage":0.0,"enemies":"downfall:FleeingMerchant","floor":11.0,"turns":4.0},{"damage":0.0,"enemies":"Large Slime","floor":12.0,"turns":2.0},{"damage":1.0,"enemies":"Lagavulin","floor":13.0,"turns":5.0},{"damage":0.0,"enemies":"3 Louse","floor":14.0,"turns":3.0},{"damage":7.0,"enemies":"Blue Slaver","floor":15.0,"turns":2.0},{"damage":37.0,"enemies":"WA_ARCHETYPE_RETAIN","floor":16.0,"turns":9.0},{"damage":0.0,"enemies":"3 Byrds","floor":19.0,"turns":4.0},{"damage":5.0,"enemies":"downfall:FleeingMerchant","floor":21.0,"turns":4.0},{"damage":0.0,"enemies":"Shell Parasite","floor":23.0,"turns":2.0},{"damage":16.0,"enemies":"downfall:FleeingMerchant","floor":25.0,"turns":4.0},{"damage":0.0,"enemies":"Gremlin Leader","floor":26.0,"turns":6.0},{"damage":0.0,"enemies":"Slavers","floor":28.0,"turns":3.0},{"damage":0.0,"enemies":"Chosen and Byrds","floor":29.0,"turns":3.0},{"damage":3.0,"enemies":"Cultist and Chosen","floor":30.0,"turns":3.0},{"damage":6.0,"enemies":"Shelled Parasite and Fungi","floor":32.0,"turns":2.0},{"damage":17,"enemies":"DF_ARCHETYPE_CLAW","floor":33,"turns":6},{"damage":0,"enemies":"3 Shapes","floor":36,"turns":2},{"damage":0,"enemies":"Orb Walker","floor":40,"turns":2},{"damage":0,"enemies":"Spire Growth","floor":42,"turns":3},{"damage":0,"enemies":"Spire Growth","floor":43,"turns":2},{"damage":0,"enemies":"Reptomancer","floor":44,"turns":2},{"damage":0,"enemies":"Writhing Mass","floor":46,"turns":2},{"damage":0,"enemies":"Jaw Worm Horde","floor":47,"turns":2},{"damage":9,"enemies":"3 Darklings","floor":48,"turns":2},{"damage":0,"enemies":"Transient","floor":49,"turns":5},{"damage":20,"enemies":"IC_BLOCK_ARCHETYPE","floor":50,"turns":7}],"seed_played":"-4351857273734758066","potions_obtained":[{"floor":4.0,"key":"AttackPotion"},{"floor":5.0,"key":"LiquidMemories"},{"floor":9.0,"key":"BlessingOfTheForge"},{"floor":12.0,"key":"Guardian:BlockOnCardUsePotion"},{"floor":16.0,"key":"bronze:CleanCodePotion"},{"floor":22.0,"key":"CultistPotion"},{"floor":28.0,"key":"bronze:CleanCodePotion"},{"floor":40,"key":"Fire Potion"},{"floor":42,"key":"ColorlessPotion"},{"floor":43,"key":"DistilledChaos"}],"is_trial":false,"path_per_floor":["R","M","?","M","?","R","MIM","M","M","R","$","M","E","M","M","B",null,"R","M","?","$","?","M","T","$","E","R","E","M","M","?","M","B",null,"R","M","$","?","$","M","T","M","?","E","R","M","M","M","M","B",null],"character_chosen":"THE_AUTOMATON","items_purchased":["expansioncontent:QuickStudy","bronze:Optimize","bronze:DelayedSlice","FossilizedHelix","Oddly Smooth Stone"],"campfire_rested":0,"item_purchase_floors":[11,21,21,25,37],"current_hp_per_floor":[77,75,75,75,54,54,53,53,53,53,53,53,52,59,52,22,77,77,77,77,77,77,77,77,68,77,77,77,77,77,77,71,61,77,77,77,77,77,77,77,77,77,77,77,77,77,77,68,76,56],"gold":496,"neow_bonus":"TEN_PERCENT_HP_BONUS","is_daily":false,"chose_seed":false,"campfire_upgraded":6,"win_rate":0.0,"timestamp":1611687563,"path_taken":["R","M","?","M","?","R","MIM","?","M","R","$","M","E","M","M","BOSS","R","M","?","$","?","M","T","$","E","R","E","M","M","?","M","BOSS","R","M","$","?","$","M","T","M","?","E","R","M","M","M","M","BOSS"],"items_purchased_type":["Card","Card","Card","Relic","Relic"],"build_version":"2020-12-22","purchased_purges":2,"victory":true,"max_hp_per_floor":[77,77,77,77,77,77,77,77,77,77,77,77,77,77,77,77,77,77,77,77,77,77,77,77,77,77,77,77,77,77,77,77,77,77,77,77,77,77,77,77,77,77,77,77,77,77,77,77,77,77],"card_choices":[{"not_picked":["bronze:WildBeam","bronze:Branch"],"picked":"bronze:ChildClass","floor":2.0},{"not_picked":["bronze:Iterate","bronze:ClassDefault"],"picked":"bronze:Branch","floor":4.0},{"not_picked":["bronze:BitShift","bronze:Deprecate"],"picked":"bronze:FineTuning","floor":5.0},{"not_picked":["bronze:BuggyMess","bronze:BitShift"],"picked":"bronze:ChosenStrike","floor":7.0},{"not_picked":["bronze:BugBarrage","bronze:WildBeam"],"picked":"bronze:Deprecate","floor":8.0},{"not_picked":["bronze:Frontload","bronze:Return"],"picked":"bronze:Iterate","floor":9.0},{"not_picked":["bronze:DelayedSlice","bronze:BitShift"],"picked":"bronze:RecursiveStrike","floor":11.0},{"not_picked":["bronze:CutThrough","bronze:BuggyMess"],"picked":"bronze:Iterate","floor":12.0},{"not_picked":["bronze:BitShift","bronze:WhirlingStrike"],"picked":"bronze:Repair","floor":13.0},{"not_picked":["bronze:BuggyMess","bronze:BurnOut","bronze:OilSpill"],"picked":"SKIP","floor":14.0},{"not_picked":["bronze:BugBarrage","bronze:Branch"],"picked":"bronze:WhirlingStrike","floor":15.0},{"not_picked":["bronze:RecursiveStrike","bronze:CleanCode"],"picked":"bronze:HardenedForm","floor":16.0},{"not_picked":["bronze:Shield+1","bronze:BronzeArmor"],"picked":"bronze:Branch","floor":19.0},{"not_picked":["bronze:CutThrough","bronze:DelayedGuard","bronze:Shield"],"picked":"SKIP","floor":21.0},{"not_picked":["bronze:Shield","bronze:Allocate"],"picked":"bronze:Optimize","floor":23.0},{"not_picked":["bronze:Philosophize","bronze:Flail"],"picked":"bronze:SpaghettiCode","floor":26.0},{"not_picked":["bronze:DelayedSlice","bronze:ThunderWave","bronze:Turbo+1"],"picked":"SKIP","floor":28.0},{"not_picked":["bronze:Branch","bronze:DelayedSlice"],"picked":"bronze:Philosophize","floor":29.0},{"not_picked":["bronze:DigitalCarnage","bronze:Branch","bronze:Safeguard"],"picked":"SKIP","floor":30.0},{"not_picked":["bronze:Frontload+1","bronze:DelayedSlice+1","bronze:Iterate"],"picked":"SKIP","floor":32.0},{"not_picked":["bronze:MaxOutput","bronze:CutThrough+1"],"picked":"bronze:Shell+1","floor":36},{"not_picked":["bronze:DarkDash","bronze:Turbo"],"picked":"bronze:FineTuning+1","floor":40},{"not_picked":["bronze:DelayedSlice","bronze:Shell","bronze:DigitalCarnage"],"picked":"SKIP","floor":42},{"not_picked":["bronze:DigitalCarnage","bronze:WildBeam","bronze:BugBarrage+1"],"picked":"SKIP","floor":44},{"not_picked":["bronze:ItsAFeature","bronze:MaxOutput+1"],"picked":"bronze:ForceShield+1","floor":46},{"not_picked":["bronze:BugBarrage","bronze:ChosenStrike"],"picked":"bronze:FineTuning+1","floor":47},{"not_picked":["bronze:BugBarrage+1","bronze:Frontload+1","bronze:Overload+1"],"picked":"SKIP","floor":48},{"not_picked":["bronze:WildBeam+1","bronze:FollowUp+1","bronze:OilSpill"],"picked":"SKIP","floor":49}],"player_experience":129717,"relics_obtained":[{"floor":7.0,"key":"Akabeko"},{"floor":13.0,"key":"Mummified Hand"},{"floor":24.0,"key":"Bottled Flame"},{"floor":28.0,"key":"Unceasing Top"},{"floor":28.0,"key":"Regal Pillow"},{"floor":41,"key":"Ginger"},{"floor":43,"key":"downfall:GremlinWheel"},{"floor":44,"key":"StoneCalendar"},{"floor":44,"key":"Du-Vu Doll"}],"event_choices":[{"damage_healed":0.0,"max_hp_gain":0.0,"max_hp_loss":0.0,"gold_gain":0.0,"event_name":"Vampires","player_choice":"Ignored","floor":20.0,"gold_loss":0.0,"damage_taken":0.0},{"damage_healed":0,"gold_gain":300,"player_choice":"Gold","damage_taken":0,"max_hp_gain":0,"max_hp_loss":0,"event_name":"Wheel of Change","floor":45,"gold_loss":0}],"is_beta":false,"boss_relics":[{"not_picked":["Coffee Dripper","Sozu"],"picked":"Black Star"},{"not_picked":["SacredBark","Empty Cage"],"picked":"Runic Dome"}],"items_purged_floors":[11,25],"is_endless":false,"potions_floor_spawned":[4,5,9,12,16,28,32,40,42,43,49],"ascension_level":0}}