{"host":"d7fiu2yjkssjxoz6","time":1611632841,"event":{"mods":["AchievementEnabler","BaseMod","Duelist Mod","Minty Spire (QoL Compilation)","StSLib"],"gold_per_floor":[136,149,160,177,108,108,133,150,196,173,205,217,217],"floor_reached":12,"language":"ENG","playtime":753,"items_purged":[],"score":156,"play_id":"f03e1073-2369-43c2-9cb0-dbe5e1f6ae03","local_time":"20210125194721","is_ascension_mode":true,"campfire_choices":[{"data":"theDuelist:ImperialOrder","floor":6,"key":"SMITH"}],"circlet_count":0,"master_deck":["AscendersBane","theDuelist:CastleWalls","theDuelist:CastleWalls","theDuelist:CrossSwordBeetle","theDuelist:EmpressMantis","theDuelist:InsectKnight","theDuelist:RazorLizard","theDuelist:RazorLizard","theDuelist:Sparks+1","theDuelist:ImperialOrder+1","theDuelist:Sparks+1","theDuelist:WingedKuriboh","theDuelist:MagicSparks+1","theDuelist:CobraJar","theDuelist:CorrosiveScales","theDuelist:BiteBug","theDuelist:CobraJar","theDuelist:FuryFire+2","theDuelist:Fissure"],"relics":["theDuelist:MillenniumPuzzle","theDuelist:CardPoolRelic","theDuelist:CardPoolBasicRelic","theDuelist:BoosterPackPoolRelic","theDuelist:CardPoolAddRelic","theDuelist:CardPoolMinusRelic","theDuelist:CardPoolSaveRelic","theDuelist:CardPoolOptionsRelic","Tiny Chest","MawBank"],"acts_visited":["Exordium"],"potions_floor_usage":[8,8,12],"damage_taken":[{"damage":3,"enemies":"2 Louse","floor":1,"turns":3},{"damage":3,"enemies":"Small Slimes","floor":2,"turns":3},{"damage":12,"enemies":"Jaw Worm","floor":3,"turns":3},{"damage":13,"enemies":"3 Louse","floor":4,"turns":4},{"damage":43,"enemies":"3 Sentries","floor":7,"turns":7},{"damage":14,"enemies":"Red Slaver","floor":8,"turns":5},{"damage":22,"enemies":"Lots of Slimes","floor":11,"turns":4},{"damage":18,"enemies":"Lagavulin","floor":12,"turns":3}],"seed_played":"5194857042510704203","potions_obtained":[{"floor":2,"key":"theDuelist:DestructPotionPot"},{"floor":4,"key":"theDuelist:StunPotion"},{"floor":11,"key":"theDuelist:BigTributeBottle"}],"is_trial":false,"path_per_floor":["M","M","M","M","$","R","E","M","T","?","M","E"],"character_chosen":"THE_DUELIST","items_purchased":["theDuelist:CorrosiveScales"],"campfire_rested":0,"item_purchase_floors":[5],"current_hp_per_floor":[77,74,62,49,49,49,6,2,2,26,4,0,0],"gold":217,"neow_bonus":"TEN_PERCENT_HP_BONUS","is_daily":false,"chose_seed":false,"campfire_upgraded":1,"win_rate":0.0,"timestamp":1611632841,"path_taken":["M","M","M","M","$","R","E","M","T","?","M","E"],"items_purchased_type":["Card"],"build_version":"2020-12-22","purchased_purges":0,"victory":false,"max_hp_per_floor":[88,88,88,88,88,88,88,98,98,98,98,98,98],"card_choices":[{"not_picked":["theDuelist:CorrosiveScales","theDuelist:BugSignal","theDuelist:BugEmergency","theDuelist:PowerWall"],"picked":"theDuelist:ImperialOrder","floor":1},{"not_picked":["theDuelist:LightningDarts","theDuelist:MudGolem","theDuelist:WormKing","theDuelist:FuryFire"],"picked":"theDuelist:WingedKuriboh","floor":2},{"not_picked":["theDuelist:NeoBug","theDuelist:BeeListSoldier","theDuelist:RazorLizard","theDuelist:DarkSpider"],"picked":"theDuelist:CobraJar","floor":3},{"not_picked":["theDuelist:HammerShot","theDuelist:ReptiliannePoison","theDuelist:Invigoration","theDuelist:BugMatrix"],"picked":"theDuelist:FuryFire","floor":4},{"not_picked":["theDuelist:EmpressMantis","theDuelist:Lightserpent","theDuelist:PetitMoth","theDuelist:BugMatrix"],"picked":"theDuelist:BiteBug","floor":7},{"not_picked":["theDuelist:HunterSpider","theDuelist:DrillBug","theDuelist:BiteBug","theDuelist:SkullMarkLadybug"],"picked":"theDuelist:CobraJar","floor":8},{"not_picked":["theDuelist:SpiderWeb","theDuelist:Forest","theDuelist:BugMatrix","theDuelist:ReptiliannePoison"],"picked":"theDuelist:Fissure","floor":11}],"player_experience":297758,"relics_obtained":[{"floor":7,"key":"Tiny Chest"},{"floor":9,"key":"MawBank"}],"event_choices":[{"damage_healed":24,"gold_gain":0,"player_choice":"Healed","damage_taken":0,"max_hp_gain":0,"max_hp_loss":0,"event_name":"The Cleric","floor":10,"gold_loss":35}],"is_beta":false,"boss_relics":[],"items_purged_floors":[],"is_endless":false,"potions_floor_spawned":[2,4,7,11],"killed_by":"Lagavulin","ascension_level":12}}