{"host":"19r1ww88x2tc73i0","time":1611646308,"event":{"mods":["BaseMod","BetterRewards","Colored Map","Minty Spire (QoL Compilation)","Relic Stats","StSLib","SuperFastMode","slay the spire mod where everything is the same but ironclad has a cowboy hat"],"gold_per_floor":[113,127,138,150,150,176,176,251,276,276,352,120,151,165,165,239,239,252,270,281,113,113,113],"floor_reached":22,"language":"ENG","playtime":740,"items_purged":["Strike_R"],"score":392,"play_id":"58bd0abb-af08-442b-b275-bcb1464de7d4","local_time":"25640126143148","is_ascension_mode":true,"campfire_choices":[{"data":"Cleave","floor":7.0,"key":"SMITH"},{"data":"Flex","floor":15.0,"key":"SMITH"}],"circlet_count":0,"master_deck":["AscendersBane","Strike_R","Strike_R","Strike_R","Strike_R","Defend_R","Defend_R","Defend_R","Defend_R","Bash","Corruption","Uppercut","Cleave+1","Battle Trance","Sword Boomerang","Limit Break","Flex+1","Double Tap","Warcry","Thunderclap"],"relics":["Burning Blood","Juzu Bracelet","Centennial Puzzle","Pen Nib","Lee\u0027s Waffle","Art of War","Cursed Key","Omamori"],"acts_visited":["Exordium","TheCity"],"potions_floor_usage":[],"damage_taken":[{"damage":17.0,"enemies":"Small Slimes","floor":1.0,"turns":5.0},{"damage":11.0,"enemies":"Jaw Worm","floor":2.0,"turns":4.0},{"damage":5.0,"enemies":"2 Louse","floor":3.0,"turns":4.0},{"damage":14.0,"enemies":"Large Slime","floor":4.0,"turns":6.0},{"damage":24.0,"enemies":"3 Sentries","floor":6.0,"turns":5.0},{"damage":15.0,"enemies":"Lagavulin","floor":13.0,"turns":6.0},{"damage":14.0,"enemies":"3 Louse","floor":14.0,"turns":4.0},{"damage":44.0,"enemies":"Hexaghost","floor":16.0,"turns":6.0},{"damage":2.0,"enemies":"Chosen","floor":18.0,"turns":3.0},{"damage":25,"enemies":"2 Thieves","floor":19,"turns":3},{"damage":36,"enemies":"Snake Plant","floor":20,"turns":4},{"damage":31,"enemies":"Chosen and Byrds","floor":22,"turns":3}],"seed_played":"-573889220954426405","potions_obtained":[{"floor":1.0,"key":"AttackPotion"},{"floor":2.0,"key":"BlessingOfTheForge"},{"floor":6.0,"key":"SpeedPotion"},{"floor":14.0,"key":"CultistPotion"}],"is_trial":false,"path_per_floor":["M","M","M","M","?","E","R","?","T","?","?","$","E","M","R","B",null,"M","M","M","$","M"],"character_chosen":"IRONCLAD","items_purchased":["Lee\u0027s Waffle","Omamori"],"campfire_rested":0,"item_purchase_floors":[12,21],"current_hp_per_floor":[57,52,53,45,50,32,32,21,21,21,21,87,78,70,70,32,73,77,58,28,28,0,0],"gold":113,"neow_bonus":"ONE_RANDOM_RARE_CARD","is_daily":false,"chose_seed":false,"campfire_upgraded":2,"win_rate":0.0,"timestamp":1611646308,"path_taken":["M","M","M","M","?","E","R","?","T","?","?","$","E","M","R","BOSS","M","M","M","$","M"],"items_purchased_type":["Relic","Relic"],"build_version":"2020-12-22","purchased_purges":1,"victory":false,"max_hp_per_floor":[75,75,75,75,80,80,80,80,80,80,80,87,87,87,87,87,87,87,87,87,87,87,87],"relic_stats":{"Centennial Puzzle":[21],"Lee\u0027s Waffle":66,"counters":[12,53],"Pen Nib":[5],"Juzu Bracelet":0,"Art of War":[1],"Cursed Key":0,"obtain_stats":[{"Centennial Puzzle":9,"Lee\u0027s Waffle":12,"Pen Nib":10,"Juzu Bracelet":6,"Art of War":13,"Omamori":21,"Cursed Key":17,"Burning Blood":0},{"Centennial Puzzle":5,"Lee\u0027s Waffle":5,"Pen Nib":5,"Juzu Bracelet":5,"Art of War":6,"Omamori":11,"Cursed Key":8,"Burning Blood":0},{"Centennial Puzzle":24,"Lee\u0027s Waffle":24,"Pen Nib":24,"Juzu Bracelet":24,"Art of War":30,"Omamori":50,"Cursed Key":40,"Burning Blood":0}],"Burning Blood":66},"card_choices":[{"not_picked":["Rage","Iron Wave"],"picked":"Uppercut","floor":1.0},{"not_picked":["Havoc","Clash"],"picked":"Cleave","floor":2.0},{"not_picked":["Heavy Blade","Clothesline"],"picked":"Battle Trance","floor":3.0},{"not_picked":["Anger","Clothesline"],"picked":"Sword Boomerang","floor":4.0},{"not_picked":["Anger","Twin Strike","Warcry"],"picked":"SKIP","floor":6.0},{"not_picked":["Seeing Red","Rage"],"picked":"Limit Break","floor":13.0},{"not_picked":["Twin Strike","Heavy Blade"],"picked":"Flex","floor":14.0},{"not_picked":["Barricade","Exhume"],"picked":"Double Tap","floor":16.0},{"not_picked":["Infernal Blade","Clash"],"picked":"Warcry","floor":18.0},{"not_picked":["Combust","Twin Strike"],"picked":"Thunderclap","floor":19},{"not_picked":["Anger","Thunderclap+1","Intimidate"],"picked":"SKIP","floor":20}],"player_experience":955304,"relics_obtained":[{"floor":6.0,"key":"Juzu Bracelet"},{"floor":9.0,"key":"Centennial Puzzle"},{"floor":13.0,"key":"Art of War"}],"event_choices":[{"damage_healed":0.0,"max_hp_gain":5.0,"max_hp_loss":0.0,"gold_gain":0.0,"event_name":"Big Fish","player_choice":"Donut","floor":5.0,"gold_loss":0.0,"damage_taken":0.0},{"damage_healed":0.0,"max_hp_gain":0.0,"max_hp_loss":0.0,"gold_gain":75.0,"event_name":"World of Goop","player_choice":"Gather Gold","floor":8.0,"gold_loss":0.0,"damage_taken":11.0},{"damage_healed":0.0,"max_hp_gain":0.0,"max_hp_loss":0.0,"gold_gain":0.0,"event_name":"Dead Adventurer","player_choice":"Searched \u00271\u0027 times","floor":10.0,"gold_loss":0.0,"damage_taken":0.0,"relics_obtained":["Pen Nib"]},{"damage_healed":0.0,"max_hp_gain":0.0,"max_hp_loss":0.0,"gold_gain":76.0,"event_name":"Golden Wing","player_choice":"Gained Gold","floor":11.0,"gold_loss":0.0,"damage_taken":0.0}],"is_beta":false,"boss_relics":[{"not_picked":["Runic Cube","Runic Pyramid"],"picked":"Cursed Key"}],"items_purged_floors":[12],"is_endless":false,"potions_floor_spawned":[1,2,6,14,19],"killed_by":"Chosen and Byrds","ascension_level":20}}