{"host":"bxn2em57qlx5u4i0","time":1611621589,"event":{"mods":["BaseMod","Colored Map","Colored Powertips","Highlight Path","Minty Spire (QoL Compilation)","Random Character Button","Relic Sorter","Relic Stats","StSLib","SuperFastMode"],"gold_per_floor":[117,130,205,205,47,81,81,95,174,174,201,201,215,233,233,308,308,328,253,271,85,85,113,113,148,175,175,185,185,216,216,216,287,287,303,320,320,333,555,555,582,582,582,582,6,6,6,33,33,33,33,33,33,33,65,65],"floor_reached":57,"language":"ENG","playtime":2186,"items_purged":["Strike_G","Strike_G","Blade Dance"],"score":3029,"play_id":"d5911cb4-62b2-4031-96ac-9a8712323bb5","local_time":"20210125193949","is_ascension_mode":true,"campfire_choices":[{"data":"Glass Knife","floor":7.0,"key":"SMITH"},{"data":"Catalyst","floor":10.0,"key":"SMITH"},{"data":"Wraith Form v2","floor":15.0,"key":"SMITH"},{"data":"Noxious Fumes","floor":24.0,"key":"SMITH"},{"data":"Burst","floor":27.0,"key":"SMITH"},{"data":"Deadly Poison","floor":29.0,"key":"SMITH"},{"data":"Well Laid Plans","floor":32,"key":"SMITH"},{"floor":40,"key":"RECALL"}],"circlet_count":0,"master_deck":["AscendersBane","Strike_G+1","Defend_G+1","Defend_G+1","Defend_G+1","Defend_G+1","Defend_G+1","Survivor+1","Neutralize+1","Deadly Poison+1","Catalyst+1","Glass Knife+1","Backflip+1","PiercingWail+1","Well Laid Plans+1","Wraith Form v2+1","Burst+1","Noxious Fumes+1","Backflip+1","Escape Plan+1","Escape Plan+1","Malaise+1","Adrenaline+1","Sadistic Nature+1","Catalyst+1","Noxious Fumes+1"],"relics":["Ring of the Snake","NeowsBlessing","Lantern","Mercury Hourglass","Snake Skull","Coffee Dripper","Blood Vial","Red Mask","MealTicket","Whetstone","Fusion Hammer","Pantograph","Bird Faced Urn","Mark of the Bloom","Regal Pillow","Nunchaku"],"acts_visited":["Exordium","TheCity","TheBeyond","TheEnding"],"potions_floor_usage":[30,38,41,48,56],"damage_taken":[{"damage":0.0,"enemies":"Cultist","floor":1.0,"turns":1.0},{"damage":0.0,"enemies":"Small Slimes","floor":2.0,"turns":1.0},{"damage":0.0,"enemies":"Lagavulin","floor":6.0,"turns":1.0},{"damage":0.0,"enemies":"2 Louse","floor":8.0,"turns":2.0},{"damage":3.0,"enemies":"3 Sentries","floor":11.0,"turns":5.0},{"damage":0.0,"enemies":"Looter","floor":13.0,"turns":3.0},{"damage":0.0,"enemies":"Blue Slaver","floor":14.0,"turns":2.0},{"damage":0.0,"enemies":"The Guardian","floor":16.0,"turns":8.0},{"damage":3.0,"enemies":"Shell Parasite","floor":18.0,"turns":3.0},{"damage":2.0,"enemies":"3 Byrds","floor":20.0,"turns":5.0},{"damage":0.0,"enemies":"Book of Stabbing","floor":23.0,"turns":4.0},{"damage":0.0,"enemies":"Masked Bandits","floor":25.0,"turns":4.0},{"damage":0.0,"enemies":"Sentry and Sphere","floor":28.0,"turns":4.0},{"damage":0,"enemies":"Gremlin Leader","floor":30,"turns":6},{"damage":27,"enemies":"Automaton","floor":33,"turns":9},{"damage":0,"enemies":"Orb Walker","floor":35,"turns":4},{"damage":0,"enemies":"3 Darklings","floor":36,"turns":4},{"damage":0,"enemies":"Sphere and 2 Shapes","floor":38,"turns":3},{"damage":3,"enemies":"Nemesis","floor":41,"turns":5},{"damage":0,"enemies":"Reptomancer","floor":48,"turns":3},{"damage":21,"enemies":"Awakened One","floor":50,"turns":12},{"damage":21,"enemies":"Time Eater","floor":51,"turns":6},{"damage":1,"enemies":"Shield and Spear","floor":55,"turns":6},{"damage":14,"enemies":"The Heart","floor":56,"turns":8}],"seed_played":"-3551184777268374090","potions_obtained":[{"floor":2.0,"key":"Dexterity Potion"},{"floor":8.0,"key":"Poison Potion"},{"floor":11.0,"key":"LiquidMemories"},{"floor":14.0,"key":"DistilledChaos"},{"floor":16.0,"key":"Fruit Juice"},{"floor":18.0,"key":"Weak Potion"},{"floor":23.0,"key":"SpeedPotion"},{"floor":30,"key":"Fire Potion"},{"floor":33,"key":"Regen Potion"},{"floor":36,"key":"GhostInAJar"},{"floor":38,"key":"EssenceOfSteel"},{"floor":48,"key":"Dexterity Potion"}],"is_trial":false,"path_per_floor":["M","M","?","?","$","E","R","M","T","R","E","?","M","M","R","B",null,"M","?","M","$","?","E","R","?","T","R","M","R","E","?","R","B",null,"M","M","?","M","?","R","E","R","T","R","$","?","?","E","R","B","B",null,"R","$","E","B",null],"character_chosen":"THE_SILENT","items_purchased":["Catalyst","LiquidBronze","Catalyst","Bird Faced Urn","Noxious Fumes"],"campfire_rested":0,"item_purchase_floors":[5,21,45,45,45],"current_hp_per_floor":[59,59,48,41,41,41,41,41,41,41,38,38,38,38,38,38,59,61,61,59,59,39,39,39,41,41,41,43,43,45,45,45,20,62,64,66,56,67,67,67,66,66,66,66,76,76,76,76,76,55,34,34,34,34,33,19],"gold":65,"neow_bonus":"THREE_ENEMY_KILL","is_daily":false,"chose_seed":false,"campfire_upgraded":7,"win_rate":0.0,"timestamp":1611621589,"path_taken":["M","?","?","?","$","E","R","M","T","R","E","?","M","?","R","BOSS","M","?","M","$","?","E","R","?","T","R","?","R","E","?","R","BOSS","M","M","?","M","?","R","E","R","T","R","$","?","?","E","R","BOSS","BOSS","R","$","E","BOSS"],"items_purchased_type":["Card","Potion","Card","Relic","Card"],"build_version":"2020-12-22","purchased_purges":3,"victory":true,"max_hp_per_floor":[66,66,66,66,66,66,66,66,66,66,66,66,66,66,66,66,66,71,71,71,71,76,76,76,76,76,76,76,76,76,76,76,76,76,76,76,76,76,76,76,76,76,76,76,76,76,76,76,76,76,76,76,76,76,76,76],"relic_stats":{"Mark of the Bloom":176,"Regal Pillow":0,"counters":[24,109],"Snake Skull":[137],"Whetstone":["Neutralize","Strike_G"],"Mercury Hourglass":[413],"Blood Vial":16,"Nunchaku":[0],"Pantograph":0,"Bird Faced Urn":[0],"MealTicket":10,"obtain_stats":[{"Lantern":6,"Mark of the Bloom":47,"Regal Pillow":48,"NeowsBlessing":0,"Snake Skull":11,"Whetstone":30,"Mercury Hourglass":9,"Blood Vial":23,"Nunchaku":55,"Pantograph":41,"Bird Faced Urn":45,"MealTicket":26,"Fusion Hammer":34,"Coffee Dripper":17,"Red Mask":25,"Ring of the Snake":0},{"Lantern":3,"Mark of the Bloom":19,"Regal Pillow":20,"NeowsBlessing":0,"Snake Skull":5,"Whetstone":14,"Mercury Hourglass":4,"Blood Vial":11,"Nunchaku":23,"Pantograph":19,"Bird Faced Urn":19,"MealTicket":12,"Fusion Hammer":15,"Coffee Dripper":8,"Red Mask":12,"Ring of the Snake":0},{"Lantern":3,"Mark of the Bloom":74,"Regal Pillow":77,"NeowsBlessing":0,"Snake Skull":10,"Whetstone":49,"Mercury Hourglass":5,"Blood Vial":35,"Nunchaku":101,"Pantograph":74,"Bird Faced Urn":74,"MealTicket":39,"Fusion Hammer":58,"Coffee Dripper":23,"Red Mask":39,"Ring of the Snake":0}],"Ring of the Snake":[48]},"card_choices":[{"not_picked":["Prepared","Flying Knee"],"picked":"Deadly Poison","floor":1.0},{"not_picked":["Tactician","Outmaneuver"],"picked":"Blade Dance","floor":2.0},{"not_picked":["Bane","PiercingWail"],"picked":"Glass Knife","floor":6.0},{"not_picked":["Flying Knee","Bane"],"picked":"Backflip","floor":8.0},{"not_picked":["Backflip","Skewer"],"picked":"PiercingWail","floor":11.0},{"not_picked":["Setup","Accuracy"],"picked":"Well Laid Plans","floor":13.0},{"not_picked":["Concentrate","Slice"],"picked":"Wraith Form v2","floor":14.0},{"not_picked":["Venomology","Die Die Die"],"picked":"Burst","floor":16.0},{"not_picked":["Quick Slash","Distraction","Cloak And Dagger"],"picked":"SKIP","floor":18.0},{"not_picked":["Flying Knee","Bane"],"picked":"Noxious Fumes","floor":20.0},{"not_picked":["Dagger Throw","Acrobatics+1"],"picked":"Backflip","floor":23.0},{"not_picked":["Cloak And Dagger","Quick Slash"],"picked":"Escape Plan","floor":25.0},{"not_picked":["Underhanded Strike","Well Laid Plans"],"picked":"Escape Plan","floor":28.0},{"not_picked":["Envenom","Underhanded Strike"],"picked":"Malaise","floor":30},{"not_picked":["Envenom","Storm of Steel"],"picked":"Adrenaline","floor":33},{"not_picked":["Flying Knee","Poisoned Stab+1","Reflex"],"picked":"SKIP","floor":35},{"not_picked":["Terror","Bane","Poisoned Stab+1"],"picked":"SKIP","floor":36},{"not_picked":["Apotheosis","Panacea"],"picked":"Sadistic Nature","floor":37},{"not_picked":["Dagger Throw","Terror","Bane+1"],"picked":"SKIP","floor":38},{"not_picked":["Bane","Terror+1"],"picked":"Deflect+1","floor":41},{"not_picked":["Eviscerate","Heel Hook","Blade Dance"],"picked":"SKIP","floor":48},{"not_picked":["Cloak And Dagger","Flying Knee","Poisoned Stab"],"picked":"SKIP","floor":55}],"player_experience":2929118,"relics_obtained":[{"floor":6.0,"key":"Lantern"},{"floor":9.0,"key":"Mercury Hourglass"},{"floor":11.0,"key":"Snake Skull"},{"floor":23.0,"key":"Blood Vial"},{"floor":25.0,"key":"Red Mask"},{"floor":26.0,"key":"MealTicket"},{"floor":30,"key":"Whetstone"},{"floor":41,"key":"Pantograph"},{"floor":48,"key":"Regal Pillow"},{"floor":55,"key":"Nunchaku"}],"event_choices":[{"damage_healed":0.0,"max_hp_gain":0.0,"max_hp_loss":0.0,"gold_gain":75.0,"event_name":"World of Goop","player_choice":"Gather Gold","floor":3.0,"gold_loss":0.0,"damage_taken":11.0},{"cards_removed":["Strike_G"],"damage_healed":0.0,"max_hp_gain":0.0,"max_hp_loss":0.0,"gold_gain":0.0,"event_name":"Golden Wing","player_choice":"Card Removal","floor":4.0,"gold_loss":0.0,"damage_taken":7.0},{"damage_healed":0.0,"max_hp_gain":0.0,"max_hp_loss":0.0,"gold_gain":0.0,"event_name":"Liars Game","player_choice":"Ignored","floor":12.0,"gold_loss":0.0,"damage_taken":0.0},{"cards_removed":["Strike_G"],"damage_healed":0.0,"max_hp_gain":0.0,"max_hp_loss":0.0,"gold_gain":0.0,"event_name":"Beggar","player_choice":"Gave Gold","floor":19.0,"gold_loss":75.0,"damage_taken":0.0},{"damage_healed":0.0,"max_hp_gain":5.0,"max_hp_loss":0.0,"gold_gain":0.0,"event_name":"Forgotten Altar","player_choice":"Shed Blood","floor":22.0,"gold_loss":0.0,"damage_taken":25.0},{"damage_healed":0.0,"max_hp_gain":0.0,"max_hp_loss":0.0,"gold_gain":0.0,"event_name":"Masked Bandits","player_choice":"Fought Bandits","floor":25.0,"gold_loss":0.0,"damage_taken":0.0},{"damage_healed":0,"gold_gain":0,"player_choice":"Ignored","damage_taken":0,"max_hp_gain":0,"max_hp_loss":0,"event_name":"Cursed Tome","floor":31,"gold_loss":0},{"damage_healed":0,"gold_gain":0,"player_choice":"Memory 3","damage_taken":10,"max_hp_gain":0,"max_hp_loss":0,"event_name":"SensoryStone","floor":37,"gold_loss":0},{"damage_healed":0,"gold_gain":222,"player_choice":"Wore Mask","damage_taken":0,"max_hp_gain":0,"max_hp_loss":0,"event_name":"Tomb of Lord Red Mask","floor":39,"gold_loss":0},{"cards_removed":["Deflect"],"damage_healed":0,"gold_gain":0,"player_choice":"Removed Skill","damage_taken":0,"max_hp_gain":0,"max_hp_loss":0,"event_name":"Falling","floor":46,"gold_loss":0},{"damage_healed":0,"gold_gain":0,"player_choice":"Upgrade","damage_taken":0,"relics_obtained":["Mark of the Bloom"],"max_hp_gain":0,"max_hp_loss":0,"event_name":"MindBloom","floor":47,"gold_loss":0,"cards_upgraded":["Defend_G","Defend_G","Defend_G","Defend_G","Defend_G","Survivor","Backflip","PiercingWail","Backflip","Escape Plan","Escape Plan","Malaise","Adrenaline","Sadistic Nature","Catalyst","Noxious Fumes"]}],"is_beta":false,"boss_relics":[{"not_picked":["Ectoplasm","Runic Pyramid"],"picked":"Coffee Dripper"},{"not_picked":["Velvet Choker","Astrolabe"],"picked":"Fusion Hammer"}],"items_purged_floors":[5,21,45],"is_endless":false,"potions_floor_spawned":[2,8,11,14,16,18,23,30,33,36,38,48],"ascension_level":20}}