{"host":"x205naxbihvu3p76","time":1611679065,"event":{"mods":["AchievementEnabler","BaseMod","Minty Spire (QoL Compilation)","StSLib","SuperFastMode"],"gold_per_floor":[111,111,111,126,42,75,9,29,55,71,94,94,112,127,127,220,220,241,260,260,260,19,19,33,33,33],"floor_reached":25,"language":"KOR","playtime":421,"items_purged":["Regret"],"score":460,"play_id":"7429ef9b-e899-4592-9b50-3ae26bc014d8","local_time":"20210127013745","is_ascension_mode":true,"campfire_choices":[{"data":"White Noise","floor":15,"key":"SMITH"},{"floor":23,"key":"REST"}],"circlet_count":0,"master_deck":["AscendersBane","Strike_B+1","Strike_B+1","Strike_B+1","Strike_B+1","Defend_B+1","Defend_B+1","Defend_B+1","Zap","Dualcast","Cold Snap","White Noise+1","Sweeping Beam","Self Repair","Doom and Gloom","Chill","FTL","Core Surge","Leap"],"relics":["Cracked Core","NeowsBlessing","Golden Idol","Art of War","Ancient Tea Set","Tiny Chest","Cursed Key","Cables","OrangePellets"],"acts_visited":["Exordium","TheCity"],"potions_floor_usage":[16,16,25,25],"damage_taken":[{"damage":0,"enemies":"2 Louse","floor":1,"turns":1},{"damage":0,"enemies":"Small Slimes","floor":4,"turns":1},{"damage":0,"enemies":"3 Sentries","floor":6,"turns":1},{"damage":0,"enemies":"Cultist","floor":8,"turns":3},{"damage":10,"enemies":"3 Louse","floor":10,"turns":4},{"damage":8,"enemies":"Large Slime","floor":11,"turns":7},{"damage":6,"enemies":"2 Fungi Beasts","floor":13,"turns":3},{"damage":16,"enemies":"3 Louse","floor":14,"turns":2},{"damage":26,"enemies":"Hexaghost","floor":16,"turns":8},{"damage":9,"enemies":"Chosen","floor":18,"turns":4},{"damage":32,"enemies":"3 Byrds","floor":19,"turns":5},{"damage":0,"enemies":"3 Cultists","floor":24,"turns":5},{"damage":59,"enemies":"Book of Stabbing","floor":25,"turns":5}],"seed_played":"-5663329395929113334","potions_obtained":[{"floor":4,"key":"PotionOfCapacity"},{"floor":10,"key":"EssenceOfDarkness"},{"floor":16,"key":"Strength Potion"},{"floor":24,"key":"Block Potion"}],"is_trial":false,"path_per_floor":["M","?","?","M","$","E","?","M","T","M","M","?","M","M","R","B",null,"M","M","?","T","$","R","M","E"],"character_chosen":"DEFECT","items_purchased":["White Noise","OrangePellets"],"campfire_rested":1,"item_purchase_floors":[5,22],"current_hp_per_floor":[64,64,57,57,57,57,57,57,57,54,53,58,59,50,50,31,60,58,26,26,26,26,46,53,0,0],"gold":33,"neow_bonus":"THREE_ENEMY_KILL","is_daily":false,"chose_seed":false,"campfire_upgraded":1,"win_rate":0.0,"timestamp":1611679065,"path_taken":["M","?","?","M","$","E","?","M","T","?","M","?","M","M","R","BOSS","M","M","?","?","$","R","M","E"],"items_purchased_type":["Card","Relic"],"build_version":"2020-12-22","purchased_purges":1,"victory":false,"max_hp_per_floor":[71,64,64,64,64,64,64,64,64,64,64,69,69,69,69,69,69,69,69,69,69,69,69,69,69,69],"card_choices":[{"not_picked":["Streamline","Stack","Sunder"],"picked":"SKIP","floor":1},{"not_picked":["Leap","Static Discharge"],"picked":"Cold Snap","floor":4},{"not_picked":["Genetic Algorithm","Turbo"],"picked":"Sweeping Beam","floor":6},{"not_picked":["Streamline","Darkness"],"picked":"Self Repair","floor":8},{"not_picked":["Rebound","Lockon","Coolheaded"],"picked":"SKIP","floor":10},{"not_picked":["Compile Driver","Conserve Battery"],"picked":"Doom and Gloom","floor":11},{"not_picked":["Reboot","Turbo"],"picked":"Chill","floor":13},{"not_picked":["Cold Snap","Barrage"],"picked":"FTL","floor":14},{"not_picked":["Multi-Cast","Hyperbeam"],"picked":"Core Surge","floor":16},{"not_picked":["Compile Driver","Hologram","Tempest"],"picked":"SKIP","floor":18},{"not_picked":["Coolheaded","Cold Snap"],"picked":"Leap","floor":19},{"not_picked":["Streamline","Turbo","Buffer"],"picked":"SKIP","floor":24}],"player_experience":1002594,"relics_obtained":[{"floor":6,"key":"Art of War"},{"floor":9,"key":"Tiny Chest"},{"floor":21,"key":"Cables"}],"event_choices":[{"damage_healed":0,"gold_gain":0,"player_choice":"Lose Max HP","damage_taken":0,"relics_obtained":["Golden Idol"],"max_hp_gain":0,"max_hp_loss":7,"event_name":"Golden Idol","floor":2,"gold_loss":0},{"cards_removed":["Defend_B"],"damage_healed":0,"gold_gain":0,"player_choice":"Card Removal","damage_taken":7,"max_hp_gain":0,"max_hp_loss":0,"event_name":"Golden Wing","floor":3,"gold_loss":0},{"damage_healed":0,"gold_gain":0,"player_choice":"Paid Gold","damage_taken":0,"relics_obtained":["Ancient Tea Set"],"max_hp_gain":0,"max_hp_loss":0,"event_name":"WeMeetAgain","floor":7,"gold_loss":66},{"damage_healed":0,"gold_gain":0,"player_choice":"Donut","damage_taken":0,"max_hp_gain":5,"max_hp_loss":0,"event_name":"Big Fish","floor":12,"gold_loss":0},{"damage_healed":0,"gold_gain":0,"player_choice":"Simplicity","damage_taken":0,"max_hp_gain":0,"max_hp_loss":0,"event_name":"Back to Basics","floor":20,"gold_loss":0,"cards_upgraded":["Strike_B","Strike_B","Strike_B","Strike_B","Defend_B","Defend_B","Defend_B"]}],"is_beta":false,"boss_relics":[{"not_picked":["Black Star","FrozenCore"],"picked":"Cursed Key"}],"items_purged_floors":[22],"is_endless":false,"potions_floor_spawned":[4,10,16,24],"killed_by":"Book of Stabbing","ascension_level":20}}