{"host":"lzlnscgb2n0l5w2m","time":1611677389,"event":{"mods":["AchievementEnabler","BaseMod","Block Reminder","Colored Powertips","Googly Eyes","Highlight Path","Minty Spire (QoL Compilation)","Permanent Neow","Relic Stats","StSLib"],"gold_per_floor":[13,13,25,41,51,70,70,70],"floor_reached":7,"language":"ZHT","playtime":765,"items_purged":[],"score":56,"play_id":"bcb5ff5e-05cc-4888-b037-04a4114fc3a9","local_time":"20210127000949","is_ascension_mode":true,"campfire_choices":[],"circlet_count":0,"master_deck":["Strike_G","Strike_G","Strike_G","Strike_G","Strike_G","Defend_G","Defend_G","Defend_G","Defend_G","Defend_G","Survivor","Neutralize","Accuracy","Setup","Underhanded Strike","Flechettes","Prepared"],"relics":["Ring of the Snake","Torii"],"acts_visited":["Exordium"],"potions_floor_usage":[6,7],"damage_taken":[{"damage":2,"enemies":"Cultist","floor":1,"turns":5},{"damage":2,"enemies":"Small Slimes","floor":3,"turns":4},{"damage":2,"enemies":"Jaw Worm","floor":4,"turns":4},{"damage":3,"enemies":"Blue Slaver","floor":5,"turns":5},{"damage":1,"enemies":"Lots of Slimes","floor":6,"turns":2},{"damage":35,"enemies":"Lagavulin","floor":7,"turns":11}],"seed_played":"4743194436554133461","potions_obtained":[{"floor":1,"key":"Explosive Potion"},{"floor":3,"key":"Fire Potion"},{"floor":5,"key":"BlessingOfTheForge"}],"is_trial":false,"path_per_floor":["M","$","M","M","M","M","E"],"character_chosen":"THE_SILENT","items_purchased":[],"campfire_rested":0,"item_purchase_floors":[],"current_hp_per_floor":[68,68,66,64,61,60,25,25],"gold":70,"neow_bonus":"ONE_RARE_RELIC","is_daily":false,"chose_seed":false,"campfire_upgraded":0,"win_rate":0.0,"timestamp":1611677389,"path_taken":["M","?","M","M","M","?","E"],"items_purchased_type":[],"build_version":"2020-12-22","purchased_purges":0,"victory":false,"max_hp_per_floor":[70,70,70,70,70,70,70,70],"relic_stats":{"Torii":25,"counters":[6,31],"obtain_stats":[{"Torii":0,"Ring of the Snake":0},{"Torii":0,"Ring of the Snake":0},{"Torii":0,"Ring of the Snake":0}],"Ring of the Snake":[12]},"card_choices":[{"not_picked":["Catalyst","PiercingWail"],"picked":"Accuracy","floor":1},{"not_picked":["Catalyst","Sucker Punch"],"picked":"Setup","floor":3},{"not_picked":["Acrobatics","Sucker Punch"],"picked":"Underhanded Strike","floor":4},{"not_picked":["Deflect","Heel Hook"],"picked":"Flechettes","floor":5},{"not_picked":["Bane","Dodge and Roll"],"picked":"Prepared","floor":6}],"player_experience":247235,"relics_obtained":[],"event_choices":[],"is_beta":false,"boss_relics":[],"items_purged_floors":[],"is_endless":false,"potions_floor_spawned":[1,3,5],"killed_by":"Lagavulin","ascension_level":5}}