{"host":"gobyjzz6xbwq9f9i","time":1611649958,"event":{"mods":["AchievementEnabler","BaseMod","Bestiary","Colored Map","Minty Spire (QoL Compilation)"],"gold_per_floor":[110,110,126,144,144,144,174,190,190,210,240,252,284,284,284,415,415,438,457,556,20,43,43,83,83,83,121,146,185,208,227,227,352,352,372,54,75,93,149,188,188,188,188,226,247,247,278,278,278,278],"floor_reached":51,"language":"ENG","playtime":2636,"items_purged":[],"score":1363,"play_id":"fce3c1f3-54af-4399-8cd1-006da406adcf","local_time":"20210126003238","is_ascension_mode":true,"campfire_choices":[{"data":"Zap","floor":6,"key":"SMITH"},{"data":"Defragment","floor":15,"key":"SMITH"},{"data":"Biased Cognition","floor":23,"key":"SMITH"},{"data":"Electrodynamics","floor":25,"key":"SMITH"},{"data":"Consume","floor":32,"key":"SMITH"},{"data":"Capacitor","floor":41,"key":"SMITH"},{"data":"Biased Cognition","floor":46,"key":"SMITH"},{"data":"Echo Form","floor":49,"key":"SMITH"}],"circlet_count":0,"master_deck":["AscendersBane","Strike_B+1","Strike_B","Strike_B+1","Strike_B","Defend_B","Defend_B","Defend_B","Defend_B","Zap+1","Dualcast","Leap","Cold Snap","Defragment+1","Conserve Battery","Multi-Cast","Undo","Biased Cognition+1","Cold Snap+1","Consume+1","Electrodynamics+1","Coolheaded+1","Self Repair+1","Echo Form+1","Reinforced Body","Core Surge","Turbo+1","Capacitor+1","Hologram+1","Writhe","Biased Cognition+1","Coolheaded+1"],"relics":["Cracked Core","Singing Bowl","Ice Cream","Mango","StoneCalendar","Golden Idol","Cursed Key","Eternal Feather","ClockworkSouvenir","InkBottle","Orichalcum","Cables","Philosopher\u0027s Stone","Mummified Hand","Unceasing Top","Vajra","Gambling Chip","Molten Egg 2","Juzu Bracelet"],"acts_visited":["Exordium","TheCity","TheBeyond"],"potions_floor_usage":[0,11,13,16,19,33,40,47],"damage_taken":[{"damage":0,"enemies":"Cultist","floor":1,"turns":4},{"damage":0,"enemies":"Small Slimes","floor":3,"turns":2},{"damage":7,"enemies":"Jaw Worm","floor":4,"turns":2},{"damage":19,"enemies":"3 Sentries","floor":7,"turns":6},{"damage":0,"enemies":"Blue Slaver","floor":8,"turns":3},{"damage":0,"enemies":"3 Louse","floor":10,"turns":3},{"damage":15,"enemies":"Lagavulin","floor":11,"turns":5},{"damage":5,"enemies":"2 Fungi Beasts","floor":12,"turns":3},{"damage":7,"enemies":"Gremlin Nob","floor":13,"turns":3},{"damage":3,"enemies":"Hexaghost","floor":16,"turns":9},{"damage":0,"enemies":"Chosen","floor":18,"turns":3},{"damage":7,"enemies":"Spheric Guardian","floor":19,"turns":5},{"damage":6,"enemies":"Centurion and Healer","floor":22,"turns":3},{"damage":10,"enemies":"Book of Stabbing","floor":24,"turns":5},{"damage":25,"enemies":"Slavers","floor":27,"turns":3},{"damage":14,"enemies":"Shelled Parasite and Fungi","floor":28,"turns":4},{"damage":18,"enemies":"Book of Stabbing","floor":29,"turns":6},{"damage":0,"enemies":"3 Cultists","floor":30,"turns":3},{"damage":2,"enemies":"Centurion and Healer","floor":31,"turns":4},{"damage":0,"enemies":"Automaton","floor":33,"turns":8},{"damage":19,"enemies":"3 Shapes","floor":35,"turns":5},{"damage":17,"enemies":"3 Darklings","floor":37,"turns":3},{"damage":29,"enemies":"Writhing Mass","floor":38,"turns":7},{"damage":38,"enemies":"2 Orb Walkers","floor":39,"turns":5},{"damage":0,"enemies":"Giant Head","floor":40,"turns":14},{"damage":6,"enemies":"Nemesis","floor":44,"turns":7},{"damage":0,"enemies":"Sphere and 2 Shapes","floor":45,"turns":1},{"damage":12,"enemies":"Reptomancer","floor":47,"turns":5},{"damage":15,"enemies":"Donu and Deca","floor":50,"turns":6}],"seed_played":"-5985161685869957480","potions_obtained":[{"floor":0,"key":"PotionOfCapacity"},{"floor":0,"key":"Fruit Juice"},{"floor":0,"key":"Strength Potion"},{"floor":10,"key":"Fire Potion"},{"floor":11,"key":"Regen Potion"},{"floor":13,"key":"SteroidPotion"},{"floor":16,"key":"Strength Potion"},{"floor":19,"key":"LiquidMemories"},{"floor":22,"key":"Fire Potion"},{"floor":31,"key":"Ancient Potion"},{"floor":35,"key":"Fire Potion"},{"floor":38,"key":"Regen Potion"},{"floor":44,"key":"Swift Potion"}],"is_trial":false,"path_per_floor":["M","?","M","M","?","R","E","M","T","M","E","M","E","?","R","B",null,"M","M","?","$","M","R","E","R","T","E","M","E","M","M","R","B",null,"M","$","M","M","?","E","R","?","T","E","M","R","E","?","R","B",null],"character_chosen":"DEFECT","items_purchased":["Eternal Feather","ClockworkSouvenir","Electrodynamics","Capacitor","Mummified Hand"],"campfire_rested":0,"item_purchase_floors":[21,21,21,36,36],"current_hp_per_floor":[73,57,57,50,50,50,31,31,31,33,32,27,22,22,22,19,73,73,80,80,80,74,86,76,88,88,73,71,73,75,85,97,97,97,88,88,81,64,38,60,78,78,78,84,84,100,98,98,100,95],"gold":278,"neow_bonus":"THREE_SMALL_POTIONS","is_daily":false,"chose_seed":false,"campfire_upgraded":8,"win_rate":0.0,"timestamp":1611649958,"path_taken":["M","?","M","M","?","R","E","M","T","M","E","M","E","?","R","BOSS","M","M","?","$","M","R","E","R","T","E","M","E","M","M","R","BOSS","M","$","M","M","?","E","R","?","T","E","M","R","E","?","R","BOSS"],"items_purchased_type":["Relic","Relic","Card","Card","Relic"],"build_version":"2020-12-22","purchased_purges":0,"victory":true,"max_hp_per_floor":[80,80,80,80,80,80,80,80,80,82,96,96,98,91,91,91,91,91,91,91,91,91,91,91,91,91,91,93,93,95,97,97,97,97,97,97,97,99,101,103,103,98,98,100,100,100,100,100,100,100],"card_choices":[{"not_picked":["Defragment","Force Field"],"picked":"Rip and Tear","floor":1},{"not_picked":["Hologram","Doom and Gloom"],"picked":"Leap","floor":3},{"not_picked":["Rebound","Thunder Strike"],"picked":"Cold Snap","floor":4},{"not_picked":["Fission","Darkness"],"picked":"Defragment","floor":7},{"not_picked":["Turbo","Force Field"],"picked":"Conserve Battery","floor":8},{"not_picked":["Beam Cell","All For One","Hello World"],"picked":"Singing Bowl","floor":10},{"not_picked":["Steam","Beam Cell"],"picked":"Multi-Cast","floor":11},{"not_picked":["Leap","Beam Cell"],"picked":"Undo","floor":12},{"not_picked":["Meteor Strike","Stack","Gash"],"picked":"Singing Bowl","floor":13},{"not_picked":["Reboot","Rainbow"],"picked":"Biased Cognition","floor":16},{"not_picked":["Ball Lightning+1","Loop"],"picked":"Cold Snap+1","floor":18},{"not_picked":["Sweeping Beam+1","Recycle+1"],"picked":"Consume","floor":19},{"not_picked":["Stack","Aggregate"],"picked":"Coolheaded+1","floor":22},{"not_picked":["Gash","White Noise"],"picked":"Self Repair+1","floor":24},{"not_picked":["Turbo","Gash+1"],"picked":"Echo Form","floor":27},{"not_picked":["Rebound+1","Darkness","Streamline"],"picked":"Singing Bowl","floor":28},{"not_picked":["Machine Learning","Self Repair"],"picked":"Reinforced Body","floor":29},{"not_picked":["Rebound","Fusion","Cold Snap"],"picked":"Singing Bowl","floor":30},{"not_picked":["Sweeping Beam","Steam","Doom and Gloom"],"picked":"Singing Bowl","floor":31},{"not_picked":["Buffer","Echo Form"],"picked":"Core Surge","floor":33},{"not_picked":["Ball Lightning+1","FTL+1"],"picked":"Turbo+1","floor":35},{"not_picked":["Barrage+1","Static Discharge+1"],"picked":"Hologram+1","floor":37},{"not_picked":["Consume","Stack+1","Streamline+1"],"picked":"Singing Bowl","floor":38},{"not_picked":["Beam Cell","Steam","Sweeping Beam"],"picked":"Singing Bowl","floor":39},{"not_picked":["Chaos+1","Barrage","Hello World"],"picked":"Singing Bowl","floor":40},{"not_picked":["Aggregate","Auto Shields+1","Conserve Battery+1"],"picked":"Singing Bowl","floor":44},{"not_picked":["Force Field+1","Self Repair+1"],"picked":"Biased Cognition","floor":45},{"not_picked":["Rebound+1","Chaos"],"picked":"Coolheaded+1","floor":47}],"player_experience":1172206,"relics_obtained":[{"floor":7,"key":"Singing Bowl"},{"floor":9,"key":"Ice Cream"},{"floor":11,"key":"Mango"},{"floor":13,"key":"StoneCalendar"},{"floor":24,"key":"InkBottle"},{"floor":27,"key":"Orichalcum"},{"floor":29,"key":"Cables"},{"floor":39,"key":"Unceasing Top"},{"floor":40,"key":"Vajra"},{"floor":43,"key":"Gambling Chip"},{"floor":44,"key":"Molten Egg 2"},{"floor":47,"key":"Juzu Bracelet"}],"event_choices":[{"damage_healed":0,"gold_gain":0,"player_choice":"Entered Light","damage_taken":16,"max_hp_gain":0,"max_hp_loss":0,"event_name":"Shining Light","floor":2,"gold_loss":0,"cards_upgraded":["Strike_B","Strike_B"]},{"damage_healed":0,"gold_gain":0,"player_choice":"Grow","damage_taken":0,"max_hp_gain":0,"max_hp_loss":0,"event_name":"Living Wall","floor":5,"gold_loss":0,"cards_upgraded":["Rip and Tear"]},{"damage_healed":0,"gold_gain":0,"player_choice":"Lose Max HP","damage_taken":0,"relics_obtained":["Golden Idol"],"max_hp_gain":0,"max_hp_loss":7,"event_name":"Golden Idol","floor":14,"gold_loss":0},{"damage_healed":0,"gold_gain":99,"player_choice":"Stole From Cult","damage_taken":0,"max_hp_gain":0,"max_hp_loss":0,"event_name":"Nest","floor":20,"gold_loss":0},{"damage_healed":0,"gold_gain":0,"player_choice":"Fight","damage_taken":0,"max_hp_gain":0,"max_hp_loss":0,"event_name":"Mysterious Sphere","floor":39,"gold_loss":0},{"damage_healed":0,"gold_gain":0,"player_choice":"Max HP","damage_taken":0,"max_hp_gain":0,"max_hp_loss":5,"event_name":"Winding Halls","floor":42,"gold_loss":0},{"cards_removed":["Rip and Tear"],"damage_healed":0,"gold_gain":0,"player_choice":"Removed Attack","damage_taken":0,"max_hp_gain":0,"max_hp_loss":0,"event_name":"Falling","floor":48,"gold_loss":0}],"is_beta":false,"boss_relics":[{"not_picked":["Empty Cage","Busted Crown"],"picked":"Cursed Key"},{"not_picked":["Pandora\u0027s Box","Runic Dome"],"picked":"Philosopher\u0027s Stone"}],"items_purged_floors":[],"is_endless":false,"potions_floor_spawned":[10,11,13,16,19,22,28,29,31,35,38,39,44],"ascension_level":10}}