{"host":"c3lc60y5x60jlt1y","time":1611674772,"event":{"mods":["AchievementEnabler","BaseMod","Bestiary","Colored Map","Minty Spire (QoL Compilation)","Quick Restart","StSLib","ojb\u0027s Info Mod"],"gold_per_floor":[113,133,58,133,133,133,160,160,160,160,185,185,202,202,202,202,202],"floor_reached":16,"language":"ENG","playtime":419,"items_purged":[],"score":212,"play_id":"b4adfa38-b7d7-4807-8422-28c355a3b0ce","local_time":"20210126172612","is_ascension_mode":true,"campfire_choices":[{"data":"Flame Barrier","floor":6,"key":"SMITH"},{"data":"Bash","floor":8,"key":"SMITH"},{"floor":10,"key":"REST"},{"data":"Immolate","floor":15,"key":"SMITH"}],"circlet_count":0,"master_deck":["AscendersBane","Strike_R","Strike_R","Strike_R","Defend_R","Defend_R","Bash+1","Anger","Flame Barrier+1","Thunderclap","Spot Weakness+1","Twin Strike","Immolate+1"],"relics":["Burning Blood","Nunchaku","Pear","Turnip","WingedGreaves"],"acts_visited":["Exordium"],"potions_floor_usage":[7,16],"damage_taken":[{"damage":12,"enemies":"Small Slimes","floor":1,"turns":4},{"damage":9,"enemies":"Jaw Worm","floor":2,"turns":4},{"damage":44,"enemies":"3 Sentries","floor":7,"turns":10},{"damage":31,"enemies":"Lagavulin","floor":11,"turns":6},{"damage":1,"enemies":"Cultist","floor":13,"turns":3},{"damage":26,"enemies":"The Guardian","floor":16,"turns":6}],"seed_played":"3850942322020816834","potions_obtained":[{"floor":1,"key":"SkillPotion"},{"floor":11,"key":"LiquidBronze"}],"is_trial":false,"path_per_floor":["M","M","?","?","?","R","E","R","T","R","E","?","M","T","R","B"],"character_chosen":"IRONCLAD","items_purchased":[],"campfire_rested":1,"item_purchase_floors":[],"current_hp_per_floor":[62,59,59,48,48,48,10,10,20,43,18,18,23,23,23,0,0],"gold":202,"neow_bonus":"REMOVE_TWO","is_daily":false,"chose_seed":false,"campfire_upgraded":3,"win_rate":0.0,"timestamp":1611674772,"path_taken":["M","M","?","?","?","R","E","R","T","R","E","?","?","?","R","BOSS"],"items_purchased_type":[],"build_version":"2020-12-22","purchased_purges":0,"victory":false,"max_hp_per_floor":[68,68,68,68,68,68,68,68,78,78,78,78,78,78,78,78,78],"card_choices":[{"not_picked":["Disarm","Intimidate"],"picked":"Anger","floor":1},{"not_picked":["Havoc","Metallicize"],"picked":"Flame Barrier","floor":2},{"not_picked":["Headbutt","Dropkick"],"picked":"Spot Weakness","floor":7},{"not_picked":["Cleave","Rage"],"picked":"Twin Strike","floor":11},{"not_picked":["Sword Boomerang","Flex"],"picked":"Immolate","floor":13}],"player_experience":8590937,"relics_obtained":[{"floor":7,"key":"Nunchaku"},{"floor":9,"key":"Pear"},{"floor":11,"key":"Turnip"},{"floor":14,"key":"WingedGreaves"}],"event_choices":[{"cards_removed":["Defend_R"],"damage_healed":0,"gold_gain":0,"player_choice":"Card Removal","damage_taken":0,"max_hp_gain":0,"max_hp_loss":0,"event_name":"The Cleric","floor":3,"gold_loss":75},{"damage_healed":0,"gold_gain":75,"player_choice":"Gather Gold","damage_taken":11,"max_hp_gain":0,"max_hp_loss":0,"event_name":"World of Goop","floor":4,"gold_loss":0},{"damage_healed":0,"gold_gain":0,"cards_transformed":["Strike_R"],"player_choice":"Change","damage_taken":0,"max_hp_gain":0,"max_hp_loss":0,"event_name":"Living Wall","floor":5,"gold_loss":0,"cards_obtained":["Thunderclap"]},{"damage_healed":0,"gold_gain":0,"player_choice":"Upgraded","damage_taken":0,"max_hp_gain":0,"max_hp_loss":0,"event_name":"Upgrade Shrine","floor":12,"gold_loss":0,"cards_upgraded":["Spot Weakness"]}],"is_beta":false,"boss_relics":[],"items_purged_floors":[],"is_endless":false,"potions_floor_spawned":[1,11],"killed_by":"The Guardian","ascension_level":20}}