{"host":"bpkhhmvsfrvlto2l","time":1611674115,"event":{"mods":["2.2 Compatiblity","AchievementEnabler","Act Like it!","AlwaysNeverKeys","Aspiration","BaseMod","Better Silent Start","Challenge The Spire","Colored Map","Colored Powertips","Custom Start","Energized Spire","Friendly Minions","GifTheSpireLib","Halation","Hubris","Infinite Spire","Ironclad Rager","Mimic Mod","Minty Spire (QoL Compilation)","Permanent Neow","Quick Restart","Random Character Button","Relic Sorter","Replay The Spire","Spikes Relics","StSLib","Stuff the Spire","Swap Starting Deck Mod","Trackpad"],"gold_per_floor":[110,110,110,110,124,124,143,174,174,174,185,185,213,67,67,164,164,176,176,193,213,66,190,210,227,252,252,351,365,365,365,365,464,464,478,252,302,319,319,319,338,338,338],"floor_reached":42,"language":"ENG","playtime":1073,"items_purged":["Notoriety"],"score":716,"play_id":"2bbc54cd-0fb1-4b7b-b99a-a1a0aa642b7f","local_time":"20210126101515","is_ascension_mode":true,"campfire_choices":[{"data":"Prostrate","floor":6,"key":"SMITH"},{"data":"Prostrate","floor":10,"key":"SMITH"},{"data":"Prostrate","floor":12,"key":"SMITH"},{"data":"Pot Of Greed","floor":15,"key":"SMITH"},{"floor":27,"key":"REST"},{"data":"MasterReality","floor":32,"key":"SMITH"},{"data":"Pot Of Greed","floor":40,"key":"SMITH"}],"circlet_count":0,"master_deck":["ReachHeaven","ReachHeaven","ReachHeaven","ReachHeaven","Prostrate","Prostrate","Prostrate+1","Prostrate+1","Prostrate+1","Pray+1","Pot Of Greed+1","MasterReality+1","CurseOfTheBell","Pot Of Greed+1"],"relics":["PureWater","Regal Pillow","infinitespire:PuzzleCube","Grinning Jar","halation:PrussianBluePaint","Calling Bell","StuffTheSpire:TintedRock","Onion Ring","Calipers","SlaversCollar","aspiration:HatOfInfinitePower","halation:LettersToHer","ZombieTooth","infinitespire:Lucky Rock","ReplayTheSpireMod:CursedCoin","trackpad:CultistFigurine","MiniBlackHole","Replay:PocketPolymizer"],"acts_visited":["Exordium","TheCity","TheBeyond"],"potions_floor_usage":[23,23,29,33,42],"damage_taken":[{"damage":0,"enemies":"Jaw Worm","floor":1,"turns":2},{"damage":0,"enemies":"2 Louse","floor":5,"turns":2},{"damage":0,"enemies":"Cultist","floor":7,"turns":2},{"damage":12,"enemies":"Lagavulin","floor":8,"turns":3},{"damage":0,"enemies":"Large Slime","floor":11,"turns":2},{"damage":2,"enemies":"3 Sentries","floor":13,"turns":4},{"damage":0,"enemies":"Slime Boss","floor":16,"turns":2},{"damage":0,"enemies":"Spheric Guardian","floor":18,"turns":2},{"damage":17,"enemies":"2 Thieves","floor":20,"turns":3},{"damage":16,"enemies":"Snake Plant","floor":21,"turns":2},{"damage":12,"enemies":"Book of Stabbing","floor":23,"turns":2},{"damage":10,"enemies":"Snecko","floor":24,"turns":3},{"damage":2,"enemies":"Cultist and Chosen","floor":25,"turns":3},{"damage":0,"enemies":"Snake Plant","floor":29,"turns":2},{"damage":16,"enemies":"Automaton","floor":33,"turns":4},{"damage":23,"enemies":"3 Darklings","floor":35,"turns":3},{"damage":0,"enemies":"Mind Bloom Boss Battle","floor":37,"turns":2},{"damage":0,"enemies":"Orb Walker","floor":38,"turns":1},{"damage":6,"enemies":"Writhing Mass","floor":41,"turns":3},{"damage":39,"enemies":"R_Hoarder","floor":42,"turns":7}],"seed_played":"2282371289343451934","potions_obtained":[{"floor":8,"key":"SkillPotion"},{"floor":13,"key":"BottledMiracle"},{"floor":16,"key":"SneckoOil"},{"floor":18,"key":"Block Potion"},{"floor":21,"key":"Adrenaline Potion"},{"floor":25,"key":"Explosive Potion"},{"floor":35,"key":"SpeedPotion"},{"floor":37,"key":"Strength Potion"},{"floor":41,"key":"Fire Potion"}],"is_trial":false,"path_per_floor":["M","$","?","?","M","R","M","E","T","R","M","R","E","$","R","B",null,"M","AVR","M","M","$","E","M","M","T","R","?","M","?","?","R","B",null,"M","$","?","M","?","R","M","E"],"character_chosen":"WATCHER","items_purchased":["halation:PrussianBluePaint","halation:LettersToHer","ReplayTheSpireMod:CursedCoin","trackpad:CultistFigurine","MiniBlackHole"],"campfire_rested":1,"item_purchase_floors":[14,22,36,36,36],"current_hp_per_floor":[33,33,57,57,57,57,57,45,45,45,45,45,43,43,43,43,65,65,65,48,32,32,20,10,8,8,44,44,44,44,44,44,28,61,38,38,38,38,45,45,39,0,0],"gold":338,"neow_bonus":"","is_daily":false,"chose_seed":false,"campfire_upgraded":6,"win_rate":0.0,"timestamp":1611674115,"path_taken":["M","$","?","?","M","R","M","E","T","R","?","R","E","$","R","BOSS","M","AVR","M","M","$","E","M","M","T","R","?","M","?","?","R","BOSS","M","$","?","M","?","R","M","E"],"items_purchased_type":["Relic","Relic","Relic","Relic","Relic"],"build_version":"2020-12-22","purchased_purges":1,"victory":false,"max_hp_per_floor":[72,72,72,72,72,72,72,72,72,72,72,72,72,72,72,72,72,72,72,72,72,72,72,72,72,72,72,72,72,72,72,72,72,72,72,72,72,72,72,72,72,72,72],"card_choices":[{"not_picked":["Judgement","ConjureBlade"],"picked":"MasterReality","floor":16}],"player_experience":123257,"relics_obtained":[{"floor":8,"key":"Regal Pillow"},{"floor":9,"key":"infinitespire:PuzzleCube"},{"floor":13,"key":"Grinning Jar"},{"floor":17,"key":"StuffTheSpire:TintedRock"},{"floor":17,"key":"Onion Ring"},{"floor":17,"key":"Calipers"},{"floor":23,"key":"ZombieTooth"},{"floor":26,"key":"halation:LettersToHer"},{"floor":26,"key":"infinitespire:Lucky Rock"},{"floor":37,"key":"Replay:PocketPolymizer"}],"event_choices":[{"damage_healed":24,"gold_gain":0,"player_choice":"Banana","damage_taken":0,"max_hp_gain":0,"max_hp_loss":0,"event_name":"Big Fish","floor":3,"gold_loss":0},{"damage_healed":0,"gold_gain":0,"player_choice":"Forge","damage_taken":0,"max_hp_gain":0,"max_hp_loss":0,"event_name":"Accursed Blacksmith","floor":4,"gold_loss":0,"cards_upgraded":["Pray"]},{"damage_healed":0,"gold_gain":99,"player_choice":"Stole From Cult","damage_taken":0,"max_hp_gain":0,"max_hp_loss":0,"event_name":"Nest","floor":28,"gold_loss":0},{"damage_healed":0,"gold_gain":0,"player_choice":"Ignored","damage_taken":0,"max_hp_gain":0,"max_hp_loss":0,"event_name":"Vampires","floor":30,"gold_loss":0},{"damage_healed":0,"gold_gain":0,"player_choice":"Ignored","damage_taken":0,"max_hp_gain":0,"max_hp_loss":0,"event_name":"Ghosts","floor":31,"gold_loss":0},{"damage_healed":0,"gold_gain":0,"player_choice":"Fight","damage_taken":0,"max_hp_gain":0,"max_hp_loss":0,"event_name":"MindBloom","floor":37,"gold_loss":0}],"is_beta":false,"boss_relics":[{"not_picked":["hubris:VirtuousBlindfold","hubris:BlackHole"],"picked":"Calling Bell"},{"not_picked":["energizedSpire:NeverEndingSparkler","aspiration:RunicSpoon","energizedSpire:RedRose"]}],"items_purged_floors":[36],"is_endless":false,"potions_floor_spawned":[8,13,16,18,20,21,25,35,37,41],"killed_by":"R_Hoarder","ascension_level":8}}