{"host":"farxtl2u8hmkbdo2","time":1611699228,"event":{"mods":["A Magickal Journey","BaseMod","Better Altar","Better Note","Better Sensory Stone","Better Skull","Better Third Choice","Challenge The Spire","Colored Map","Colored Powertips","Current Relic Mod","Energized Spire","Fox Events","Gremlin Mod","Hermit","Hubris","Mimic Mod","Minty Spire (QoL Compilation)","Quick Restart","READ ME - Guardian Mod","READ ME - Snecko Mod","Rare Cards Sparkle","StSLib","The Bladedancer","The Bug Knight","The Cursed","The Disciple","The Elementalist","The Hierophant","The Marked","The Necromancer","The Runesmith","Transform Curses"],"gold_per_floor":[113,288,320,28,28,28,58,70,212,242,272,443,465,510,522,534,534],"floor_reached":16,"language":"SPA","playtime":1238,"items_purged":[],"score":108,"play_id":"5f780142-93b9-43d0-8aa9-9403c17b5ef8","local_time":"20210126191348","is_ascension_mode":false,"campfire_choices":[{"data":"TheCursedMod:CleanUpWorkshop","floor":6,"key":"SMITH"},{"data":"TheCursedMod:Grudge","floor":15,"key":"SMITH"}],"circlet_count":0,"master_deck":["TheCursedMod:Strike_TheCursed+1","TheCursedMod:Strike_TheCursed","TheCursedMod:Strike_TheCursed","TheCursedMod:Strike_TheCursed","TheCursedMod:Defend_TheCursed+1","TheCursedMod:Defend_TheCursed","TheCursedMod:Defend_TheCursed","TheCursedMod:Defend_TheCursed","TheCursedMod:CursedWand","TheCursedMod:CleanUpWorkshop+1","TheCursedMod:Dregs","TheCursedMod:SurpriseAttack","Doubt","TheCursedMod:CursedAmulet","TheCursedMod:StingEye","hubris:DuctTapeCard","TheCursedMod:SpitefulStrike","TheCursedMod:Grudge+1"],"relics":["TheCursedMod:BlackMagic101","foxEvents:LuckyCharm","Sling","hubris:ToyBattleship","MawBank","Art of War","hubris:DuctTape","TheCursedMod:Tack"],"acts_visited":["Exordium"],"potions_floor_usage":[16],"damage_taken":[{"damage":0,"enemies":"2 Louse","floor":1,"turns":2},{"damage":16,"enemies":"Colosseum Slavers","floor":3,"turns":4},{"damage":12,"enemies":"Gremlin Nob","floor":7,"turns":4},{"damage":11,"enemies":"Jaw Worm","floor":10,"turns":3},{"damage":5,"enemies":"Small Slimes","floor":11,"turns":4},{"damage":0,"enemies":"Looter","floor":13,"turns":4},{"damage":1,"enemies":"HollowMod:MossKnight","floor":14,"turns":11},{"damage":21,"enemies":"Hexaghost","floor":16,"turns":11}],"seed_played":"-6588933775304107554","potions_obtained":[{"floor":10,"key":"Weak Potion"},{"floor":13,"key":"SteroidPotion"},{"floor":14,"key":"SpeedPotion"}],"is_trial":false,"path_per_floor":["M","?","?","$","?","R","E","$","T","M","M","T","M","E","R","B"],"character_chosen":"THE_CURSED","items_purchased":["Sling","hubris:ToyBattleship"],"campfire_rested":0,"item_purchase_floors":[4,4],"current_hp_per_floor":[82,82,66,66,50,50,38,38,38,27,22,22,22,21,21,0,0],"gold":534,"neow_bonus":"TEN_PERCENT_HP_BONUS","is_daily":false,"chose_seed":false,"campfire_upgraded":2,"win_rate":0.0,"timestamp":1611699228,"path_taken":["M","?","?","?","?","R","E","?","T","M","M","?","M","E","R","BOSS"],"items_purchased_type":["Relic","Relic"],"build_version":"2020-12-22","purchased_purges":0,"victory":false,"max_hp_per_floor":[82,82,82,82,82,82,82,82,82,82,82,82,82,82,82,82,82],"card_choices":[{"not_picked":["TheCursedMod:TacticalStrike","TheCursedMod:HellsGateOpen"],"picked":"TheCursedMod:SurpriseAttack","floor":1},{"not_picked":["TheCursedMod:Grudge","TheCursedMod:SmokeScreen"],"picked":"TheCursedMod:Evocation","floor":3},{"not_picked":["TheCursedMod:Wield","TheCursedMod:RavingStaff"],"picked":"TheCursedMod:Stretching","floor":7},{"not_picked":["TheCursedMod:FuryStrike","TheCursedMod:CircleOfWindfury"],"picked":"TheCursedMod:CursedAmulet","floor":10},{"not_picked":["TheCursedMod:CursedAmulet","TheCursedMod:Wield"],"picked":"TheCursedMod:StingEye","floor":11},{"not_picked":["TheCursedMod:Evocation","TheCursedMod:ManaBullet"],"picked":"TheCursedMod:SpitefulStrike","floor":13},{"not_picked":["TheCursedMod:TacticalStrike","TheCursedMod:SoulCrush"],"picked":"TheCursedMod:Grudge","floor":14}],"player_experience":1879983,"relics_obtained":[{"floor":3,"key":"foxEvents:LuckyCharm"},{"floor":7,"key":"MawBank"},{"floor":9,"key":"Art of War"},{"floor":12,"key":"hubris:DuctTape"},{"floor":14,"key":"TheCursedMod:Tack"}],"event_choices":[{"damage_healed":0,"gold_gain":175,"player_choice":"AGREE","damage_taken":113,"max_hp_gain":0,"max_hp_loss":0,"event_name":"betterThird:BetterSerpent","floor":2,"gold_loss":0},{"damage_healed":66,"gold_gain":0,"player_choice":"Upgrade","damage_taken":16,"max_hp_gain":0,"max_hp_loss":82,"event_name":"betterThird:BetterShining","floor":5,"gold_loss":0,"cards_upgraded":["TheCursedMod:Defend_TheCursed","TheCursedMod:Strike_TheCursed"]}],"is_beta":false,"boss_relics":[],"items_purged_floors":[],"is_endless":false,"potions_floor_spawned":[10,13,14],"killed_by":"Hexaghost","ascension_level":0}}