{"host":"vucub2jtaeo9vgh1","time":1611626330,"event":{"mods":["BaseMod","BetterRewards","GungeonMod","Minty Spire (QoL Compilation)","Quick Restart","Rare Cards Sparkle","Replay The Spire","StSLib"],"gold_per_floor":[102,113,93,16,30,64,75,86,157,175,191,191,191,223,223,320,320,333,367,367,386,216,244,269,269,269,304,304,304,304,3,3,104,104,122,89,100,114,132,164,179,179,179,199,230,246,263,283,283,288,288,288,29,60,60],"floor_reached":56,"language":"ENG","playtime":2570,"items_purged":["Overencumbered","Clumsy","DemoMod:Strike_Huntress"],"score":2054,"play_id":"7a648321-7cde-4243-98f2-435587b8d707","local_time":"20210126025850","is_ascension_mode":false,"campfire_choices":[{"data":"DemoMod:ShadowBullets","floor":13.0,"key":"SMITH"},{"data":"DemoMod:ShadowBullets","floor":15.0,"key":"SMITH"},{"data":"DemoMod:PotionOfGunFriendShip","floor":25.0,"key":"SMITH"},{"data":"DemoMod:HungryBullets","floor":28.0,"key":"SMITH"},{"data":"DemoMod:ShadowBullets","floor":30.0,"key":"SMITH"},{"data":"DemoMod:GunslingerForm","floor":32.0,"key":"SMITH"},{"data":"DemoMod:TableSutra","floor":42.0,"key":"SMITH"},{"floor":49.0,"key":"RECALL"},{"data":"DemoMod:HuntsMan","floor":52.0,"key":"SMITH"}],"circlet_count":0,"master_deck":["DemoMod:Defend_Huntress","DemoMod:Defend_Huntress","DemoMod:Defend_Huntress","DemoMod:Defend_Huntress","DemoMod:Roll","DemoMod:ManualReload","DemoMod:RustySidearm","DemoMod:CrossBow","DemoMod:MachoBrace","DemoMod:ShadowBullets+1","DemoMod:HuntsMan+1","DemoMod:ChanceBullets","DemoMod:HuntsMan","DemoMod:MachoBrace","DemoMod:CombinedRifle","DemoMod:ShadowBullets+1","DemoMod:HardPowerCard","DemoMod:BSG","DemoMod:HungryBullets+1","DemoMod:ShadowBullets+1","DemoMod:Elimentaler","DemoMod:PotionOfGunFriendShip+1","DemoMod:GunslingerForm+1","DemoMod:Unmoved","DemoMod:HungryBullets+1","DemoMod:BalloonGun","DemoMod:HardPowerCard+1","DemoMod:HardPowerCard+1","DemoMod:HardPowerCard+1","DemoMod:TableSutra+1","DemoMod:HungryBullets+1","Parasite","DemoMod:Purify","DemoMod:HuntsMan+1"],"relics":["DemoMod:Dog","DemoMod:SevenLeafClover","DemoMod:MeatBun","Boot","Matryoshka","WingedGreaves","Replay:WaspNest","Garlic","ReplayTheSpireMod:CursedCoin","Anchor","Bag of Preparation","DemoMod:ElasticCartridgeClip","Lizard Tail","Mango","DemoMod:RedGuonStone","DemoMod:Ammonomicon","Oddly Smooth Stone","Shuriken","Du-Vu Doll","Singing Bowl","Toxic Egg 2","NlothsMask","Sling","Ring of Chaos","Gambling Chip","DemoMod:GreenGuonStone","Smiling Mask","Chameleon Ring","Bronze Scales"],"acts_visited":["Exordium","TheCity","TheBeyond","TheEnding"],"potions_floor_usage":[55,55],"damage_taken":[{"damage":0.0,"enemies":"Small Slimes","floor":1.0,"turns":3.0},{"damage":0.0,"enemies":"Cultist","floor":2.0,"turns":3.0},{"damage":0.0,"enemies":"Jaw Worm","floor":5.0,"turns":1.0},{"damage":0.0,"enemies":"Gremlin Nob","floor":6.0,"turns":2.0},{"damage":0.0,"enemies":"Large Slime","floor":7.0,"turns":2.0},{"damage":0.0,"enemies":"2 Fungi Beasts","floor":8.0,"turns":2.0},{"damage":0.0,"enemies":"Exordium Thugs","floor":11.0,"turns":3.0},{"damage":0.0,"enemies":"3 Sentries","floor":14.0,"turns":3.0},{"damage":0.0,"enemies":"Fading Forest","floor":16.0,"turns":11.0},{"damage":0.0,"enemies":"Shell Parasite","floor":18.0,"turns":3.0},{"damage":0.0,"enemies":"3 Byrds","floor":19.0,"turns":8.0},{"damage":0.0,"enemies":"3 Byrds","floor":21.0,"turns":3.0},{"damage":0.0,"enemies":"Gremlin Leader","floor":23.0,"turns":3.0},{"damage":0.0,"enemies":"Book of Stabbing","floor":24.0,"turns":2.0},{"damage":0.0,"enemies":"Slavers","floor":27.0,"turns":3.0},{"damage":2.0,"enemies":"Pondfish","floor":33.0,"turns":10.0},{"damage":0.0,"enemies":"Orb Walker","floor":35.0,"turns":3.0},{"damage":0.0,"enemies":"3 Darklings","floor":37.0,"turns":4.0},{"damage":0.0,"enemies":"Transient","floor":38.0,"turns":5.0},{"damage":18.0,"enemies":"4 Shapes","floor":39.0,"turns":6.0},{"damage":0.0,"enemies":"Giant Head","floor":40.0,"turns":6.0},{"damage":0.0,"enemies":"3 Darklings","floor":41.0,"turns":6.0},{"damage":0.0,"enemies":"Jaw Worm Horde","floor":44.0,"turns":5.0},{"damage":0.0,"enemies":"Reptomancer","floor":45.0,"turns":6.0},{"damage":0.0,"enemies":"Writhing Mass","floor":46.0,"turns":6.0},{"damage":0.0,"enemies":"3 Darklings","floor":47.0,"turns":4.0},{"damage":0.0,"enemies":"Jaw Worm Horde","floor":48.0,"turns":3.0},{"damage":0.0,"enemies":"Replay:Hell Engine","floor":50.0,"turns":10.0},{"damage":0,"enemies":"Shield and Spear","floor":54,"turns":9},{"damage":43,"enemies":"The Heart","floor":55,"turns":8}],"seed_played":"4338652712784826330","potions_obtained":[{"floor":1.0,"key":"LiquidMemories"},{"floor":5.0,"key":"Block Potion"},{"floor":7.0,"key":"Fire Potion"},{"floor":23.0,"key":"DistilledChaos"},{"floor":24.0,"key":"SneckoOil"},{"floor":27.0,"key":"LiquidMemories"},{"floor":37.0,"key":"Languid Potion"},{"floor":41.0,"key":"Doom Potion"},{"floor":45.0,"key":"Strength Potion"},{"floor":48.0,"key":"Fire Potion"}],"is_trial":false,"path_per_floor":["M","M","?","$","M","E","M","M","T","$","M","?","R","E","R","B",null,"M","?","?","M","$","E","E","R","T","E","R","?","R","$","R","B",null,"M","$","M","M","M","E","M","R","T","M","E","M","M","M","R","B",null,"R","$","E","B",null],"character_chosen":"HUNTRESS","items_purchased":["DemoMod:MeatBun","DemoMod:MachoBrace","DemoMod:ShadowBullets","Boot","DemoMod:HuntsMan","DemoMod:Purify","ReplayTheSpireMod:CursedCoin","DemoMod:HungryBullets+1","DemoMod:HungryBullets","Sling","DemoMod:HardPowerCard+1","DemoMod:HardPowerCard+1","Chameleon Ring"],"campfire_rested":0,"item_purchase_floors":[0,0,0,0,0,4,10,10,22,31,31,36,53],"current_hp_per_floor":[49,49,49,49,49,49,49,49,49,49,49,49,49,49,49,49,70,70,84,84,84,84,84,84,84,84,86,86,86,86,86,86,86,88,90,90,92,94,76,78,78,78,80,82,84,86,88,88,88,88,106,106,106,106,81],"gold":60,"neow_bonus":"","is_daily":false,"chose_seed":false,"campfire_upgraded":8,"win_rate":0.0,"timestamp":1611626330,"path_taken":["M","M","?","$","M","E","M","M","T","?","?","?","R","E","R","BOSS","M","?","?","M","$","E","E","R","T","E","R","?","R","$","R","BOSS","M","$","M","M","M","E","M","R","T","M","E","M","M","M","R","BOSS","R","$","E","BOSS"],"items_purchased_type":["Relic","Card","Card","Relic","Card","Card","Relic","Card","Card","Relic","Card","Card","Relic"],"build_version":"2020-12-22","purchased_purges":3,"victory":true,"max_hp_per_floor":[70,70,70,70,70,70,70,70,70,70,70,70,70,70,70,70,70,70,84,84,84,84,84,84,84,84,86,86,86,86,86,86,88,88,90,90,92,94,94,96,96,96,98,100,102,104,106,106,106,106,106,106,106,106,106],"card_choices":[{"not_picked":["DemoMod:ConditionalReflex","DemoMod:Unmoved"],"picked":"DemoMod:ChanceBullets","floor":1.0},{"not_picked":["DemoMod:SkilledReload","DemoMod:DirectionalPad"],"picked":"DemoMod:HuntsMan","floor":2.0},{"not_picked":["DemoMod:BoxingGlove","DemoMod:SAA"],"picked":"DemoMod:MachoBrace","floor":5.0},{"not_picked":["DemoMod:SpreadAmmo","DemoMod:TeaPot"],"picked":"DemoMod:CombinedRifle","floor":6.0},{"not_picked":["DemoMod:Evolver","DemoMod:Purify"],"picked":"DemoMod:ShadowBullets","floor":7.0},{"not_picked":["DemoMod:AWP","DemoMod:TeaPot"],"picked":"DemoMod:HardPowerCard","floor":8.0},{"not_picked":["DemoMod:ThirdPartyController","DemoMod:BulletBore"],"picked":"DemoMod:BSG","floor":9.0},{"not_picked":["DemoMod:HighKaliber","DemoMod:RadGun","DemoMod:TeaPot"],"picked":"SKIP","floor":11.0},{"not_picked":["DemoMod:AC15","DemoMod:HungryBullets"],"picked":"DemoMod:ShadowBullets","floor":14.0},{"not_picked":["DemoMod:BlackHoleGun","DemoMod:BulletBore"],"picked":"DemoMod:Elimentaler","floor":16.0},{"not_picked":["DemoMod:ConditionalReflex","DemoMod:AC15"],"picked":"DemoMod:PotionOfGunFriendShip","floor":18.0},{"not_picked":["DemoMod:FightSabre","DemoMod:BulletBore"],"picked":"DemoMod:GunslingerForm","floor":19.0},{"not_picked":["DemoMod:ChanceBullets","DemoMod:HardPowerCard","DemoMod:AC15+1"],"picked":"SKIP","floor":19.0},{"not_picked":["DemoMod:GunstockTap","DemoMod:Polaris"],"picked":"DemoMod:Unmoved","floor":21.0},{"not_picked":["DemoMod:RadGun","DemoMod:CursedBullets+1","DemoMod:FastSwitch"],"picked":"SKIP","floor":23.0},{"not_picked":["DemoMod:AWP","DemoMod:Unmoved"],"picked":"DemoMod:Purify","floor":24.0},{"not_picked":["DemoMod:FullFirepower","DemoMod:SuppressiveFire"],"picked":"DemoMod:BalloonGun","floor":26.0},{"not_picked":["DemoMod:SAA+1","DemoMod:Slinger","DemoMod:FastSwitch+1"],"picked":"Singing Bowl","floor":27.0},{"not_picked":["DemoMod:FinishedGun","DemoMod:DarkMarker","DemoMod:BlankBullets"],"picked":"Singing Bowl","floor":33.0},{"not_picked":["DemoMod:Unmoved+1","DemoMod:GunstockTap","DemoMod:HighKaliber+1"],"picked":"Singing Bowl","floor":35.0},{"not_picked":["DemoMod:SAA","DemoMod:FastSwitch+1","DemoMod:ProbeStrike"],"picked":"Singing Bowl","floor":37.0},{"not_picked":["DemoMod:Purify","DemoMod:Polaris+1","DemoMod:TeaPot"],"picked":"Singing Bowl","floor":38.0},{"not_picked":["DemoMod:LifeOrb+1","DemoMod:ZorGun"],"picked":"DemoMod:TableSutra","floor":39.0},{"not_picked":["DemoMod:SAA+1","DemoMod:DirectionalPad","DemoMod:Evolver"],"picked":"Singing Bowl","floor":40.0},{"not_picked":["DemoMod:DirectionalPad+1","DemoMod:HardPowerCard+1"],"picked":"DemoMod:HungryBullets+1","floor":41.0},{"not_picked":["DemoMod:Gungine","DemoMod:BSG","DemoMod:DarkMarker"],"picked":"Singing Bowl","floor":43.0},{"not_picked":["DemoMod:GunstockTap+1","DemoMod:DirectionalPad","DemoMod:AC15+1"],"picked":"Singing Bowl","floor":44.0},{"not_picked":["DemoMod:TripleGun","DemoMod:HardPowerCard+1","DemoMod:HungryBullets+1"],"picked":"Singing Bowl","floor":45.0},{"not_picked":["DemoMod:HardPowerCard+1","DemoMod:DirectionalPad","DemoMod:TripleGun+1"],"picked":"Singing Bowl","floor":46.0},{"not_picked":["DemoMod:SkilledReload+1","DemoMod:BattleInHaste+1","DemoMod:DirectionalPad"],"picked":"Singing Bowl","floor":47.0},{"not_picked":["DemoMod:GunShield+1","DemoMod:FeignSurrender+1"],"picked":"DemoMod:Purify","floor":48.0},{"not_picked":["DemoMod:StickyCrossBow","DemoMod:FastSwitch+1"],"picked":"DemoMod:HuntsMan+1","floor":54}],"player_experience":298249,"relics_obtained":[{"floor":6.0,"key":"Matryoshka"},{"floor":9.0,"key":"WingedGreaves"},{"floor":9.0,"key":"Replay:WaspNest"},{"floor":9.0,"key":"Garlic"},{"floor":14.0,"key":"Bag of Preparation"},{"floor":19.0,"key":"Lizard Tail"},{"floor":19.0,"key":"Mango"},{"floor":19.0,"key":"DemoMod:RedGuonStone"},{"floor":23.0,"key":"Oddly Smooth Stone"},{"floor":24.0,"key":"Shuriken"},{"floor":26.0,"key":"Du-Vu Doll"},{"floor":26.0,"key":"Singing Bowl"},{"floor":27.0,"key":"Toxic Egg 2"},{"floor":40.0,"key":"Gambling Chip"},{"floor":41.0,"key":"DemoMod:GreenGuonStone"},{"floor":45.0,"key":"Smiling Mask"},{"floor":54,"key":"Bronze Scales"}],"event_choices":[{"damage_healed":0.0,"max_hp_gain":0.0,"max_hp_loss":0.0,"gold_gain":0.0,"event_name":"Dead Adventurer","player_choice":"Searched \u00272\u0027 times","floor":12.0,"gold_loss":0.0,"damage_taken":0.0,"relics_obtained":["Anchor"]},{"damage_healed":0.0,"max_hp_gain":0.0,"max_hp_loss":0.0,"gold_gain":0.0,"event_name":"FaceTrader","player_choice":"Trade","floor":29.0,"gold_loss":0.0,"damage_taken":0.0,"relics_obtained":["NlothsMask"]}],"is_beta":false,"boss_relics":[{"not_picked":["ReplayTheSpireMod:DimensionalGlitch","Pandora\u0027s Box"],"picked":"DemoMod:ElasticCartridgeClip"},{"not_picked":["Kintsugi","Empty Cage"],"picked":"Ring of Chaos"}],"items_purged_floors":[10,22,31],"is_endless":false,"potions_floor_spawned":[1,5,7,8,23,24,27,37,41,45,48,54],"ascension_level":0}}