{"host":"8u7tvcybuv0u72fd","time":1611636497,"event":{"mods":["BaseMod","BetterRewards","Colored Map","Colored Powertips","Minty Spire (QoL Compilation)","Quick Restart","Shop Mod"],"gold_per_floor":[119,119,119,134,134,169,183,183,183,183,202,228,228,228,228,324,324,334,349,366,381,400,400,410,410,410,410,22,22,32,44,44,139,139,153,167,167,178,191,191,0,50,74,100,100,117,117,117,117,117,117,117,17,43,43,43],"floor_reached":55,"language":"ENG","playtime":2541,"items_purged":["Strike_R","Madness"],"score":909,"play_id":"c597ef54-6b10-4090-83a3-aada006cd433","local_time":"20210125234817","is_ascension_mode":false,"campfire_choices":[{"data":"Entrench","floor":8.0,"key":"SMITH"},{"data":"Uppercut","floor":10.0,"key":"SMITH"},{"data":"Body Slam","floor":15.0,"key":"SMITH"},{"data":"Barricade","floor":23.0,"key":"SMITH"},{"data":"Rampage","floor":27.0,"key":"SMITH"},{"data":"Rage","floor":29.0,"key":"SMITH"},{"data":"Cleave","floor":32.0,"key":"SMITH"},{"data":"Double Tap","floor":40.0,"key":"SMITH"},{"floor":45.0,"key":"RECALL"},{"data":"Shrug It Off","floor":47.0,"key":"SMITH"},{"data":"Seeing Red","floor":49.0,"key":"SMITH"},{"data":"Defend_R","floor":52.0,"key":"SMITH"}],"circlet_count":1,"master_deck":["Strike_R","Strike_R","Defend_R","Defend_R","Defend_R","Defend_R+1","Bash","Rampage+1","Headbutt","Cleave+1","Uppercut+1","Entrench+1","Body Slam+1","Barricade+1","Seeing Red+1","Rage+1","Hemokinesis+1","Clash+1","Double Tap+1","Shrug It Off+1","Madness"],"relics":["Black Blood","Magic Flower","Bag of Marbles","Bronze Scales","Art of War","CaptainsWheel","MutagenicStrength","Paper Frog","Circlet","Oddly Smooth Stone","Velvet Choker","Ice Cream","Ginger","Mercury Hourglass","Bottled Tornado"],"acts_visited":["TheEnding"],"potions_floor_usage":[55,55,55,55,55],"damage_taken":[{"damage":1.0,"enemies":"2 Louse","floor":1.0,"turns":2.0},{"damage":2.0,"enemies":"Small Slimes","floor":4.0,"turns":2.0},{"damage":13.0,"enemies":"3 Sentries","floor":6.0,"turns":4.0},{"damage":0.0,"enemies":"Cultist","floor":7.0,"turns":2.0},{"damage":2.0,"enemies":"Looter","floor":11.0,"turns":2.0},{"damage":4.0,"enemies":"Gremlin Nob","floor":12.0,"turns":4.0},{"damage":13.0,"enemies":"The Guardian","floor":16.0,"turns":8.0},{"damage":6.0,"enemies":"Chosen","floor":18.0,"turns":4.0},{"damage":22.0,"enemies":"2 Thieves","floor":19.0,"turns":4.0},{"damage":7.0,"enemies":"Centurion and Healer","floor":20.0,"turns":4.0},{"damage":11.0,"enemies":"3 Cultists","floor":21.0,"turns":5.0},{"damage":1.0,"enemies":"Snake Plant","floor":22.0,"turns":4.0},{"damage":10.0,"enemies":"Snecko","floor":24.0,"turns":4.0},{"damage":12.0,"enemies":"3 Cultists","floor":30.0,"turns":5.0},{"damage":2.0,"enemies":"Centurion and Healer","floor":31.0,"turns":5.0},{"damage":36.0,"enemies":"Collector","floor":33.0,"turns":12.0},{"damage":4.0,"enemies":"Orb Walker","floor":35.0,"turns":3.0},{"damage":18.0,"enemies":"3 Darklings","floor":36.0,"turns":5.0},{"damage":6.0,"enemies":"Jaw Worm Horde","floor":38.0,"turns":4.0},{"damage":3.0,"enemies":"Sphere and 2 Shapes","floor":39.0,"turns":4.0},{"damage":21.0,"enemies":"Mind Bloom Boss Battle","floor":42.0,"turns":3.0},{"damage":20.0,"enemies":"Giant Head","floor":44.0,"turns":7.0},{"damage":9.0,"enemies":"Writhing Mass","floor":46.0,"turns":4.0},{"damage":68.0,"enemies":"Awakened One","floor":50.0,"turns":12.0},{"damage":31,"enemies":"Shield and Spear","floor":54,"turns":5},{"damage":84,"enemies":"The Heart","floor":55,"turns":9}],"seed_played":"4390411083077956809","potions_obtained":[{"floor":1.0,"key":"Explosive Potion"},{"floor":7.0,"key":"Dexterity Potion"},{"floor":11.0,"key":"Weak Potion"},{"floor":21.0,"key":"SmokeBomb"},{"floor":22.0,"key":"FearPotion"},{"floor":33.0,"key":"LiquidMemories"},{"floor":39.0,"key":"Fruit Juice"},{"floor":42.0,"key":"Explosive Potion"},{"floor":54,"key":"Dexterity Potion"}],"is_trial":false,"path_per_floor":["M","?","?","M","$","E","M","R","T","R","M","E","$","?","R","B",null,"M","M","M","M","M","R","M","?","T","R","$","R","M","M","R","B",null,"M","M","?","M","M","R","$","?","T","E","R","M","R","?","R","B",null,"R","$","E","B"],"character_chosen":"IRONCLAD","items_purchased":["Lee\u0027s Waffle","Magic Flower","Rampage","Bag of Marbles","Bronze Scales","Headbutt","Art of War","Fire Potion","GamblersBrew","MerchantsRug","Oddly Smooth Stone","EntropicBrew","Ice Cream"],"campfire_rested":0,"item_purchase_floors":[0,0,0,0,0,0,0,0,0,28,28,28,41],"current_hp_per_floor":[87,80,85,92,92,88,92,92,92,92,92,92,92,92,92,88,92,92,88,92,92,92,92,92,92,92,92,92,92,92,92,92,74,92,92,92,92,92,97,97,97,94,94,92,92,97,97,85,85,35,97,97,97,84,0,0],"gold":43,"neow_bonus":"","is_daily":false,"chose_seed":false,"campfire_upgraded":11,"win_rate":0.0,"timestamp":1611636497,"path_taken":["M","?","?","M","$","E","M","R","T","R","M","E","$","?","R","BOSS","M","M","M","M","M","R","M","?","T","R","$","R","M","M","R","BOSS","M","M","?","M","?","R","$","?","T","E","R","M","R","?","R","BOSS","R","$","E","BOSS"],"items_purchased_type":["Relic","Relic","Card","Relic","Relic","Card","Relic","Potion","Potion","Relic","Relic","Potion","Relic"],"build_version":"2020-12-22","purchased_purges":2,"victory":false,"max_hp_per_floor":[87,87,92,92,92,92,92,92,92,92,92,92,92,92,92,92,92,92,92,92,92,92,92,92,92,92,92,92,92,92,92,92,92,92,92,92,92,92,97,97,97,97,97,97,97,97,97,97,97,97,97,97,97,97,97,97],"card_choices":[{"not_picked":["Havoc","Inflame"],"picked":"Cleave","floor":1.0},{"not_picked":["Rupture","Whirlwind","Heavy Blade"],"picked":"SKIP","floor":4.0},{"not_picked":["Pommel Strike","Cleave"],"picked":"Uppercut","floor":6.0},{"not_picked":["Rampage","Armaments"],"picked":"Entrench","floor":7.0},{"not_picked":["Perfected Strike","Shockwave"],"picked":"Body Slam","floor":11.0},{"not_picked":["True Grit","Carnage","Intimidate"],"picked":"SKIP","floor":12.0},{"not_picked":["Double Tap","Feed"],"picked":"Barricade","floor":16.0},{"not_picked":["True Grit","Feel No Pain+1","Power Through"],"picked":"SKIP","floor":18.0},{"not_picked":["Armaments+1","Combust+1"],"picked":"Seeing Red","floor":19.0},{"not_picked":["Clothesline","Anger","Headbutt+1"],"picked":"SKIP","floor":20.0},{"not_picked":["Clash","Headbutt","Entrench"],"picked":"SKIP","floor":21.0},{"not_picked":["Clash+1","Sword Boomerang"],"picked":"Rage","floor":22.0},{"not_picked":["Intimidate","Fire Breathing"],"picked":"Hemokinesis+1","floor":24.0},{"not_picked":["Body Slam","Clash+1","True Grit"],"picked":"SKIP","floor":30.0},{"not_picked":["Body Slam","True Grit"],"picked":"Clash+1","floor":30.0},{"not_picked":["True Grit","Body Slam+1","Double Tap"],"picked":"SKIP","floor":31.0},{"not_picked":["Offering","Juggernaut"],"picked":"Double Tap","floor":33.0},{"not_picked":["Sword Boomerang+1","Dark Embrace","Searing Blow+1"],"picked":"SKIP","floor":35.0},{"not_picked":["Metallicize+1","Inflame","Intimidate+1"],"picked":"SKIP","floor":36.0},{"not_picked":["Havoc","Thunderclap","Cleave"],"picked":"SKIP","floor":38.0},{"not_picked":["Sword Boomerang","Flex+1","Twin Strike"],"picked":"SKIP","floor":39.0},{"not_picked":["Rage","Warcry+1","Power Through+1"],"picked":"SKIP","floor":44.0},{"not_picked":["Rage","Warcry+1","Power Through+1"],"picked":"SKIP","floor":44.0},{"not_picked":["Body Slam","Feed"],"picked":"Shrug It Off","floor":46.0},{"not_picked":["Fire Breathing+1","Rage","Dual Wield"],"picked":"SKIP","floor":54}],"player_experience":1419877,"relics_obtained":[{"floor":6.0,"key":"Calipers"},{"floor":9.0,"key":"CaptainsWheel"},{"floor":12.0,"key":"Dream Catcher"},{"floor":26.0,"key":"Paper Frog"},{"floor":42.0,"key":"Ginger"},{"floor":44.0,"key":"Mercury Hourglass"},{"floor":54,"key":"Bottled Tornado"}],"event_choices":[{"cards_removed":["Strike_R"],"damage_healed":0.0,"max_hp_gain":0.0,"max_hp_loss":0.0,"gold_gain":0.0,"event_name":"Golden Wing","player_choice":"Card Removal","floor":2.0,"gold_loss":0.0,"damage_taken":7.0},{"damage_healed":0.0,"max_hp_gain":5.0,"max_hp_loss":0.0,"gold_gain":0.0,"event_name":"Big Fish","player_choice":"Donut","floor":3.0,"gold_loss":0.0,"damage_taken":0.0},{"cards_removed":["Strike_R"],"damage_healed":0.0,"max_hp_gain":0.0,"max_hp_loss":0.0,"gold_gain":0.0,"event_name":"Purifier","player_choice":"Purged","floor":14.0,"gold_loss":0.0,"damage_taken":0.0},{"damage_healed":0.0,"max_hp_gain":0.0,"max_hp_loss":0.0,"gold_gain":0.0,"event_name":"Drug Dealer","player_choice":"Inject Mutagens","floor":25.0,"gold_loss":0.0,"damage_taken":0.0,"relics_obtained":["MutagenicStrength"]},{"damage_healed":0.0,"max_hp_gain":0.0,"max_hp_loss":0.0,"gold_gain":0.0,"event_name":"NoteForYourself","player_choice":"Ignored","floor":37.0,"gold_loss":0.0,"damage_taken":0.0},{"damage_healed":0.0,"max_hp_gain":0.0,"max_hp_loss":0.0,"gold_gain":0.0,"event_name":"MindBloom","player_choice":"Fight","floor":42.0,"gold_loss":0.0,"damage_taken":0.0},{"damage_healed":0.0,"max_hp_gain":0.0,"max_hp_loss":0.0,"gold_gain":0.0,"event_name":"Winding Halls","player_choice":"Embrace Madness","floor":48.0,"gold_loss":0.0,"damage_taken":12.0,"cards_obtained":["Madness","Madness"]}],"is_beta":false,"boss_relics":[{"not_picked":["Black Star","Empty Cage"],"picked":"Black Blood"},{"not_picked":["Astrolabe","SacredBark"],"picked":"Velvet Choker"}],"items_purged_floors":[0,53],"is_endless":false,"potions_floor_spawned":[1,7,11,16,21,22,24,33,36,39,42,54],"killed_by":"The Heart","ascension_level":0}}