{"host":"qekv59dthhdg54sz","time":1611643603,"event":{"mods":["AchievementEnabler","BaseMod","Colored Map","DeckTracker","KOR Keyword Fix","Minty Spire (QoL Compilation)","Rare Cards Sparkle","StSLib","SuperFastMode"],"gold_per_floor":[118,88,105,121,46,78,88,19,19,19,19],"floor_reached":10,"language":"KOR","playtime":178,"items_purged":["Strike_R"],"score":105,"play_id":"b930417c-c767-4f4f-b23c-ac6fe3d73c75","local_time":"20210126154643","is_ascension_mode":true,"campfire_choices":[],"circlet_count":0,"master_deck":["AscendersBane","Strike_R","Strike_R","Strike_R","Strike_R","Defend_R","Defend_R+1","Defend_R","Defend_R","Bash","Dual Wield","True Grit+1","Fire Breathing"],"relics":["Burning Blood","NeowsBlessing","Anchor","War Paint"],"acts_visited":["Exordium"],"potions_floor_usage":[6,7,10],"damage_taken":[{"damage":0,"enemies":"Cultist","floor":1,"turns":1},{"damage":0,"enemies":"2 Louse","floor":3,"turns":1},{"damage":0,"enemies":"Small Slimes","floor":4,"turns":1},{"damage":42,"enemies":"Gremlin Nob","floor":6,"turns":5},{"damage":15,"enemies":"2 Fungi Beasts","floor":7,"turns":5},{"damage":13,"enemies":"Lagavulin","floor":10,"turns":6}],"seed_played":"-3625887286749396500","potions_obtained":[{"floor":2,"key":"SneckoOil"},{"floor":2,"key":"SpeedPotion"},{"floor":7,"key":"ColorlessPotion"}],"is_trial":false,"path_per_floor":["M","?","M","M","$","E","M","$","T","E"],"character_chosen":"IRONCLAD","items_purchased":["Fire Breathing"],"campfire_rested":0,"item_purchase_floors":[8],"current_hp_per_floor":[78,78,80,80,80,44,35,35,35,22,22],"gold":19,"neow_bonus":"THREE_ENEMY_KILL","is_daily":false,"chose_seed":false,"campfire_upgraded":0,"win_rate":0.0,"timestamp":1611643603,"path_taken":["M","?","?","M","$","E","M","$","T","E"],"items_purchased_type":["Card"],"build_version":"2020-12-22","purchased_purges":1,"victory":false,"max_hp_per_floor":[80,80,80,80,80,80,80,80,80,80,80],"card_choices":[{"not_picked":["Headbutt","Iron Wave","Clothesline"],"picked":"SKIP","floor":1},{"not_picked":["Uppercut","Iron Wave"],"picked":"Dual Wield","floor":3},{"not_picked":["Rupture","Reckless Charge"],"picked":"True Grit","floor":4},{"not_picked":["Armaments","Metallicize","Anger"],"picked":"SKIP","floor":6},{"not_picked":["Flex","True Grit","Juggernaut"],"picked":"SKIP","floor":7}],"player_experience":843220,"relics_obtained":[{"floor":6,"key":"Anchor"},{"floor":9,"key":"War Paint"}],"event_choices":[{"damage_healed":0,"gold_gain":0,"player_choice":"Bought 2 Potions","damage_taken":0,"max_hp_gain":0,"max_hp_loss":0,"event_name":"The Woman in Blue","floor":2,"gold_loss":0}],"is_beta":false,"boss_relics":[],"items_purged_floors":[5],"is_endless":false,"potions_floor_spawned":[7],"killed_by":"Lagavulin","ascension_level":11}}