{"host":"nxma0dbhh74lxenq","time":1611682088,"event":{"mods":["Astrologer","BaseMod","Beaked The Cultist","CapriCore","Colored Map","DeckTracker","Gremlin Mod","HololiveMod","KinomotoSakuraMod(ñÿîVñ{?)","Koishi","Mad Scientist","Minty Spire (QoL Compilation)","Prisma Mod","StSLib","SuperFastMode","The Bladedancer","The Cursed","The Immortal","The Mystic","YoumuÅiç∞ÈÆódöÎÅj"],"gold_per_floor":[217,217,233,246,262,294,294,321,321,74,108,164,164,178,178,276,276,296,311,326,152,167,167,199,4,4,32,32,52,70,104,104,200,200,215,22,38,54,77,105,124,153,153,163,163,163,178,196,196,188],"floor_reached":51,"language":"JPN","playtime":4895,"items_purged":["Strike_YM","Strike_YM","Strike_YM","SuddenPhantomFormationSlashOfKarmicWind"],"score":913,"play_id":"02ddc01c-c3c9-44ab-84e7-c249b90aee71","local_time":"20210127022808","is_ascension_mode":true,"campfire_choices":[{"data":"HesitationCuttingSword","floor":7,"key":"SMITH"},{"floor":15,"key":"REST"},{"floor":23,"key":"REST"},{"floor":32,"key":"REST"},{"data":"CelestialStarSword","floor":45,"key":"SMITH"},{"data":"SlashClearingTheSixSenses","floor":49,"key":"SMITH"}],"circlet_count":0,"master_deck":["SlashOfPresentWorld","WheelOfPainOfLivingAndDead","HeavenlyHaloSlash","HesitationCuttingSword+1","ThreeKonsSevenHakus","RapidSlash","GhostSword+1","ConstancyOfTheConventionalTruth","TwoHundredYojanaInOneSlash","Apotheosis+1","SlashClearingTheSixSenses+1","PhosphoricSlash","HeavenSword+1","SwordExtraction","HiganSword","CrescentMoonSlash+1","MatsuyoiReflectingSatelliteSlash","SwordOfBindingDesires","HellRealmSword","HellRealmSword","ThreeKonsSevenHakus+1","EchoesOfTheInclemencyOfAllBeings","AsTheSilentNirvana+1","SanzenSekai","CelestialStarSword+1","HellRealmSword","HeavenlyHaloSlash","FlashingScatteredFlowers","SlashClearingTheSixSenses","SpiderLilyBurial","TurningAngelCut+1","CherryBlossomFlashing+1","LowerRealmReflectionSlash","StrangeHalfBody","LotusPostureSlash+1","SwordOfBindingDesires+1","PretaSword"],"relics":["HalfPhantom","White Beast Statue","Smiling Mask","Art of War","Darkstone Periapt","Orichalcum","SlaversCollar","Red Mask","DollysMirror","FencingExperience","InkBottle","Lantern","Pandora\u0027s Box","War Paint","Vajra","Hololive_LightStick","Regal Pillow","TungstenRod"],"acts_visited":["Exordium","TheCity","TheBeyond"],"potions_floor_usage":[5,16,20,24,27,31,50,50,50],"damage_taken":[{"damage":2,"enemies":"2 Louse","floor":1,"turns":3},{"damage":5,"enemies":"Cultist","floor":3,"turns":4},{"damage":2,"enemies":"Jaw Worm","floor":4,"turns":3},{"damage":0,"enemies":"Lots of Slimes","floor":5,"turns":1},{"damage":6,"enemies":"Lagavulin","floor":6,"turns":5},{"damage":18,"enemies":"3 Sentries","floor":8,"turns":8},{"damage":0,"enemies":"Lagavulin","floor":11,"turns":4},{"damage":19,"enemies":"Lagavulin Event","floor":12,"turns":6},{"damage":12,"enemies":"2 Fungi Beasts","floor":14,"turns":4},{"damage":12,"enemies":"Hexaghost","floor":16,"turns":7},{"damage":17,"enemies":"3 Byrds","floor":18,"turns":7},{"damage":0,"enemies":"Spheric Guardian","floor":19,"turns":3},{"damage":10,"enemies":"Cultist and Chosen","floor":20,"turns":6},{"damage":30,"enemies":"Snake Plant","floor":22,"turns":5},{"damage":10,"enemies":"Masked Bandits","floor":24,"turns":4},{"damage":0,"enemies":"Book of Stabbing","floor":27,"turns":3},{"damage":8,"enemies":"Centurion and Healer","floor":29,"turns":3},{"damage":0,"enemies":"3 Cultists","floor":30,"turns":2},{"damage":0,"enemies":"Slavers","floor":31,"turns":2},{"damage":5,"enemies":"Collector","floor":33,"turns":5},{"damage":2,"enemies":"3 Shapes","floor":35,"turns":2},{"damage":0,"enemies":"3 Darklings","floor":37,"turns":2},{"damage":12,"enemies":"Writhing Mass","floor":38,"turns":3},{"damage":0,"enemies":"Giant Head","floor":40,"turns":4},{"damage":0,"enemies":"Maw","floor":41,"turns":4},{"damage":0,"enemies":"Reptomancer","floor":42,"turns":3},{"damage":0,"enemies":"Spire Growth","floor":44,"turns":3},{"damage":0,"enemies":"Sphere and 2 Shapes","floor":47,"turns":2},{"damage":0,"enemies":"Writhing Mass","floor":48,"turns":2},{"damage":41,"enemies":"Time Eater","floor":50,"turns":7}],"seed_played":"2071594127220255249","potions_obtained":[{"floor":1,"key":"Explosive Potion"},{"floor":3,"key":"Energy Potion"},{"floor":4,"key":"BlessingOfTheForge"},{"floor":8,"key":"Ancient Potion"},{"floor":12,"key":"LiquidMemories"},{"floor":16,"key":"CausticAgent"},{"floor":18,"key":"LiquidBronze"},{"floor":20,"key":"BlessingOfTheForge"},{"floor":24,"key":"Swift Potion"},{"floor":27,"key":"Fire Potion"},{"floor":31,"key":"LiquidBronze"},{"floor":37,"key":"DuplicationPotion"},{"floor":44,"key":"PowerPotion"},{"floor":46,"key":"DistilledChaos"}],"is_trial":false,"path_per_floor":["M","?","M","M","M","E","R","E","T","$","E","?","?","M","R","B",null,"M","M","M","$","M","R","?","$","T","E","?","M","M","E","R","B",null,"M","$","M","M","T","E","M","E","T","M","R","?","M","M","R","B",null],"character_chosen":"YOUMU","items_purchased":["Apotheosis","MatsuyoiReflectingSatelliteSlash","SwordOfBindingDesires","DollysMirror","War Paint"],"campfire_rested":3,"item_purchase_floors":[10,21,21,25,36],"current_hp_per_floor":[73,73,68,66,66,60,60,42,42,42,42,23,23,11,33,21,75,58,58,48,48,18,40,30,30,30,30,30,22,22,22,44,39,75,73,73,73,61,61,61,61,61,61,61,61,61,61,61,61,20],"gold":188,"neow_bonus":"HUNDRED_GOLD","is_daily":false,"chose_seed":false,"campfire_upgraded":3,"win_rate":0.0,"timestamp":1611682088,"path_taken":["M","?","M","?","M","E","R","E","T","?","E","?","?","M","R","BOSS","M","M","M","?","M","R","?","$","T","E","?","M","M","E","R","BOSS","M","$","M","M","?","E","M","E","T","M","R","?","M","?","R","BOSS"],"items_purchased_type":["Card","Card","Card","Relic","Relic"],"build_version":"2020-12-22","purchased_purges":4,"victory":true,"max_hp_per_floor":[75,75,75,75,75,75,75,75,75,75,75,75,75,75,75,75,75,75,75,75,75,75,75,75,75,75,75,75,75,75,75,75,75,75,75,75,75,75,75,75,75,75,75,75,75,75,75,75,75,75],"card_choices":[{"not_picked":["SwordOfBindingDesires","LifeCuttingSword"],"picked":"HeavenlyHaloSlash","floor":1},{"not_picked":["TwoHundredYojanaInOneSlash","SwordOfBindingDesires"],"picked":"ThreeKonsSevenHakus","floor":3},{"not_picked":["SlashOfSaigyouSpringWind","LifeCuttingSword"],"picked":"RapidSlash","floor":4},{"not_picked":["FlashingScatteredFlowers","TwoHundredYojanaInOneSlash"],"picked":"GhostSword","floor":5},{"not_picked":["EchoesOfTheInclemencyOfAllBeings","FiveSignsOfTheDyingDeva"],"picked":"ConstancyOfTheConventionalTruth","floor":6},{"not_picked":["LowerRealmReflectionSlash","SlashOfMeditation"],"picked":"TwoHundredYojanaInOneSlash","floor":8},{"not_picked":["HumanRealmSword","DispleasureOfTheSevenHakus"],"picked":"SuddenPhantomFormationSlashOfKarmicWind","floor":11},{"not_picked":["ThreeKonsSevenHakus","SpiritCuttingSword"],"picked":"SlashClearingTheSixSenses","floor":12},{"not_picked":["SlashOfMeditation","HesitationCuttingSword"],"picked":"PhosphoricSlash","floor":14},{"not_picked":["SlashOfSaigyouSpringWind","SuddenDivineSeveringOfKarmicWind"],"picked":"HeavenSword","floor":16},{"not_picked":["SwordOfBindingDesires","SpiritCuttingSword+1"],"picked":"SwordExtraction","floor":18},{"not_picked":["HumanKnowledgeSword","ThreeKonsSevenHakus"],"picked":"HiganSword","floor":19},{"not_picked":["FourBirthsSword","HumanKnowledgeSword"],"picked":"CrescentMoonSlash+1","floor":20},{"not_picked":["SanzenSekai","SwordOfBindingDesires"],"picked":"HellRealmSword","floor":22},{"not_picked":["HumanKnowledgeSword","SpiritCuttingSword"],"picked":"ThreeKonsSevenHakus+1","floor":27},{"not_picked":["FantasyOfEnteringEnlightenment","HumanRealmSword+1"],"picked":"EchoesOfTheInclemencyOfAllBeings","floor":29},{"not_picked":["ConstancyOfTheConventionalTruth","LifeCuttingSword+1"],"picked":"AsTheSilentNirvana","floor":30},{"not_picked":["DispleasureOfTheSevenHakus","ThreeKonsSevenHakus"],"picked":"SanzenSekai","floor":31},{"not_picked":["SlashOfTheEternalFuture","WickedSoul"],"picked":"CelestialStarSword","floor":33},{"not_picked":["SwordOfBindingDesires+1","FiveSignsOfTheDyingDeva+1"],"picked":"TurningAngelCut+1","floor":35},{"not_picked":["LifeCuttingSword","HeavenSword"],"picked":"CherryBlossomFlashing+1","floor":37},{"not_picked":["SpiritCuttingSword+1","SlashOfMeditation+1"],"picked":"LowerRealmReflectionSlash","floor":38},{"not_picked":["SlashOfMeditation","TransmigrationSlash","FlashingScatteredFlowers"],"picked":"SKIP","floor":40},{"not_picked":["BizarrenessOfSixRealms","HumanKnowledgeSword+1"],"picked":"StrangeHalfBody","floor":41},{"not_picked":["SlashOfMeditation+1","HumanRealmSword+1"],"picked":"LotusPostureSlash+1","floor":42},{"not_picked":["PhosphoricSlash+1","ConstancyOfTheConventionalTruth+1"],"picked":"SwordOfBindingDesires+1","floor":44},{"not_picked":["SlashClearingTheSixSenses+1","ObsessionWithThePresentWorld+1"],"picked":"PretaSword","floor":47},{"not_picked":["SlashOfMeditation","ThoughtCuttingSword+1","SpiritCuttingSword"],"picked":"SKIP","floor":48}],"player_experience":538990,"relics_obtained":[{"floor":6,"key":"White Beast Statue"},{"floor":8,"key":"Smiling Mask"},{"floor":9,"key":"Art of War"},{"floor":11,"key":"Darkstone Periapt"},{"floor":12,"key":"Orichalcum"},{"floor":24,"key":"Red Mask"},{"floor":26,"key":"FencingExperience"},{"floor":27,"key":"InkBottle"},{"floor":31,"key":"Lantern"},{"floor":39,"key":"Vajra"},{"floor":40,"key":"Hololive_LightStick"},{"floor":42,"key":"Regal Pillow"},{"floor":43,"key":"TungstenRod"}],"event_choices":[{"damage_healed":0,"gold_gain":0,"player_choice":"1 cards matched","damage_taken":0,"max_hp_gain":0,"max_hp_loss":0,"event_name":"Match and Keep!","floor":2,"gold_loss":0,"cards_obtained":["HesitationCuttingSword"]},{"damage_healed":0,"gold_gain":30,"player_choice":"Searched \u00272\u0027 times","damage_taken":0,"max_hp_gain":0,"max_hp_loss":0,"event_name":"Dead Adventurer","floor":12,"gold_loss":0},{"damage_healed":0,"gold_gain":0,"player_choice":"Upgraded","damage_taken":0,"max_hp_gain":0,"max_hp_loss":0,"event_name":"Upgrade Shrine","floor":13,"gold_loss":0,"cards_upgraded":["Apotheosis"]},{"damage_healed":0,"gold_gain":0,"player_choice":"Fought Bandits","damage_taken":0,"max_hp_gain":0,"max_hp_loss":0,"event_name":"Masked Bandits","floor":24,"gold_loss":0},{"damage_healed":0,"gold_gain":0,"player_choice":"Forge","damage_taken":0,"max_hp_gain":0,"max_hp_loss":0,"event_name":"Accursed Blacksmith","floor":28,"gold_loss":0,"cards_upgraded":["HeavenSword"]},{"damage_healed":0,"gold_gain":0,"player_choice":"Got Potions","damage_taken":0,"max_hp_gain":0,"max_hp_loss":0,"event_name":"Lab","floor":46,"gold_loss":0}],"is_beta":false,"boss_relics":[{"not_picked":["Cursed Key","Hololive_TopUpMoneyS"],"picked":"SlaversCollar"},{"not_picked":["Runic Dome","Black Star"],"picked":"Pandora\u0027s Box"}],"items_purged_floors":[10,21,25,36],"is_endless":false,"potions_floor_spawned":[1,3,4,8,11,12,14,16,18,19,20,22,24,27,29,30,31,33,35,37,38,40,41,42,44,47,48],"ascension_level":1}}