{"host":"p8f0otjoacyb9giz","time":1611678658,"event":{"mods":["AchievementEnabler","BaseMod","Downfall","Minty Spire (QoL Compilation)","StSLib"],"gold_per_floor":[99,99,99,99,99,99,99,127,127,156,56,71,71,88,100,196,196,196,208,227,227,137,137,137,137],"floor_reached":23,"language":"ENG","playtime":814,"items_purged":["bronze:ItsAFeature+1"],"score":275,"play_id":"fb9506b9-dc6a-47c8-a40c-6d4b55a51955","local_time":"20210126193058","is_ascension_mode":true,"campfire_choices":[{"floor":1,"key":"RECALL"},{"data":"bronze:ItsAFeature","floor":6,"key":"SMITH"},{"data":"bronze:Constructor","floor":11,"key":"SMITH"},{"data":"bronze:Separator","floor":13,"key":"SMITH"},{"data":"bronze:Philosophize","floor":18,"key":"SMITH"}],"circlet_count":0,"master_deck":["bronze:Strike","bronze:Strike","bronze:Defend","bronze:Defend","bronze:Separator+1","bronze:Constructor+1","bronze:Philosophize+1","bronze:HardenedForm","bronze:Safeguard+1","RitualDagger+1","bronze:Iterate+1"],"relics":["bronze:BronzeCore","downfall:HeartsMalice","Eternal Feather","Omamori","downfall:HeartBlessingRed","Empty Cage"],"acts_visited":["Exordium","TheCity"],"potions_floor_usage":[16,20,22,23],"damage_taken":[{"damage":0,"enemies":"2 Louse","floor":2,"turns":1},{"damage":0,"enemies":"Cultist","floor":4,"turns":1},{"damage":0,"enemies":"Gremlin Nob","floor":8,"turns":1},{"damage":3,"enemies":"3 Sentries","floor":10,"turns":8},{"damage":0,"enemies":"Small Slimes","floor":12,"turns":3},{"damage":1,"enemies":"3 Louse","floor":14,"turns":5},{"damage":3,"enemies":"Blue Slaver","floor":15,"turns":4},{"damage":50,"enemies":"SI_SHIV_ARCHETYPE","floor":16,"turns":12},{"damage":40,"enemies":"3 Byrds","floor":19,"turns":6},{"damage":3,"enemies":"Shell Parasite","floor":20,"turns":8},{"damage":0,"enemies":"downfall:FleeingMerchant","floor":22,"turns":4},{"damage":17,"enemies":"Slavers","floor":23,"turns":1}],"seed_played":"-1645010640141320022","potions_obtained":[{"floor":10,"key":"Energy Potion"},{"floor":12,"key":"PowerPotion"},{"floor":14,"key":"Slimebound:ThreeZeroPotion"},{"floor":20,"key":"Strength Potion"},{"floor":21,"key":"CultistPotion"}],"is_trial":false,"path_per_floor":["R","M","?","M","?","R","T","E","?","E","R","M","R","M","M","B",null,"R","M","M","?","$","E"],"character_chosen":"THE_AUTOMATON","items_purchased":[],"campfire_rested":0,"item_purchase_floors":[],"current_hp_per_floor":[70,70,70,70,70,70,70,70,70,67,70,70,70,69,66,16,57,60,20,17,17,17,0,0,0],"gold":137,"neow_bonus":"THREE_ENEMY_KILL","is_daily":false,"chose_seed":false,"campfire_upgraded":4,"win_rate":0.0,"timestamp":1611678658,"path_taken":["R","M","?","M","?","R","T","E","?","E","R","?","R","M","M","BOSS","R","M","M","?","$","E"],"items_purchased_type":[],"build_version":"2020-12-22","purchased_purges":1,"victory":false,"max_hp_per_floor":[70,70,70,70,70,70,70,70,70,70,70,70,70,70,70,70,70,70,70,70,70,70,70,70,70],"card_choices":[{"not_picked":["bronze:DelayedSlice","bronze:BitShift"],"picked":"bronze:ItsAFeature","floor":2},{"not_picked":["bronze:BuggyMess","bronze:DelayedGuard"],"picked":"bronze:Separator","floor":4},{"not_picked":["bronze:Invalidate","bronze:Return"],"picked":"bronze:Constructor","floor":8},{"not_picked":["bronze:WhirlingStrike","bronze:Frontload","bronze:Virus"],"picked":"SKIP","floor":10},{"not_picked":["bronze:WhirlingStrike","bronze:Safeguard","bronze:BitShift"],"picked":"SKIP","floor":12},{"not_picked":["bronze:Overheat","bronze:BuggyMess","bronze:FineTuning"],"picked":"SKIP","floor":14},{"not_picked":["bronze:ClassDefault","bronze:Invalidate"],"picked":"bronze:Philosophize","floor":15},{"not_picked":["bronze:AlphaBuild","bronze:Mutator"],"picked":"bronze:HardenedForm","floor":16},{"not_picked":["bronze:Branch","bronze:Deprecate"],"picked":"bronze:Safeguard+1","floor":19},{"not_picked":["bronze:OilSpill","bronze:Allocate","bronze:DelayedSlice"],"picked":"SKIP","floor":20},{"not_picked":["bronze:Return","bronze:Overheat"],"picked":"bronze:Iterate+1","floor":22}],"player_experience":410845,"relics_obtained":[{"floor":7,"key":"Eternal Feather"},{"floor":8,"key":"Omamori"}],"event_choices":[],"is_beta":false,"boss_relics":[{"not_picked":["Coffee Dripper","Black Star"],"picked":"Empty Cage"}],"items_purged_floors":[22],"is_endless":false,"potions_floor_spawned":[10,12,14,15,20],"killed_by":"Slavers","ascension_level":5}}