{"host":"e4udrxcgdvpx3wcj","time":1611696178,"event":{"mods":["Act Like it!","Aspiration","Astrologer","BaseMod","Downfall","Gensokyo","Highlight Path","Infinite Spire","Koishi","Marisa????????","Minty Spire (QoL Compilation)","Replay The Spire","StSLib","SuperFastMode","The Bug Knight","The Construct","The Jungle","The Runesmith","The Servant 0.9.4","TheBandit"],"gold_per_floor":[113,125,90,15,15,27,66,78,90,137,149,161,188,30,105,105,105,195,195,208,208,226,326,342,342,342,342,342,372,372],"floor_reached":29,"language":"ENG","playtime":1185,"items_purged":["Strike_S"],"score":479,"play_id":"8e312eb6-f935-48a7-94c3-546f3827c88a","local_time":"20210126162258","is_ascension_mode":true,"campfire_choices":[{"data":"SoulSculpture","floor":6.0,"key":"SMITH"},{"floor":12.0,"key":"REST"},{"data":"Barrier","floor":25.0,"key":"SMITH"}],"circlet_count":0,"master_deck":["AscendersBane","Strike_S","Strike_S","Strike_S","Defend_S","Defend_S","Defend_S","Defend_S","KidneyShot","Exchange","Manipulate","DoubleEdge","SoulSculpture+1","Barrier+1","DoubleEdge","BottledTime+1","LightFlow+1","TheWorld","Potential","Potential","DualDimension+1","Looming Evil"],"relics":["Uniform","MawBank","Smiling Mask","aspiration:SeaSaltIceCream","Replay:Ringing Soul","Golden Idol","StoneMask","Ring of Fury","ReplayTheSpireMod:Ring of Challenge","Mirror"],"acts_visited":["Exordium","theJungle:Jungle"],"potions_floor_usage":[29],"damage_taken":[{"damage":10.0,"enemies":"Cultist","floor":1.0,"turns":5.0},{"damage":9.0,"enemies":"2 Louse","floor":2.0,"turns":4.0},{"damage":10.0,"enemies":"Lagavulin","floor":7.0,"turns":10.0},{"damage":40.0,"enemies":"Gremlin Nob","floor":10.0,"turns":5.0},{"damage":0.0,"enemies":"Small Slimes","floor":13.0,"turns":3.0},{"damage":29.0,"enemies":"Hexaghost","floor":18.0,"turns":16.0},{"damage":45.0,"enemies":"theJungle:5_Spyders","floor":20.0,"turns":12.0},{"damage":0.0,"enemies":"theJungle:MUSHROOMGANG","floor":22.0,"turns":5.0},{"damage":3.0,"enemies":"theJungle:2_Snecko_Cultists","floor":24.0,"turns":3.0},{"damage":28,"enemies":"theJungle:MamaSnecko","floor":29,"turns":5}],"seed_played":"6965408424361426520","potions_obtained":[{"floor":1.0,"key":"BlessingOfTheForge"},{"floor":2.0,"key":"Elixir"},{"floor":7.0,"key":"SpeedPotion"},{"floor":10.0,"key":"Toxic Potion"},{"floor":24.0,"key":"sneckomod:MuddlingPotion"}],"is_trial":false,"path_per_floor":["M","M","?","$","?","R","E","PTL","PTL","E","T","R","M","$","?","?","R","B",null,"M","?","M","?","M","R","?","?","T","E"],"character_chosen":"THE_SERVANT","items_purchased":["SoulSculpture","LightFlow+1"],"campfire_rested":1,"item_purchase_floors":[4,14],"current_hp_per_floor":[50,41,57,57,57,57,47,47,47,10,10,30,33,36,25,25,45,19,58,31,31,43,18,24,24,27,27,27,0,0],"gold":372,"neow_bonus":"TEN_PERCENT_HP_BONUS","is_daily":false,"chose_seed":false,"campfire_upgraded":2,"win_rate":0.0,"timestamp":1611696178,"path_taken":["M","M","?","$","?","R","E","PTL","PTL","E","T","R","?","$","?","?","R","BOSS","M","?","M","?","M","R","?","?","T","E"],"items_purchased_type":["Card","Card"],"build_version":"2020-12-22","purchased_purges":1,"victory":false,"max_hp_per_floor":[66,66,66,66,66,66,66,66,66,69,69,69,72,75,75,68,68,71,71,79,79,85,85,90,90,93,93,93,93,93],"card_choices":[{"not_picked":["Ricochet","TimeTheft"],"picked":"Manipulate","floor":1.0},{"not_picked":["ShatteredReality","Spin"],"picked":"DoubleEdge","floor":2.0},{"not_picked":["Contraction","WasteNot"],"picked":"Barrier","floor":7.0},{"not_picked":["Unruled","Snipe"],"picked":"DoubleEdge","floor":10.0},{"not_picked":["Revamp","FastForward"],"picked":"BottledTime","floor":13.0},{"not_picked":["TrueSight","SilverMatrix"],"picked":"TheWorld","floor":18.0},{"not_picked":["Spin","TimeWarp"],"picked":"Potential","floor":20.0},{"not_picked":["FanOfKnives","Barrier"],"picked":"Potential","floor":22.0},{"not_picked":["Starlight+1","DoubleEdge"],"picked":"DualDimension+1","floor":24.0}],"player_experience":2498166,"relics_obtained":[{"floor":7.0,"key":"Smiling Mask"},{"floor":10.0,"key":"aspiration:SeaSaltIceCream"},{"floor":26.0,"key":"Ring of Fury"},{"floor":26.0,"key":"ReplayTheSpireMod:Ring of Challenge"},{"floor":28.0,"key":"Mirror"}],"event_choices":[{"damage_healed":16.0,"max_hp_gain":0.0,"max_hp_loss":0.0,"gold_gain":0.0,"event_name":"The Cleric","player_choice":"Healed","floor":3.0,"gold_loss":35.0,"damage_taken":0.0},{"damage_healed":0.0,"max_hp_gain":0.0,"max_hp_loss":0.0,"gold_gain":0.0,"event_name":"WeMeetAgain","player_choice":"Gave Potion","floor":5.0,"gold_loss":0.0,"damage_taken":0.0,"relics_obtained":["MawBank"]},{"damage_healed":0.0,"max_hp_gain":0.0,"max_hp_loss":0.0,"gold_gain":75.0,"event_name":"World of Goop","player_choice":"Gather Gold","floor":15.0,"gold_loss":0.0,"damage_taken":11.0},{"damage_healed":0.0,"max_hp_gain":0.0,"max_hp_loss":7.0,"gold_gain":0.0,"event_name":"Golden Idol","player_choice":"Lose Max HP","floor":16.0,"gold_loss":0.0,"damage_taken":0.0,"relics_obtained":["Golden Idol"]}],"is_beta":false,"boss_relics":[{"not_picked":["Sozu","SacredBark"],"picked":"StoneMask"}],"items_purged_floors":[14],"is_endless":false,"potions_floor_spawned":[1,2,7,10,24],"killed_by":"theJungle:MamaSnecko","ascension_level":20}}