{"host":"928gv66myv2vlnsd","time":1611670586,"event":{"mods":["BaseMod","Minty Spire (QoL Compilation)","StSLib"],"gold_per_floor":[113,113,113,88,88,117,117,117,117,117,149,149,174,192,192,192,192],"floor_reached":16,"language":"ENG","playtime":293,"items_purged":[],"score":320,"play_id":"762096bf-5ba1-4b34-b256-8371a449f618","local_time":"20210126091626","is_ascension_mode":true,"campfire_choices":[{"data":"Rupture","floor":12,"key":"SMITH"},{"floor":15,"key":"REST"}],"circlet_count":0,"master_deck":["AscendersBane","Strike_R","Strike_R","Strike_R","Defend_R","Defend_R","Defend_R+1","Defend_R+1","Bash","Rupture+1","Pommel Strike","Whirlwind","Thunderclap","Hemokinesis"],"relics":["Burning Blood","NeowsBlessing","HornCleat","War Paint","MealTicket","Anchor"],"acts_visited":["Exordium"],"potions_floor_usage":[13,16],"damage_taken":[{"damage":0,"enemies":"2 Louse","floor":1,"turns":1},{"damage":0,"enemies":"3 Sentries","floor":6,"turns":2},{"damage":0,"enemies":"Gremlin Nob","floor":11,"turns":1},{"damage":55,"enemies":"Lagavulin","floor":13,"turns":8},{"damage":0,"enemies":"Cultist","floor":14,"turns":3},{"damage":58,"enemies":"Hexaghost","floor":16,"turns":9}],"seed_played":"1222060831832368180","potions_obtained":[{"floor":1,"key":"Weak Potion"},{"floor":11,"key":"LiquidBronze"},{"floor":14,"key":"SteroidPotion"}],"is_trial":false,"path_per_floor":["M","$","?","$","?","E","$","$","T","$","E","R","E","M","R","B"],"character_chosen":"IRONCLAD","items_purchased":["Pommel Strike"],"campfire_rested":1,"item_purchase_floors":[4],"current_hp_per_floor":[74,74,74,74,67,73,73,73,73,73,75,75,26,32,54,0,0],"gold":192,"neow_bonus":"THREE_ENEMY_KILL","is_daily":false,"chose_seed":false,"campfire_upgraded":1,"win_rate":0.0,"timestamp":1611670586,"path_taken":["M","$","?","?","?","E","?","$","T","?","E","R","E","?","R","BOSS"],"items_purchased_type":["Card"],"build_version":"2020-12-22","purchased_purges":0,"victory":false,"max_hp_per_floor":[75,75,75,75,75,75,75,75,75,75,75,75,75,75,75,75,75],"card_choices":[{"not_picked":["Hemokinesis","Rage"],"picked":"Rupture","floor":1},{"not_picked":["Reckless Charge","Armaments"],"picked":"Whirlwind","floor":6},{"not_picked":["Havoc","Bludgeon"],"picked":"Thunderclap","floor":11},{"not_picked":["Heavy Blade","Dropkick"],"picked":"Hemokinesis","floor":13},{"not_picked":["Twin Strike","Seeing Red","Perfected Strike"],"picked":"SKIP","floor":14}],"player_experience":1335696,"relics_obtained":[{"floor":6,"key":"HornCleat"},{"floor":9,"key":"War Paint"},{"floor":11,"key":"MealTicket"},{"floor":13,"key":"Anchor"}],"event_choices":[{"cards_removed":["Strike_R"],"damage_healed":0,"gold_gain":0,"player_choice":"Offered Basic","damage_taken":0,"max_hp_gain":0,"max_hp_loss":0,"event_name":"Bonfire Elementals","floor":3,"gold_loss":0},{"cards_removed":["Strike_R"],"damage_healed":0,"gold_gain":0,"player_choice":"Card Removal","damage_taken":7,"max_hp_gain":0,"max_hp_loss":0,"event_name":"Golden Wing","floor":5,"gold_loss":0}],"is_beta":false,"boss_relics":[],"items_purged_floors":[],"is_endless":false,"potions_floor_spawned":[1,11,14],"killed_by":"Hexaghost","ascension_level":19}}