{"host":"meib18gsulage5jw","time":1611664196,"event":{"mods":["Aspiration","BaseMod","BetterRewards","CCEM2","Colored Map","Conspire","Defuse TimeMaze Blight","Energized Spire","Hubris","Infinite Spire","Minty Spire (QoL Compilation)","Relic Sorter","Reliquary","Replay The Spire","Spikes Relics","StSLib","The Blue Laboratory","Uncapped"],"gold_per_floor":[116,116,133,151,163,163,175,228,228,228,241,241,255,268,268,268,268],"floor_reached":16,"language":"ENG","playtime":664,"items_purged":[],"score":96,"play_id":"880d5181-b814-42cc-858f-2270b4757ed1","local_time":"20210126222956","is_ascension_mode":false,"campfire_choices":[{"floor":6,"key":"REST"},{"data":"theextravagant:ShootingStar","floor":12,"key":"SMITH"},{"floor":15,"key":"REST"}],"circlet_count":0,"master_deck":["theextravagant:SlyStrike","theextravagant:SlyStrike+1","theextravagant:SlyStrike","theextravagant:SlyStrike+1","theextravagant:Fence","theextravagant:Fence+1","theextravagant:Fence+1","theextravagant:Fence","theextravagant:QuickAttack","theextravagant:Triumph+1","hubris:Defend_Merchant","Neutralize","theextravagant:TwilightTone+1","theextravagant:Flashback+1","theextravagant:SharpTalons","theextravagant:ShootingStar+1","theextravagant:Razor","theextravagant:Urgency","Injury","theextravagant:Twostep+1","theextravagant:Tension"],"relics":["theextravagant:TranslucentFeather","CCEMRelics:SpiritsEdge","Chameleon Ring","Golden Idol"],"acts_visited":["Exordium"],"potions_floor_usage":[5,16,16],"damage_taken":[{"damage":10,"enemies":"Small Slimes","floor":1,"turns":4},{"damage":2,"enemies":"Cultist","floor":3,"turns":5},{"damage":2,"enemies":"Jaw Worm","floor":4,"turns":5},{"damage":16,"enemies":"Lots of Slimes","floor":5,"turns":5},{"damage":22,"enemies":"Large Slime","floor":7,"turns":7},{"damage":0,"enemies":"3 Louse","floor":11,"turns":3},{"damage":13,"enemies":"Lots of Slimes","floor":13,"turns":3},{"damage":18,"enemies":"Gremlin Gang","floor":14,"turns":5},{"damage":30,"enemies":"Slime Boss","floor":16,"turns":5}],"seed_played":"5939250133609012423","potions_obtained":[{"floor":4,"key":"PowerPotion"},{"floor":7,"key":"DistilledChaos"},{"floor":11,"key":"SteroidPotion"},{"floor":14,"key":"Ancient Potion"}],"is_trial":false,"path_per_floor":["M","?","M","M","M","R","M","T","T","?","M","R","M","M","R","B"],"character_chosen":"THE_EXTRAVAGANT","items_purchased":[],"campfire_rested":2,"item_purchase_floors":[],"current_hp_per_floor":[63,63,61,59,43,63,41,41,41,41,41,41,28,10,28,0,0],"gold":268,"neow_bonus":"THREE_RARE_CARDS","is_daily":false,"chose_seed":false,"campfire_upgraded":1,"win_rate":0.0,"timestamp":1611664196,"path_taken":["M","?","?","M","M","R","M","?","T","?","M","R","M","?","R","BOSS"],"items_purchased_type":[],"build_version":"2020-12-22","purchased_purges":0,"victory":false,"max_hp_per_floor":[73,73,71,69,67,67,65,65,65,65,65,65,65,63,63,61,61],"card_choices":[{"not_picked":["theextravagant:Antiquity","theextravagant:DAMNATION"],"picked":"theextravagant:TwilightTone","floor":0},{"not_picked":["theextravagant:CutTheDeck","theextravagant:IronPlumes"],"picked":"theextravagant:Flashback","floor":1},{"not_picked":["theextravagant:Riot","theextravagant:Precaution"],"picked":"theextravagant:SharpTalons","floor":3},{"not_picked":["theextravagant:GustOfWind","theextravagant:SkillfullDodge"],"picked":"theextravagant:ShootingStar","floor":4},{"not_picked":["theextravagant:FocusStab","theextravagant:Castle"],"picked":"theextravagant:Razor","floor":5},{"not_picked":["theextravagant:Repell","theextravagant:SkillfullDodge"],"picked":"theextravagant:Urgency","floor":7},{"not_picked":["theextravagant:PuffUp","theextravagant:Twitch"],"picked":"theextravagant:Twostep","floor":11},{"not_picked":["theextravagant:Defy","theextravagant:Foil","theextravagant:Nihil"],"picked":"SKIP","floor":13},{"not_picked":["theextravagant:Masquerade","theextravagant:Twitch"],"picked":"theextravagant:Tension","floor":14}],"player_experience":311986,"relics_obtained":[{"floor":8,"key":"CCEMRelics:SpiritsEdge"},{"floor":9,"key":"Chameleon Ring"}],"event_choices":[{"damage_healed":0,"gold_gain":0,"player_choice":"Forge","damage_taken":0,"max_hp_gain":0,"max_hp_loss":0,"event_name":"Accursed Blacksmith","floor":2,"gold_loss":0,"cards_upgraded":["theextravagant:TwilightTone"]},{"damage_healed":0,"gold_gain":0,"player_choice":"Take Wound","damage_taken":0,"relics_obtained":["Golden Idol"],"max_hp_gain":0,"max_hp_loss":0,"event_name":"Golden Idol","floor":10,"gold_loss":0,"cards_obtained":["Injury"]}],"is_beta":false,"boss_relics":[],"items_purged_floors":[],"is_endless":false,"potions_floor_spawned":[4,7,11,14],"killed_by":"Slime Boss","ascension_level":0}}