{"host":"4kmvpqjeiacgn1pr","time":1611705355,"event":{"mods":["AchievementEnabler","BaseMod","Better Altar","Better Match","Better Note","Better Sensory Stone","Better Skull","Better Third Choice","Colored Map","Colored Powertips","Curses Come First","Highlight Path","Minty Spire (QoL Compilation)","Permanent Neow","Rare Cards Sparkle","Replay The Spire","Spicy Shops","StSLib"],"gold_per_floor":[367,367,382,382,34,34,34],"floor_reached":6,"language":"ENG","playtime":380,"items_purged":["Regret"],"score":43,"play_id":"b97d81c2-3880-4b39-b609-e44826075962","local_time":"20210126185555","is_ascension_mode":true,"campfire_choices":[],"circlet_count":0,"master_deck":["Strike_R","Strike_R","Strike_R","Strike_R","Strike_R","Defend_R","Defend_R","Defend_R","Defend_R","Bash+1","Clash","Entrench+1","Hemokinesis","Midas Touch","Dropkick","Dropkick","Impatience","Twin Strike"],"relics":["Burning Blood","Prayer Wheel","BargainBundle"],"acts_visited":["Exordium"],"potions_floor_usage":[6,6,6],"damage_taken":[{"damage":1,"enemies":"2 Louse","floor":1,"turns":3},{"damage":16,"enemies":"Jaw Worm","floor":3,"turns":4},{"damage":41,"enemies":"3 Sentries","floor":6,"turns":4}],"seed_played":"5611308326305295082","potions_obtained":[{"floor":3,"key":"EssenceOfSteel"}],"is_trial":false,"path_per_floor":["M","?","M","?","$","E"],"character_chosen":"IRONCLAD","items_purchased":["BargainBundle","Midas Touch","Dropkick","Impatience","Twin Strike","AttackPotion","Elixir"],"campfire_rested":0,"item_purchase_floors":[5,5,5,5,5,5,5],"current_hp_per_floor":[61,61,51,35,35,0,0],"gold":34,"neow_bonus":"TWO_FIFTY_GOLD","is_daily":false,"chose_seed":false,"campfire_upgraded":0,"win_rate":0.0,"timestamp":1611705355,"path_taken":["M","?","M","?","$","E"],"items_purchased_type":["Relic","Card","Card","Card","Card","Potion","Potion"],"build_version":"2020-12-22","purchased_purges":1,"victory":false,"max_hp_per_floor":[80,80,80,80,80,80,80],"card_choices":[{"not_picked":["Clothesline","Anger"],"picked":"Clash","floor":1},{"not_picked":["Pommel Strike","Pummel"],"picked":"Entrench","floor":3},{"not_picked":["Havoc","Run Through"],"picked":"Hemokinesis","floor":3}],"player_experience":353589,"relics_obtained":[],"event_choices":[{"damage_healed":0,"gold_gain":0,"player_choice":"Box","damage_taken":0,"relics_obtained":["Prayer Wheel"],"max_hp_gain":0,"max_hp_loss":0,"event_name":"Big Fish","floor":2,"gold_loss":0,"cards_obtained":["Regret"]},{"damage_healed":51,"gold_gain":0,"player_choice":"Upgrade","damage_taken":16,"max_hp_gain":0,"max_hp_loss":80,"event_name":"betterThird:BetterShining","floor":4,"gold_loss":0,"cards_upgraded":["Entrench","Bash"]}],"is_beta":false,"boss_relics":[],"items_purged_floors":[5],"is_endless":false,"potions_floor_spawned":[3],"killed_by":"3 Sentries","ascension_level":5}}