{"host":"z9811rt50ti81n54","time":1611637593,"event":{"mods":["BaseMod","Minty Spire (QoL Compilation)","Robot Space Explorer","StSLib"],"gold_per_floor":[112,130,23,23,43,43,218,218,245,245,275,275,287,28,28,128,128,145,145,70,87,87,121,121,132,155,55,65,27,60,75,75,171,171,188,198,73,86,102,102,119,119,119,119,129,129,46,65,65,65],"floor_reached":51,"language":"ENG","playtime":2399,"items_purged":["RobotSpaceExplorer:Strike","RobotSpaceExplorer:Strike","RobotSpaceExplorer:Strike"],"score":762,"play_id":"de941fd4-da63-4696-85c3-7a5e233de5c7","local_time":"20210126140633","is_ascension_mode":false,"campfire_choices":[{"data":"RobotSpaceExplorer:DoubleFind","floor":6,"key":"SMITH"},{"data":"RobotSpaceExplorer:StarDust","floor":8,"key":"SMITH"},{"floor":10,"key":"REST"},{"floor":15,"key":"REST"},{"data":"Fasting2","floor":24,"key":"SMITH"},{"floor":32,"key":"REST"},{"data":"RobotSpaceExplorer:BigMissile","floor":40,"key":"SMITH"},{"data":"RobotSpaceExplorer:Pulsar","floor":44,"key":"SMITH"},{"data":"RobotSpaceExplorer:DoubleBlock","floor":46,"key":"SMITH"},{"data":"RobotSpaceExplorer:TrailblazerForm","floor":49,"key":"SMITH"}],"circlet_count":0,"master_deck":["RobotSpaceExplorer:Defend","RobotSpaceExplorer:Defend+1","RobotSpaceExplorer:Defend+1","RobotSpaceExplorer:Defend","RobotSpaceExplorer:Scan","RobotSpaceExplorer:MiniLasers","RobotSpaceExplorer:Smokescreen","RobotSpaceExplorer:StarDust+1","RobotSpaceExplorer:GearShield","RobotSpaceExplorer:DoubleBlock+1","RobotSpaceExplorer:ScrapShield","RobotSpaceExplorer:Pulsar+1","RobotSpaceExplorer:MiniDrones","RobotSpaceExplorer:BigMissile+1","RobotSpaceExplorer:PlasmaMissile","RobotSpaceExplorer:TrailblazerForm+1","Fasting2+1","RobotSpaceExplorer:FrostMissile+1","RobotSpaceExplorer:PlasmaMissile","RobotSpaceExplorer:Fix+1","RobotSpaceExplorer:DoubleBlock+1","RobotSpaceExplorer:GearShield+1","Dark Shackles","RobotSpaceExplorer:ScrapShield"],"relics":["RobotSpaceExplorer:RoboCore","Calipers","Dream Catcher","Bag of Marbles","Anchor","Snecko Eye","Blood Vial","Vajra","Mercury Hourglass","Lantern","Eternal Feather","Sozu","Darkstone Periapt"],"acts_visited":["Exordium","TheCity","TheBeyond"],"potions_floor_usage":[23,23,25,33,50],"damage_taken":[{"damage":0,"enemies":"Small Slimes","floor":1,"turns":5},{"damage":0,"enemies":"2 Louse","floor":2,"turns":2},{"damage":0,"enemies":"Cultist","floor":5,"turns":5},{"damage":9,"enemies":"Lagavulin","floor":11,"turns":7},{"damage":2,"enemies":"3 Louse","floor":13,"turns":4},{"damage":35,"enemies":"The Guardian","floor":16,"turns":11},{"damage":1,"enemies":"Chosen","floor":18,"turns":6},{"damage":0,"enemies":"Shell Parasite","floor":21,"turns":2},{"damage":0,"enemies":"Gremlin Leader","floor":23,"turns":7},{"damage":0,"enemies":"Cultist and Chosen","floor":25,"turns":6},{"damage":0,"enemies":"Sentry and Sphere","floor":28,"turns":4},{"damage":33,"enemies":"Slavers","floor":30,"turns":7},{"damage":0,"enemies":"Centurion and Healer","floor":31,"turns":4},{"damage":10,"enemies":"Automaton","floor":33,"turns":14},{"damage":0,"enemies":"Orb Walker","floor":35,"turns":3},{"damage":0,"enemies":"3 Shapes","floor":36,"turns":5},{"damage":0,"enemies":"Transient","floor":38,"turns":5},{"damage":0,"enemies":"3 Darklings","floor":39,"turns":4},{"damage":0,"enemies":"Maw","floor":41,"turns":7},{"damage":10,"enemies":"Writhing Mass","floor":45,"turns":7},{"damage":0,"enemies":"Transient","floor":48,"turns":5},{"damage":0,"enemies":"Time Eater","floor":50,"turns":13}],"seed_played":"-8003940109184517456","potions_obtained":[{"floor":2,"key":"Energy Potion"},{"floor":13,"key":"SpeedPotion"},{"floor":16,"key":"Explosive Potion"},{"floor":18,"key":"Fire Potion"},{"floor":23,"key":"SneckoOil"},{"floor":25,"key":"Energy Potion"},{"floor":33,"key":"Weak Potion"}],"is_trial":false,"path_per_floor":["M","M","$","?","M","R","?","R","T","R","E","?","M","$","R","B",null,"M","?","$","M","?","E","R","M","T","$","M","$","E","M","R","B",null,"M","M","$","M","M","R","M","$","T","R","M","R","$","M","R","B",null],"character_chosen":"RobotSpaceExplorer","items_purchased":["RobotSpaceExplorer:StarDust","RobotSpaceExplorer:GearShield","RobotSpaceExplorer:BigMissile","RobotSpaceExplorer:PlasmaMissile","Anchor","RobotSpaceExplorer:PlasmaMissile","Dark Shackles"],"campfire_rested":3,"item_purchase_floors":[3,3,14,14,14,29,47],"current_hp_per_floor":[54,54,54,39,39,39,39,39,39,61,52,52,50,50,72,37,75,74,74,74,74,74,75,75,75,75,75,75,75,42,44,75,71,75,75,75,75,75,75,75,75,75,75,75,65,75,75,75,75,75],"gold":65,"neow_bonus":"ONE_RARE_RELIC","is_daily":false,"chose_seed":false,"campfire_upgraded":7,"win_rate":0.0,"timestamp":1611637593,"path_taken":["M","M","$","?","M","R","?","R","T","R","E","?","M","$","R","BOSS","M","?","$","?","?","E","R","?","T","?","M","$","E","M","R","BOSS","M","M","$","M","?","R","M","$","T","R","M","R","$","M","R","BOSS"],"items_purchased_type":["Card","Card","Card","Card","Relic","Card","Card"],"build_version":"2020-12-22","purchased_purges":3,"victory":true,"max_hp_per_floor":[75,75,75,75,75,75,75,75,75,75,75,75,75,75,75,75,75,75,75,75,75,75,75,75,75,75,75,75,75,75,75,75,75,75,75,75,75,75,75,75,75,75,75,75,75,75,75,75,75,75],"card_choices":[{"not_picked":["RobotSpaceExplorer:Reload","RobotSpaceExplorer:MiniBoosters"],"picked":"RobotSpaceExplorer:DoubleFind","floor":1},{"not_picked":["RobotSpaceExplorer:Probe","RobotSpaceExplorer:GlueShot"],"picked":"RobotSpaceExplorer:Smokescreen","floor":2},{"not_picked":["RobotSpaceExplorer:FranticSearch","RobotSpaceExplorer:FrostMissile"],"picked":"RobotSpaceExplorer:DoubleBlock","floor":5},{"not_picked":["RobotSpaceExplorer:SlimeMissile","RobotSpaceExplorer:ShovelStrike"],"picked":"RobotSpaceExplorer:ScrapShield","floor":10},{"not_picked":["RobotSpaceExplorer:ScrapMissile","RobotSpaceExplorer:GlueShot"],"picked":"RobotSpaceExplorer:Pulsar","floor":11},{"not_picked":["RobotSpaceExplorer:ScrapMissile","RobotSpaceExplorer:GlueShot"],"picked":"RobotSpaceExplorer:MiniDrones","floor":13},{"not_picked":["RobotSpaceExplorer:ExhaustFan","RobotSpaceExplorer:MiniDrones"],"picked":"RobotSpaceExplorer:ScrapMissile","floor":15},{"not_picked":["RobotSpaceExplorer:Scanner","RobotSpaceExplorer:Autoloader"],"picked":"RobotSpaceExplorer:TrailblazerForm","floor":16},{"not_picked":["RobotSpaceExplorer:FreezingShield","RobotSpaceExplorer:MetalStrike","RobotSpaceExplorer:JunkDive"],"picked":"SKIP","floor":18},{"not_picked":["RobotSpaceExplorer:ImprovisedAttack+1","RobotSpaceExplorer:SurgingStrike","RobotSpaceExplorer:SwiftStep"],"picked":"SKIP","floor":21},{"not_picked":["RobotSpaceExplorer:JunkDive","RobotSpaceExplorer:RigExplosive"],"picked":"RobotSpaceExplorer:Exploration","floor":23},{"not_picked":["RobotSpaceExplorer:ImprovisedAttack","RobotSpaceExplorer:FranticSearch","RobotSpaceExplorer:MiniDrones"],"picked":"SKIP","floor":25},{"not_picked":["RobotSpaceExplorer:PlasmaMissile","RobotSpaceExplorer:Probe"],"picked":"RobotSpaceExplorer:FrostMissile+1","floor":28},{"not_picked":["RobotSpaceExplorer:SwiftStep","RobotSpaceExplorer:FranticSearch","RobotSpaceExplorer:DualCore+1"],"picked":"SKIP","floor":30},{"not_picked":["RobotSpaceExplorer:Counterblock","RobotSpaceExplorer:Smokescreen","RobotSpaceExplorer:Pulsar"],"picked":"SKIP","floor":31},{"not_picked":["RobotSpaceExplorer:SurgingStrike","RobotSpaceExplorer:GearShield+1"],"picked":"RobotSpaceExplorer:Fix+1","floor":32},{"not_picked":["RobotSpaceExplorer:Scanner","RobotSpaceExplorer:ChargingLaser"],"picked":"RobotSpaceExplorer:Wormhole","floor":33},{"not_picked":["RobotSpaceExplorer:SlimeMissile","RobotSpaceExplorer:MetalStrike","RobotSpaceExplorer:StunGrenade"],"picked":"SKIP","floor":35},{"not_picked":["RobotSpaceExplorer:SlimeMissile","RobotSpaceExplorer:MetalStrike","RobotSpaceExplorer:StunGrenade"],"picked":"SKIP","floor":35},{"not_picked":["RobotSpaceExplorer:GlueShot+1","RobotSpaceExplorer:MakeshiftVolley"],"picked":"RobotSpaceExplorer:DoubleBlock+1","floor":36},{"not_picked":["RobotSpaceExplorer:Ammunition+1","RobotSpaceExplorer:SurgingStrike+1","RobotSpaceExplorer:MetalStrike+1"],"picked":"SKIP","floor":38},{"not_picked":["RobotSpaceExplorer:FrostMissile","RobotSpaceExplorer:SurgingShield","RobotSpaceExplorer:ScrapMissile+1"],"picked":"SKIP","floor":39},{"not_picked":["RobotSpaceExplorer:RigExplosive+1","RobotSpaceExplorer:FrostMissile","RobotSpaceExplorer:Reload"],"picked":"SKIP","floor":41},{"not_picked":["RobotSpaceExplorer:MakeshiftVolley+1","RobotSpaceExplorer:LaserBurst+1"],"picked":"RobotSpaceExplorer:GearShield+1","floor":45},{"not_picked":["RobotSpaceExplorer:ExhaustFan","RobotSpaceExplorer:PowerCollector"],"picked":"RobotSpaceExplorer:ScrapShield","floor":48}],"player_experience":419597,"relics_obtained":[{"floor":9,"key":"Dream Catcher"},{"floor":11,"key":"Bag of Marbles"},{"floor":23,"key":"Vajra"},{"floor":25,"key":"Mercury Hourglass"},{"floor":26,"key":"Lantern"},{"floor":30,"key":"Eternal Feather"},{"floor":43,"key":"Darkstone Periapt"}],"event_choices":[{"damage_healed":0,"gold_gain":0,"player_choice":"Entered Light","damage_taken":15,"max_hp_gain":0,"max_hp_loss":0,"event_name":"Shining Light","floor":4,"gold_loss":0,"cards_upgraded":["RobotSpaceExplorer:Defend","RobotSpaceExplorer:Defend"]},{"damage_healed":0,"gold_gain":175,"player_choice":"AGREE","damage_taken":0,"max_hp_gain":0,"max_hp_loss":0,"event_name":"Liars Game","floor":7,"gold_loss":0,"cards_obtained":["Doubt"]},{"cards_removed":["Doubt"],"damage_healed":0,"gold_gain":0,"player_choice":"Forget","damage_taken":0,"max_hp_gain":0,"max_hp_loss":0,"event_name":"Living Wall","floor":12,"gold_loss":0},{"cards_removed":["RobotSpaceExplorer:DoubleFind"],"damage_healed":0,"gold_gain":0,"player_choice":"Took Card","damage_taken":0,"max_hp_gain":0,"max_hp_loss":0,"event_name":"NoteForYourself","floor":19,"gold_loss":0,"cards_obtained":["Fasting2"]},{"cards_removed":["RobotSpaceExplorer:ScrapMissile"],"damage_healed":0,"gold_gain":0,"player_choice":"Gave Card","damage_taken":0,"relics_obtained":["Blood Vial"],"max_hp_gain":0,"max_hp_loss":0,"event_name":"WeMeetAgain","floor":22,"gold_loss":0}],"is_beta":false,"boss_relics":[{"not_picked":["Velvet Choker","Ectoplasm"],"picked":"Snecko Eye"},{"not_picked":["SlaversCollar","Black Star"],"picked":"Sozu"}],"items_purged_floors":[20,27,37],"is_endless":false,"potions_floor_spawned":[2,13,16,18,23,25,33,38,48],"ascension_level":0}}