{"host":"g01l53quoe6lrer0","time":1611652986,"event":{"mods":["2.2 Compatiblity","AchievementEnabler","BaseMod","Colored Map","Highlight Path","Keyboard Shortcuts","Minty Spire (QoL Compilation)","Permanent Neow","StSLib","SuperFastMode","everything is the same but u backflip on backflip"],"gold_per_floor":[116,116,132,149,164,164,198,216,240,240,240],"floor_reached":10,"language":"KOR","playtime":327,"items_purged":[],"score":123,"play_id":"65b97e6c-d34a-4102-b923-fba89e3996dd","local_time":"20210126182306","is_ascension_mode":true,"campfire_choices":[{"data":"Deadly Poison","floor":6.0,"key":"SMITH"}],"circlet_count":0,"master_deck":["AscendersBane","Strike_G","Strike_G","Strike_G","Strike_G","Strike_G","Defend_G","Defend_G","Defend_G","Defend_G","Defend_G","Survivor","Neutralize","Catalyst","Calculated Gamble","Dagger Spray","Deadly Poison+1","Quick Slash","Cloak And Dagger"],"relics":["Ring of the Snake","Lantern","Orichalcum","MealTicket"],"acts_visited":["Exordium"],"potions_floor_usage":[],"damage_taken":[{"damage":1.0,"enemies":"2 Louse","floor":1.0,"turns":5.0},{"damage":5.0,"enemies":"Cultist","floor":3.0,"turns":4.0},{"damage":24.0,"enemies":"Jaw Worm","floor":4.0,"turns":9.0},{"damage":2.0,"enemies":"Lots of Slimes","floor":5.0,"turns":4.0},{"damage":27.0,"enemies":"3 Sentries","floor":7.0,"turns":8.0},{"damage":5.0,"enemies":"Gremlin Gang","floor":8.0,"turns":5.0},{"damage":7,"enemies":"Lagavulin","floor":10,"turns":5}],"seed_played":"3342614780082504567","potions_obtained":[{"floor":3.0,"key":"FairyPotion"},{"floor":5.0,"key":"AttackPotion"}],"is_trial":false,"path_per_floor":["M","?","M","M","M","R","E","M","T","E"],"character_chosen":"THE_SILENT","items_purchased":[],"campfire_rested":0,"item_purchase_floors":[],"current_hp_per_floor":[58,58,53,29,27,27,19,14,14,7,7],"gold":240,"neow_bonus":"THREE_CARDS","is_daily":false,"chose_seed":false,"campfire_upgraded":1,"win_rate":0.0,"timestamp":1611652986,"path_taken":["M","?","M","M","M","R","E","?","T","E"],"items_purchased_type":[],"build_version":"2020-12-22","purchased_purges":0,"victory":false,"max_hp_per_floor":[66,66,66,66,66,66,66,66,66,66,66],"card_choices":[{"not_picked":["Infinite Blades","Dagger Throw"],"picked":"Catalyst","floor":0.0},{"not_picked":["Sucker Punch","Distraction"],"picked":"Slice","floor":1.0},{"not_picked":["Dagger Spray","Slice"],"picked":"Calculated Gamble","floor":3.0},{"not_picked":["All Out Attack","PiercingWail"],"picked":"Dagger Spray","floor":4.0},{"not_picked":["Heel Hook","Acrobatics"],"picked":"Deadly Poison","floor":5.0},{"not_picked":["Distraction","Backstab"],"picked":"Quick Slash","floor":7.0},{"not_picked":["Backstab","Sucker Punch"],"picked":"Cloak And Dagger","floor":8.0}],"player_experience":297653,"relics_obtained":[{"floor":7.0,"key":"Orichalcum"},{"floor":9.0,"key":"MealTicket"}],"event_choices":[{"cards_removed":["Slice"],"damage_healed":0.0,"max_hp_gain":0.0,"max_hp_loss":0.0,"gold_gain":0.0,"event_name":"WeMeetAgain","player_choice":"Gave Card","floor":2.0,"gold_loss":0.0,"damage_taken":0.0,"relics_obtained":["Lantern"]}],"is_beta":false,"boss_relics":[],"items_purged_floors":[],"is_endless":false,"potions_floor_spawned":[3,5],"killed_by":"Lagavulin","ascension_level":15}}