{"host":"6he3f0ic6yesrium","time":1611621326,"event":{"mods":["BaseMod","Better Altar","Better Match","Better Note","Better Sensory Stone","Better Skull","Better Third Choice","Colored Map","Conspire","Duelist Mod","Hermit","Hubris","Marisa????????","Mimic Mod","Minty Spire (QoL Compilation)","Replay The Spire","Shade Mod","Somnambulant","Spire Arcade","Spire Birthday Party","StSLib","The Alterego","The Disciple","The Forsaken","The Hierophant","The Mystic","The Necromancer","The Runesmith","The Servant 0.9.4","The Valiant","TheVacant"],"gold_per_floor":[137,137,151,161,176,176,192,192,226,19,19,30,30,30,30,133,133,144,157,136,10,10,10,10,28,28,87,115,115,129,131,131],"floor_reached":31,"language":"ENG","playtime":1611,"items_purged":["Voices"],"score":292,"play_id":"007454ce-dad3-412c-8957-4fb898c3f8be","local_time":"20210125193526","is_ascension_mode":true,"campfire_choices":[{"data":"theDuelist:ToonWorld","floor":6.0,"key":"SMITH"},{"data":"theDuelist:MangaRyuRan","floor":8.0,"key":"SMITH"},{"data":"theDuelist:GoldenApples","floor":13.0,"key":"SMITH"},{"floor":15.0,"key":"REST"},{"data":"theDuelist:Polymerization","floor":23,"key":"SMITH"}],"circlet_count":0,"master_deck":["theDuelist:Mausoleum","theDuelist:CastleWalls","theDuelist:RainbowKuriboh","theDuelist:ToonWorld+1","theDuelist:RainbowKuriboh","theDuelist:ToonMermaid","theDuelist:ToonAncientGear","theDuelist:GoldenApples+1","theDuelist:Polymerization+1","theDuelist:Sparks","theDuelist:ToonSummonedSkull+1","theDuelist:RainbowKuriboh+1","theDuelist:BookSecret+1","theDuelist:MangaRyuRan+1","theDuelist:Sparks","theDuelist:CastleWalls"],"relics":["theDuelist:MillenniumPuzzle","theDuelist:CardPoolRelic","theDuelist:CardPoolBasicRelic","theDuelist:BoosterPackPoolRelic","theDuelist:CardPoolAddRelic","theDuelist:CardPoolMinusRelic","theDuelist:CardPoolSaveRelic","theDuelist:CardPoolOptionsRelic","ReplayTheSpireMod:Ring of Collecting","ReplayTheSpireMod:Ring of Addiction","White Beast Statue","Toy Ornithopter","Ring of Peace","Replay:Mystery Machine","theForsaken:Lifeblossom","theDuelist:ToonRelic","Frozen Eye","Black Star","theDuelist:NamelessPowerRelicA","ReplayTheSpireMod:Ring of Challenge","Replay:Bandana","Du-Vu Doll"],"acts_visited":["Exordium","TheCity"],"potions_floor_usage":[25,27,28,28,30,31],"damage_taken":[{"damage":4.0,"enemies":"conspire:RoseBush","floor":1.0,"turns":3.0},{"damage":15.0,"enemies":"Small Slimes","floor":3.0,"turns":3.0},{"damage":1.0,"enemies":"Jaw Worm","floor":4.0,"turns":2.0},{"damage":11.0,"enemies":"Looter","floor":5.0,"turns":2.0},{"damage":10.0,"enemies":"3 Louse","floor":7.0,"turns":3.0},{"damage":6.0,"enemies":"Lots of Slimes","floor":9.0,"turns":5.0},{"damage":14.0,"enemies":"Lots of Slimes","floor":12.0,"turns":5.0},{"damage":70.0,"enemies":"Hexaghost","floor":16.0,"turns":13.0},{"damage":46.0,"enemies":"3 Byrds","floor":18.0,"turns":9.0},{"damage":22,"enemies":"2 Thieves","floor":19,"turns":4},{"damage":20,"enemies":"Sentry and Sphere","floor":25,"turns":5},{"damage":7,"enemies":"Snecko","floor":27,"turns":7},{"damage":23,"enemies":"3 Cultists","floor":28,"turns":6},{"damage":0,"enemies":"conspire:HollyBat","floor":30,"turns":7},{"damage":49,"enemies":"conspire:Head Lice","floor":31,"turns":5}],"seed_played":"8866982956133355257","potions_obtained":[{"floor":2.0,"key":"Block Potion"},{"floor":2.0,"key":"Swift Potion"},{"floor":2.0,"key":"theDuelist:TokenPotionB"},{"floor":3.0,"key":"theDuelist:FlamingBottle"},{"floor":4.0,"key":"theDuelist:BurningPotion"},{"floor":5.0,"key":"Venom Potion"},{"floor":7.0,"key":"Strength Potion"},{"floor":9.0,"key":"theDuelist:OrbBottle"},{"floor":12.0,"key":"ColorlessPotion"},{"floor":16.0,"key":"Weak Potion"},{"floor":18.0,"key":"BloodPotion"},{"floor":19,"key":"SteroidPotion"},{"floor":25,"key":"Elixir"},{"floor":27,"key":"theDuelist:SealedPackE"},{"floor":28,"key":"LifebloodPotion"},{"floor":30,"key":"GamblersBrew"}],"is_trial":false,"path_per_floor":["M","?","M","M","M","R","M","R","MIM","$","?","M","R","?","R","B",null,"M","M","?","$","?","R","?","M","T","M","M","?","M","E"],"character_chosen":"THE_DUELIST","items_purchased":["theForsaken:Lifeblossom","Strength Potion","theDuelist:StunPotion"],"campfire_rested":1,"item_purchase_floors":[10,10,21],"current_hp_per_floor":[76,76,65,69,63,63,58,58,57,57,57,54,54,54,78,20,78,55,39,39,39,39,39,39,30,30,34,27,27,38,0,0],"gold":131,"neow_bonus":"UPGRADE_CARD","is_daily":false,"chose_seed":false,"campfire_upgraded":4,"win_rate":0.0,"timestamp":1611621326,"path_taken":["M","?","M","M","M","R","M","R","MIM","?","?","?","R","?","R","BOSS","M","M","?","$","?","R","?","M","T","?","M","?","M","E"],"items_purchased_type":["Relic","Potion","Potion"],"build_version":"2020-12-22","purchased_purges":1,"victory":false,"max_hp_per_floor":[80,80,80,80,80,80,80,80,80,80,80,80,80,80,80,78,78,78,78,78,78,76,76,76,74,74,74,74,74,74,74,74],"card_choices":[{"not_picked":["theDuelist:MudGolem","theDuelist:OneForOne","theDuelist:WingedKuribohLv9","theDuelist:HarpieFeather"],"picked":"theDuelist:GoldenApples","floor":1.0},{"not_picked":["theDuelist:RainbowDarkDragon","theDuelist:IrisEarthMother","theDuelist:RainbowMagician","theDuelist:RainbowOverdragon"],"picked":"theDuelist:RainbowKuriboh","floor":3.0},{"not_picked":["theDuelist:GauntletWarrior","theDuelist:LightningDarts","theDuelist:MillenniumGolem","theDuelist:WormWarlord","theDuelist:PowerGiant"],"picked":"SKIP","floor":4.0},{"not_picked":["theDuelist:AttackTheMoon","theDuelist:DestroyerGolem","theDuelist:GilfordLegend","theDuelist:GraniteLoyalist","theDuelist:PowerGiant"],"picked":"SKIP","floor":5.0},{"not_picked":["theDuelist:SangaThunder","theDuelist:NeoMagic","theDuelist:InjectionFairy","theDuelist:DarkMagician","theDuelist:SilentDoom"],"picked":"SKIP","floor":7.0},{"not_picked":["theDuelist:ExodiaNecross","theDuelist:LegendaryExodia","theDuelist:ExodiaRA","theDuelist:ExodiaLL","theDuelist:ExodiaHead"],"picked":"SKIP","floor":12.0},{"not_picked":["theDuelist:RainbowDarkDragon","theDuelist:IrisEarthMother","theDuelist:RainbowMagician","theDuelist:RainbowOverdragon"],"picked":"theDuelist:RainbowKuriboh","floor":16.0},{"not_picked":["theDuelist:RainbowMagician","theDuelist:IrisEarthMother","theDuelist:RainbowDarkDragon","theDuelist:RainbowOverdragon"],"picked":"theDuelist:RainbowKuriboh","floor":18.0},{"not_picked":["theDuelist:FuryFire+1","theDuelist:HeavyStorm","theDuelist:SphereKuriboh","theDuelist:HammerShot+1","theDuelist:MagicHoleGolem+1"],"picked":"SKIP","floor":19},{"not_picked":["theDuelist:Mudora","theDuelist:EarthEffigy","theDuelist:WormApocalypse","theDuelist:DestroyerGolem+1"],"picked":"theDuelist:Mausoleum","floor":22},{"not_picked":["theDuelist:Sparks","theDuelist:CastleWalls","theDuelist:CastleWalls","theDuelist:GoldenApples"],"picked":"theDuelist:Polymerization","floor":22},{"not_picked":["theDuelist:SilentDoom","theDuelist:SpellShatteringArrow+1","theDuelist:ContractExodia","theDuelist:DiffusionWaveMotion+1"],"picked":"theDuelist:BookSecret+1","floor":25},{"not_picked":["theDuelist:DummyGolem","theDuelist:EarthquakeGiant","theDuelist:GemArmadillo","theDuelist:LabyrinthWall+1","theDuelist:PowerGiant"],"picked":"SKIP","floor":27},{"not_picked":["theDuelist:DarkMagician","theDuelist:InjectionFairy","theDuelist:BlizzardWarrior","theDuelist:SpellShatteringArrow","theDuelist:InfernoFireBlast"],"picked":"SKIP","floor":28},{"not_picked":["theDuelist:DarkMagician","theDuelist:OnslaughtFireKings","theDuelist:MysticalElf+1","theDuelist:PowerKaishin","theDuelist:SpiritHarp+1"],"picked":"SKIP","floor":30}],"player_experience":369745,"relics_obtained":[{"floor":2.0,"key":"ReplayTheSpireMod:Ring of Collecting"},{"floor":2.0,"key":"ReplayTheSpireMod:Ring of Addiction"},{"floor":2.0,"key":"White Beast Statue"},{"floor":2.0,"key":"Toy Ornithopter"},{"floor":9.0,"key":"Ring of Peace"},{"floor":9.0,"key":"Replay:Mystery Machine"},{"floor":26,"key":"ReplayTheSpireMod:Ring of Challenge"},{"floor":26,"key":"Replay:Bandana"}],"event_choices":[{"damage_healed":0.0,"max_hp_gain":0.0,"max_hp_loss":0.0,"gold_gain":0.0,"event_name":"WeMeetAgain","player_choice":"Gave Potion","floor":11.0,"gold_loss":0.0,"damage_taken":0.0,"relics_obtained":["theDuelist:ToonRelic"]},{"power_reward":2,"total_magic_score":45,"gold_gain":0,"duelist":true,"damage_taken":0,"relics_obtained":["theDuelist:NamelessPowerRelicA"],"points":6,"max_hp_gain":0,"max_hp_loss":0,"spent_points":{"magic":2,"greed":0,"war":0,"power":2,"hunger":2},"event_name":"Nameless Tomb","floor":20,"gold_loss":21,"cards_obtained":[]},{"damage_healed":0,"gold_gain":2,"player_choice":"1","damage_taken":0,"max_hp_gain":0,"max_hp_loss":0,"event_name":"betterStone:BetterStone","floor":22,"gold_loss":0},{"cards_removed":["theDuelist:Sparks"],"damage_healed":0,"gold_gain":0,"player_choice":"Purged","damage_taken":0,"max_hp_gain":0,"max_hp_loss":0,"event_name":"Purifier","floor":24,"gold_loss":0}],"is_beta":false,"boss_relics":[{"not_picked":["Abe\u0027s Treasure","Snecko Scales"],"picked":"Black Star"}],"items_purged_floors":[21],"is_endless":false,"potions_floor_spawned":[3,4,5,7,9,12,16,18,19,25,27,28,30],"killed_by":"conspire:Head Lice","ascension_level":3}}