{"host":"edc6wmn2qug8wnvl","time":1611654835,"event":{"mods":["AchievementEnabler","BaseMod","Colored Map","Colored Powertips","Minty Spire (QoL Compilation)","StSLib"],"gold_per_floor":[117,117,127,144,164,194,154,154,154,154,172,187,205,205,205,301,301,312,95,95,111,122,122,122,122,122],"floor_reached":25,"language":"ENG","playtime":1252,"items_purged":[],"score":207,"play_id":"7233db0d-a7dc-4f24-8ff8-7b25d8ba6535","local_time":"20210126015355","is_ascension_mode":false,"campfire_choices":[{"data":"Inflame","floor":8,"key":"SMITH"},{"floor":10,"key":"REST"},{"floor":15,"key":"REST"},{"floor":23,"key":"REST"}],"circlet_count":0,"master_deck":["Strike_R","Strike_R","Strike_R","Strike_R","Strike_R","Defend_R","Defend_R","Defend_R","Defend_R","Inflame+1","Strike_B","Reckless Charge","Spot Weakness","Anger","Bloodletting","Limit Break","Cleave","Fire Breathing","Limit Break","Armaments+1","Bludgeon","Limit Break","Outmaneuver+1","Conserve Battery"],"relics":["Black Blood","NeowsBlessing","Boot","Shuriken","Ginger","PrismaticShard"],"acts_visited":["Exordium","TheCity"],"potions_floor_usage":[5,6,6,16,16,22,24],"damage_taken":[{"damage":0,"enemies":"Small Slimes","floor":1,"turns":1},{"damage":0,"enemies":"Cultist","floor":3,"turns":1},{"damage":0,"enemies":"2 Louse","floor":4,"turns":1},{"damage":9,"enemies":"Gremlin Gang","floor":5,"turns":4},{"damage":21,"enemies":"Gremlin Nob","floor":6,"turns":4},{"damage":7,"enemies":"Blue Slaver","floor":11,"turns":2},{"damage":3,"enemies":"Exordium Wildlife","floor":12,"turns":3},{"damage":16,"enemies":"Red Slaver","floor":13,"turns":3},{"damage":21,"enemies":"Slime Boss","floor":16,"turns":8},{"damage":36,"enemies":"3 Byrds","floor":18,"turns":6},{"damage":13,"enemies":"Chosen","floor":21,"turns":4},{"damage":22,"enemies":"Snake Plant","floor":22,"turns":5},{"damage":21,"enemies":"Centurion and Healer","floor":24,"turns":4},{"damage":55,"enemies":"3 Cultists","floor":25,"turns":5}],"seed_played":"5494273297727801489","potions_obtained":[{"floor":1,"key":"BlessingOfTheForge"},{"floor":4,"key":"AttackPotion"},{"floor":5,"key":"LiquidMemories"},{"floor":7,"key":"SmokeBomb"},{"floor":7,"key":"Block Potion"},{"floor":7,"key":"CultistPotion"},{"floor":21,"key":"SkillPotion"}],"is_trial":false,"path_per_floor":["M","?","M","M","M","E","?","R","T","R","M","M","M","?","R","B",null,"M","$","?","M","M","R","M","M"],"character_chosen":"IRONCLAD","items_purchased":["Bludgeon","PrismaticShard"],"campfire_rested":3,"item_purchase_floors":[19,19],"current_hp_per_floor":[80,80,80,80,77,62,62,62,62,80,79,80,70,67,80,65,80,56,56,56,55,45,69,60,5,5],"gold":122,"neow_bonus":"THREE_ENEMY_KILL","is_daily":false,"chose_seed":false,"campfire_upgraded":1,"win_rate":0.0,"timestamp":1611654835,"path_taken":["M","?","M","?","M","E","?","R","T","R","M","M","?","?","R","BOSS","M","$","?","?","M","R","M","M"],"items_purchased_type":["Card","Relic"],"build_version":"2020-12-22","purchased_purges":0,"victory":false,"max_hp_per_floor":[80,80,80,80,80,80,80,80,80,80,80,80,80,80,80,80,80,80,80,80,80,80,80,80,80,80],"card_choices":[{"not_picked":["Dropkick","Metallicize"],"picked":"Inflame","floor":1},{"not_picked":["Burning Pact","Clash"],"picked":"Reckless Charge","floor":3},{"not_picked":["Rampage","True Grit"],"picked":"Spot Weakness","floor":4},{"not_picked":["Iron Wave","Body Slam"],"picked":"Anger","floor":5},{"not_picked":["Carnage","Thunderclap"],"picked":"Bloodletting","floor":6},{"not_picked":["Heavy Blade","Infernal Blade"],"picked":"Limit Break","floor":11},{"not_picked":["True Grit","Whirlwind"],"picked":"Cleave","floor":12},{"not_picked":["True Grit","Heavy Blade"],"picked":"Fire Breathing","floor":13},{"not_picked":["Barricade","Brutality"],"picked":"Limit Break","floor":16},{"not_picked":["Sword Boomerang+1","Clash"],"picked":"Armaments+1","floor":18},{"not_picked":["JustLucky+1","BowlingBash"],"picked":"Outmaneuver+1","floor":21},{"not_picked":["Redo+1","Feel No Pain"],"picked":"Conserve Battery","floor":22}],"player_experience":49873,"relics_obtained":[{"floor":6,"key":"Boot"},{"floor":9,"key":"Shuriken"}],"event_choices":[{"cards_removed":["Bash"],"damage_healed":0,"gold_gain":0,"player_choice":"Took Card","damage_taken":0,"max_hp_gain":0,"max_hp_loss":0,"event_name":"NoteForYourself","floor":2,"gold_loss":0,"cards_obtained":["Strike_B"]},{"damage_healed":0,"gold_gain":0,"player_choice":"Bought 3 Potions","damage_taken":0,"max_hp_gain":0,"max_hp_loss":0,"event_name":"The Woman in Blue","floor":7,"gold_loss":0},{"damage_healed":0,"gold_gain":0,"player_choice":"Success","damage_taken":3,"relics_obtained":["Ginger"],"max_hp_gain":0,"max_hp_loss":0,"event_name":"Scrap Ooze","floor":14,"gold_loss":0},{"damage_healed":0,"gold_gain":0,"player_choice":"Copied","damage_taken":0,"max_hp_gain":0,"max_hp_loss":0,"event_name":"Duplicator","floor":20,"gold_loss":0,"cards_obtained":["Limit Break"]}],"is_beta":false,"boss_relics":[{"not_picked":["Cursed Key","Snecko Eye"],"picked":"Black Blood"}],"items_purged_floors":[],"is_endless":false,"potions_floor_spawned":[1,4,5,11,21,24],"killed_by":"3 Cultists","ascension_level":0}}