{"host":"Mute","time":1611704914,"event":{"mods":["BaseMod","Colored Map","Downfall","Minty Spire (QoL Compilation)","StSLib"],"gold_per_floor":[99,117,135,152,25,55,55,55,75,85,85,118,118,118,130,234,234,234,254,270,283,283,283,283,283],"floor_reached":23,"language":"ENG","playtime":1456,"items_purged":[],"score":203,"play_id":"c4b0a6d4-f3fc-4ce8-9b40-e10f6f46acf1","local_time":"20210126184834","is_ascension_mode":false,"campfire_choices":[{"data":"bronze:Replicate","floor":1,"key":"SMITH"},{"data":"bronze:Turbo","floor":11,"key":"SMITH"},{"floor":13,"key":"REST"},{"data":"bronze:Terminator","floor":18,"key":"SMITH"}],"circlet_count":0,"master_deck":["bronze:Strike","bronze:Strike","bronze:Strike","bronze:Defend","bronze:Defend","bronze:Defend","bronze:Replicate+1","bronze:Goto","bronze:Backtrace","bronze:Backtrace","bronze:DigitalCarnage","bronze:DelayedGuard","bronze:ChosenStrike","bronze:ClassDefault","bronze:Terminator+1","bronze:Turbo+1","bronze:Constructor"],"relics":["bronze:BronzeCore","bronze:ProtectiveGoggles","Pocketwatch","Bottled Tornado","Incense Burner","Sozu"],"acts_visited":["Exordium","TheCity"],"potions_floor_usage":[23],"damage_taken":[{"damage":4,"enemies":"Jaw Worm","floor":2,"turns":4},{"damage":0,"enemies":"Cultist","floor":3,"turns":3},{"damage":0,"enemies":"Small Slimes","floor":4,"turns":1},{"damage":0,"enemies":"downfall:FleeingMerchant","floor":5,"turns":4},{"damage":19,"enemies":"Gremlin Nob","floor":6,"turns":4},{"damage":15,"enemies":"Exordium Thugs","floor":9,"turns":3},{"damage":8,"enemies":"3 Louse","floor":10,"turns":2},{"damage":14,"enemies":"Lagavulin","floor":12,"turns":4},{"damage":0,"enemies":"2 Fungi Beasts","floor":15,"turns":2},{"damage":22,"enemies":"WA_ARCHETYPE_RETAIN","floor":16,"turns":7},{"damage":0,"enemies":"3 Byrds","floor":19,"turns":4},{"damage":0,"enemies":"Spheric Guardian","floor":20,"turns":1},{"damage":21,"enemies":"Snake Plant","floor":21,"turns":3},{"damage":55,"enemies":"Gremlin Leader","floor":23,"turns":6}],"seed_played":"1264692203196583684","potions_obtained":[{"floor":3,"key":"hexamod:SoulburnPotion"},{"floor":4,"key":"Slimebound:ThreeZeroPotion"},{"floor":6,"key":"bronze:CleanCodePotion"}],"is_trial":false,"path_per_floor":["R","M","M","M","$","E","T","?","M","M","R","E","R","?","M","B",null,"R","M","M","M","?","E"],"character_chosen":"THE_AUTOMATON","items_purchased":["bronze:ChosenStrike","bronze:ClassDefault"],"campfire_rested":1,"item_purchase_floors":[5,5],"current_hp_per_floor":[70,66,66,66,66,47,47,47,32,24,24,10,31,31,31,9,70,70,70,70,49,49,0,0,0],"gold":283,"neow_bonus":"RANDOM_COMMON_RELIC","is_daily":false,"chose_seed":false,"campfire_upgraded":3,"win_rate":0.0,"timestamp":1611704914,"path_taken":["R","M","M","M","$","E","T","?","M","?","R","E","R","?","M","BOSS","R","M","M","M","?","E"],"items_purchased_type":["Card","Card"],"build_version":"2020-12-18","purchased_purges":0,"victory":false,"max_hp_per_floor":[70,70,70,70,70,70,70,70,70,70,70,70,70,70,70,70,70,70,70,70,70,70,70,70,70],"card_choices":[{"not_picked":["bronze:BugBarrage","bronze:Invalidate"],"picked":"bronze:Backtrace","floor":2},{"not_picked":["bronze:Branch","bronze:DigitalCarnage"],"picked":"bronze:Backtrace","floor":3},{"not_picked":["bronze:FineTuning","bronze:ForceShield"],"picked":"bronze:DigitalCarnage","floor":4},{"not_picked":["bronze:Repulsor","bronze:Fortify"],"picked":"bronze:DelayedGuard","floor":5},{"not_picked":["bronze:WildBeam","bronze:BitShift"],"picked":"bronze:Terminator","floor":6},{"not_picked":["bronze:Allocate","bronze:Format"],"picked":"bronze:Turbo","floor":9},{"not_picked":["bronze:Invalidate","bronze:GetLatest","bronze:ChildClass"],"picked":"SKIP","floor":10},{"not_picked":["bronze:FineTuning","bronze:BitShift","bronze:CutThrough"],"picked":"SKIP","floor":12},{"not_picked":["bronze:BitShift","bronze:BronzeOrb","bronze:BugBarrage"],"picked":"SKIP","floor":15},{"not_picked":["bronze:Invalidate","bronze:WildBeam","bronze:CutThrough"],"picked":"SKIP","floor":19},{"not_picked":["bronze:FollowUp+1","bronze:ChosenStrike"],"picked":"bronze:Constructor","floor":20},{"not_picked":["bronze:Deprecate","bronze:CutThrough","bronze:Overheat"],"picked":"SKIP","floor":21}],"player_experience":472294,"relics_obtained":[{"floor":6,"key":"Pocketwatch"},{"floor":7,"key":"Bottled Tornado"},{"floor":12,"key":"Incense Burner"}],"event_choices":[{"cards_removed":["bronze:Defend"],"damage_healed":0,"gold_gain":0,"player_choice":"Offered Basic","damage_taken":0,"max_hp_gain":0,"max_hp_loss":0,"event_name":"Bonfire Elementals","floor":14,"gold_loss":0},{"damage_healed":0,"gold_gain":0,"player_choice":"Leave","damage_taken":0,"max_hp_gain":0,"max_hp_loss":0,"event_name":"FaceTrader","floor":22,"gold_loss":0}],"is_beta":true,"boss_relics":[{"not_picked":["Philosopher\u0027s Stone","bronze:MakeshiftBattery"],"picked":"Sozu"}],"items_purged_floors":[],"is_endless":false,"potions_floor_spawned":[3,4,6,12,15,19,20],"killed_by":"Gremlin Leader","ascension_level":0}}