{"host":"350rh84kbmtekt58","time":1611704809,"event":{"mods":["AchievementEnabler","Act Like it!","BaseMod","Better Synergies","Block Reminder","CapriCore","Challenge The Spire","Colored Map","Colored Powertips","Communication Mod","Downfall","Energized Spire","Friendly Minions","GifTheSpireLib","Highlight Path","Minty Spire (QoL Compilation)","Quick Restart","Replay The Spire","Shop Mod","StSLib","The Animator","The Disciple","The Immortal","The Marked","The Runesmith","The Servant 0.9.4","The Wild Card","Transform Curses","yUi"],"gold_per_floor":[111,129,129,150,166,207,207,225,225,0,18,18,38,15,15,135,135,158,171,386,302,320,320,320],"floor_reached":23,"language":"ENG","playtime":2488,"items_purged":[],"score":197,"play_id":"e589fdb0-e203-4a79-89fe-da7a9bcb1aed","local_time":"20210126174649","is_ascension_mode":false,"campfire_choices":[{"floor":7,"key":"REST"}],"circlet_count":0,"master_deck":["Strike_P","Strike_P","Strike_P","Defend_P","Defend_P","Defend_P","Eruption","Vigilance","Consecrate","CrushJoints","FollowUp","ClearTheMind","Pot Of Greed+1","Pot Of Greed","JustLucky","CutThroughFate","Fasting2","Replay:BluntJabs","EmptyBody","Devotion","Hallucinations","downfall:Icky","Prostrate","FlurryOfBlows","EmptyFist","Pot Of Greed","Evaluate+1"],"relics":["PureWater","Golden Idol","Grinning Jar","Incense Burner","Bag of Marbles","Replay:Ancient Bell","Damaru","Shuriken","Counterbalance","Old Coin"],"acts_visited":["Exordium","TheCity"],"potions_floor_usage":[6,11,16,16,16,23],"damage_taken":[{"damage":0,"enemies":"Small Slimes","floor":1,"turns":2},{"damage":2,"enemies":"2 Louse","floor":2,"turns":3},{"damage":7,"enemies":"Jaw Worm","floor":4,"turns":3},{"damage":4,"enemies":"Blue Slaver","floor":5,"turns":4},{"damage":35,"enemies":"3 Sentries","floor":6,"turns":8},{"damage":5,"enemies":"2 Fungi Beasts","floor":8,"turns":3},{"damage":0,"enemies":"Exordium Thugs","floor":11,"turns":3},{"damage":0,"enemies":"Large Slime","floor":13,"turns":5},{"damage":22,"enemies":"The Guardian","floor":16,"turns":7},{"damage":9,"enemies":"Shell Parasite","floor":18,"turns":5},{"damage":4,"enemies":"Chosen","floor":19,"turns":4},{"damage":24,"enemies":"3 Cultists","floor":21,"turns":5},{"damage":3,"enemies":"Snake Plant","floor":22,"turns":2},{"damage":38,"enemies":"Slavers","floor":23,"turns":1}],"seed_played":"2447488086052493224","potions_obtained":[{"floor":1,"key":"ColorlessPotion"},{"floor":2,"key":"hexamod:SoulburnPotion"},{"floor":8,"key":"Weak Potion"},{"floor":11,"key":"SteroidPotion"},{"floor":13,"key":"Energy Potion"},{"floor":18,"key":"DuplicationPotion"}],"is_trial":false,"path_per_floor":["M","M","?","M","M","E","R","M","T","$","M","$","M","?","R_BF","B",null,"M","M","?","M","M","E"],"character_chosen":"WATCHER","items_purchased":["Bag of Marbles","Fasting2"],"campfire_rested":1,"item_purchase_floors":[10,10],"current_hp_per_floor":[65,63,47,40,36,1,20,15,15,15,15,15,15,15,34,12,65,56,52,52,28,25,0,0],"gold":320,"neow_bonus":"REMOVE_TWO","is_daily":false,"chose_seed":false,"campfire_upgraded":0,"win_rate":0.0,"timestamp":1611704809,"path_taken":["M","M","?","M","M","E","R","M","T","$","M","$","M","?","R_BF","BOSS","M","M","?","M","M","E"],"items_purchased_type":["Relic","Card"],"build_version":"2020-12-22","purchased_purges":0,"victory":false,"max_hp_per_floor":[65,65,65,65,65,65,65,65,65,65,65,65,65,65,65,65,65,65,65,65,65,65,65,65],"card_choices":[{"not_picked":["Adaptation","CrushJoints"],"picked":"Consecrate","floor":1},{"not_picked":["Protect","FlyingSleeves"],"picked":"CrushJoints","floor":2},{"not_picked":["Perseverance","Replay:ManipulateFuture"],"picked":"FollowUp","floor":4},{"not_picked":["Protect","Weave"],"picked":"ClearTheMind","floor":5},{"not_picked":["Conclude","Halt"],"picked":"JustLucky","floor":6},{"not_picked":["Protect","EmptyBody"],"picked":"CutThroughFate","floor":8},{"not_picked":["Scrawl","ThirdEye"],"picked":"Replay:BluntJabs","floor":11},{"not_picked":["CarveReality","EmptyMind"],"picked":"EmptyBody","floor":13},{"not_picked":["Omniscience","Alpha"],"picked":"Devotion","floor":16},{"not_picked":["ReplayTheSpireMod:Splinters","animator:Curse_Greed"],"picked":"Hallucinations","floor":17},{"not_picked":["animator:Curse_Nutcracker","Spreading Infection"],"picked":"downfall:Icky","floor":17},{"not_picked":["animator:Curse_Nutcracker","downfall:Malfunctioning"],"picked":"ReplayTheSpireMod:IOU","floor":17},{"not_picked":["FlyingSleeves","Ragnarok"],"picked":"Prostrate","floor":18},{"not_picked":["ClearTheMind","FlyingSleeves"],"picked":"FlurryOfBlows","floor":19},{"not_picked":["EmptyBody+1","ClearTheMind+1"],"picked":"EmptyFist","floor":21},{"not_picked":["Prostrate","EmptyFist"],"picked":"Evaluate+1","floor":22}],"player_experience":186992,"relics_obtained":[{"floor":6,"key":"Grinning Jar"},{"floor":9,"key":"Incense Burner"}],"event_choices":[{"damage_healed":0,"gold_gain":0,"player_choice":"Take Damage","damage_taken":16,"relics_obtained":["Golden Idol"],"max_hp_gain":0,"max_hp_loss":0,"event_name":"Golden Idol","floor":3,"gold_loss":0},{"damage_healed":0,"gold_gain":0,"player_choice":"Left Gold","damage_taken":0,"max_hp_gain":0,"max_hp_loss":0,"event_name":"World of Goop","floor":14,"gold_loss":23},{"damage_healed":0,"gold_gain":0,"player_choice":"Obtained Relic","damage_taken":0,"relics_obtained":["Old Coin"],"max_hp_gain":0,"max_hp_loss":0,"event_name":"Addict","floor":20,"gold_loss":85}],"is_beta":false,"boss_relics":[{"not_picked":["energizedSpire:HugeHouse","Ectoplasm"],"picked":"Replay:Ancient Bell"},{"not_picked":["Blue Doll","Art of War"],"picked":"Damaru"},{"not_picked":["Onion Ring","Replay:Bottled Flurry"],"picked":"Shuriken"},{"not_picked":["Runesmith:Locket","Replay:Multitool"],"picked":"Counterbalance"}],"items_purged_floors":[],"is_endless":false,"potions_floor_spawned":[1,2,8,11,13,18],"killed_by":"Slavers","ascension_level":0}}