{"host":"qdfumeom6htv8yxl","time":1611674964,"event":{"mods":["AchievementEnabler","BaseMod","Bestiary","Block Reminder","Minty Spire (QoL Compilation)","Quick Restart","Relic Stats"],"gold_per_floor":[11,11,24,98,116,116,141,141,164,203,203,203,228,247,247,247,247],"floor_reached":16,"language":"ENG","playtime":5629,"items_purged":[],"score":209,"play_id":"a5921bef-0477-4a3e-a89b-82e1eeab1cf8","local_time":"20210126092924","is_ascension_mode":true,"campfire_choices":[{"data":"Zap","floor":6.0,"key":"SMITH"},{"floor":11,"key":"REST"},{"floor":15,"key":"REST"}],"circlet_count":0,"master_deck":["AscendersBane","Strike_B","Strike_B","Strike_B","Defend_B","Defend_B","Defend_B","Defend_B","Zap+1","Dualcast","Compile Driver","Doom and Gloom","Leap","Genetic Algorithm","Skim","Cold Snap","Cold Snap"],"relics":["Cracked Core","Calipers","Art of War","Golden Idol","Nunchaku","Orichalcum"],"acts_visited":["Exordium"],"potions_floor_usage":[12,16],"damage_taken":[{"damage":12.0,"enemies":"Jaw Worm","floor":1.0,"turns":3.0},{"damage":8.0,"enemies":"2 Louse","floor":3.0,"turns":3.0},{"damage":1.0,"enemies":"Cultist","floor":5.0,"turns":4.0},{"damage":14.0,"enemies":"Gremlin Nob","floor":7.0,"turns":3.0},{"damage":20,"enemies":"3 Sentries","floor":10,"turns":5},{"damage":8,"enemies":"Blue Slaver","floor":13,"turns":4},{"damage":2,"enemies":"Red Slaver","floor":14,"turns":4},{"damage":0,"enemies":"Slime Boss","floor":16,"turns":4}],"seed_played":"-457274542402912478","potions_obtained":[{"floor":1.0,"key":"Strength Potion"},{"floor":5.0,"key":"SpeedPotion"},{"floor":12,"key":"EntropicBrew"},{"floor":12,"key":"EssenceOfSteel"}],"is_trial":false,"path_per_floor":["M","?","M","?","M","R","E","?","T","E","R","?","M","M","R","B"],"character_chosen":"DEFECT","items_purchased":[],"campfire_rested":2,"item_purchase_floors":[],"current_hp_per_floor":[52,52,44,44,43,43,29,29,29,9,28,28,20,18,37,37,37],"gold":247,"neow_bonus":"ONE_RARE_RELIC","is_daily":false,"chose_seed":false,"campfire_upgraded":1,"win_rate":0.0,"timestamp":1611674964,"path_taken":["M","?","M","?","M","R","E","?","T","E","R","?","?","M","R","BOSS"],"items_purchased_type":[],"build_version":"2020-12-22","purchased_purges":0,"victory":false,"max_hp_per_floor":[71,71,71,71,71,71,71,64,64,64,64,64,64,64,64,64,64],"relic_stats":{"Nunchaku":[2],"counters":[8,30],"Golden Idol":17,"Art of War":[1],"Orichalcum":[18],"obtain_stats":[{"Nunchaku":9,"Calipers":0,"Golden Idol":8,"Art of War":7,"Orichalcum":10,"Cracked Core":0},{"Nunchaku":4,"Calipers":0,"Golden Idol":4,"Art of War":4,"Orichalcum":5,"Cracked Core":0},{"Nunchaku":13,"Calipers":0,"Golden Idol":13,"Art of War":13,"Orichalcum":18,"Cracked Core":0}]},"card_choices":[{"not_picked":["Fusion","Aggregate","Blizzard"],"picked":"SKIP","floor":1.0},{"not_picked":["Barrage","Storm"],"picked":"Doom and Gloom","floor":3.0},{"not_picked":["Chaos","Skim"],"picked":"Leap","floor":5.0},{"not_picked":["Chaos","Redo"],"picked":"Genetic Algorithm","floor":7.0},{"not_picked":["Rebound","Steam"],"picked":"Skim","floor":10},{"not_picked":["Steam","Go for the Eyes"],"picked":"Cold Snap","floor":13},{"not_picked":["Turbo","Streamline"],"picked":"Cold Snap","floor":14}],"player_experience":1825555,"relics_obtained":[{"floor":7.0,"key":"Art of War"},{"floor":9.0,"key":"Nunchaku"},{"floor":10,"key":"Orichalcum"}],"event_choices":[{"damage_healed":0.0,"max_hp_gain":0.0,"max_hp_loss":0.0,"gold_gain":0.0,"cards_transformed":["Strike_B"],"event_name":"Living Wall","player_choice":"Change","floor":2.0,"gold_loss":0.0,"damage_taken":0.0,"cards_obtained":["Compile Driver"]},{"damage_healed":0.0,"max_hp_gain":0.0,"max_hp_loss":0.0,"gold_gain":74.0,"event_name":"Golden Wing","player_choice":"Gained Gold","floor":4.0,"gold_loss":0.0,"damage_taken":0.0},{"damage_healed":0.0,"max_hp_gain":0.0,"max_hp_loss":7.0,"gold_gain":0.0,"event_name":"Golden Idol","player_choice":"Lose Max HP","floor":8.0,"gold_loss":0.0,"damage_taken":0.0,"relics_obtained":["Golden Idol"]},{"damage_healed":0,"gold_gain":0,"player_choice":"Got Potions","damage_taken":0,"max_hp_gain":0,"max_hp_loss":0,"event_name":"Lab","floor":12,"gold_loss":0}],"is_beta":false,"boss_relics":[],"items_purged_floors":[],"is_endless":false,"potions_floor_spawned":[1,5,10,13],"killed_by":"Slime Boss","ascension_level":18}}