{"host":"h1qktzcccqnez8tx","time":1611629201,"event":{"mods":["AchievementEnabler","BaseMod","Bestiary","Better Note","Block Reminder","Colored Map","Colored Powertips","Curses Come First","Highlight Path","Minty Spire (QoL Compilation)","Permanent Neow","Quick Restart","Relic Stats","StSLib","UnlockEverythingMod"],"gold_per_floor":[114,39,39,49,66,98,116,144,170,196,196,196,231,247,247,352,352,366,366,381,391,410,436,436,463,463,562,576,676,14,30,30,128,128,140,158,158,158],"floor_reached":37,"language":"ENG","playtime":1791,"items_purged":["Headbutt"],"score":614,"play_id":"c037bdde-e426-4eb0-a2b8-a7cadfe4363c","local_time":"20210126034641","daily_mods":["Draft","Red Cards"],"is_ascension_mode":true,"campfire_choices":[{"floor":11,"key":"REST"},{"data":"Pummel","floor":15,"key":"SMITH"},{"data":"Berserk","floor":24,"key":"SMITH"},{"floor":32,"key":"REST"}],"circlet_count":0,"master_deck":["Vengeance","CutThroughFate","Sword Boomerang","Halt","BowlingBash","Consecrate","EmptyBody","Shrug It Off","DeceiveReality","Sword Boomerang","FollowUp","CutThroughFate","Flex","ForeignInfluence","Twin Strike","InnerPeace","Twin Strike","Wallop+1","FollowUp+1","EmptyFist","Pummel+1","Sword Boomerang","Consecrate+1","Crescendo+1","Berserk+1","EmptyFist","Self Repair","Seek","FollowUp+1"],"relics":["HolyWater","Oddly Smooth Stone","Lantern","Whetstone","Pen Nib","Anchor","Dream Catcher","MealTicket","Ornamental Fan","Bottled Lightning","Gremlin Horn","PrismaticShard","Cursed Key"],"acts_visited":["Exordium","TheCity","TheBeyond"],"potions_floor_usage":[25],"damage_taken":[{"damage":0,"enemies":"Small Slimes","floor":1,"turns":2},{"damage":0,"enemies":"Jaw Worm","floor":4,"turns":2},{"damage":0,"enemies":"2 Louse","floor":5,"turns":2},{"damage":13,"enemies":"3 Sentries","floor":6,"turns":4},{"damage":10,"enemies":"Exordium Thugs","floor":7,"turns":2},{"damage":22,"enemies":"Lagavulin","floor":8,"turns":6},{"damage":0,"enemies":"Gremlin Nob","floor":10,"turns":1},{"damage":7,"enemies":"3 Sentries","floor":13,"turns":4},{"damage":0,"enemies":"Looter","floor":14,"turns":3},{"damage":3,"enemies":"Hexaghost","floor":16,"turns":6},{"damage":2,"enemies":"Chosen","floor":18,"turns":3},{"damage":9,"enemies":"2 Thieves","floor":20,"turns":4},{"damage":0,"enemies":"Cultist and Chosen","floor":21,"turns":3},{"damage":0,"enemies":"Centurion and Healer","floor":22,"turns":4},{"damage":0,"enemies":"Gremlin Leader","floor":23,"turns":4},{"damage":35,"enemies":"Slavers","floor":25,"turns":4},{"damage":0,"enemies":"Snake Plant","floor":28,"turns":2},{"damage":0,"enemies":"Chosen and Byrds","floor":31,"turns":2},{"damage":28,"enemies":"Automaton","floor":33,"turns":8},{"damage":0,"enemies":"3 Shapes","floor":35,"turns":1},{"damage":0,"enemies":"Orb Walker","floor":36,"turns":2},{"damage":75,"enemies":"Writhing Mass","floor":37,"turns":5}],"seed_played":"5070669962622439193","potions_obtained":[{"floor":4,"key":"SpeedPotion"},{"floor":7,"key":"LiquidMemories"},{"floor":10,"key":"StancePotion"},{"floor":13,"key":"DuplicationPotion"},{"floor":25,"key":"ColorlessPotion"},{"floor":28,"key":"Block Potion"}],"is_trial":true,"path_per_floor":["M","$","?","M","M","E","M","E","T","E","R","?","E","M","R","B",null,"M","?","M","M","M","E","R","E","T","?","M","?","$","M","R","B",null,"M","M","M"],"character_chosen":"WATCHER","items_purchased":["Bottled Lightning","Gremlin Horn","PrismaticShard"],"campfire_rested":2,"item_purchase_floors":[30,30,30],"current_hp_per_floor":[72,72,72,72,72,59,49,27,27,27,48,41,34,34,34,31,62,60,60,51,51,51,51,51,16,16,16,16,16,31,31,52,31,62,62,69,0,0],"gold":158,"neow_bonus":"","is_daily":false,"chose_seed":false,"campfire_upgraded":2,"win_rate":0.0,"timestamp":1611629201,"path_taken":["M","$","?","M","M","E","M","E","T","E","R","?","E","M","R","BOSS","M","?","M","M","M","E","R","E","T","?","M","?","$","M","R","BOSS","M","?","?"],"items_purchased_type":["Relic","Relic","Relic"],"build_version":"2020-12-22","purchased_purges":1,"victory":false,"max_hp_per_floor":[72,72,72,72,72,72,72,72,72,72,72,72,72,72,72,72,72,72,72,72,72,72,72,72,72,72,72,72,72,72,72,72,72,72,72,72,72,72],"relic_stats":{"Dream Catcher":1,"Gremlin Horn":[5,5],"counters":[22,74],"Ornamental Fan":[68],"MealTicket":15,"Pen Nib":[16],"Whetstone":["FollowUp","Wallop"],"Cursed Key":0,"obtain_stats":[{"Lantern":8,"Gremlin Horn":30,"Oddly Smooth Stone":6,"Pen Nib":10,"Whetstone":9,"PrismaticShard":30,"Cursed Key":34,"Anchor":13,"Dream Catcher":23,"Ornamental Fan":26,"HolyWater":17,"MealTicket":25,"Bottled Lightning":30,"PureWater":0},{"Lantern":6,"Gremlin Horn":17,"Oddly Smooth Stone":4,"Pen Nib":7,"Whetstone":6,"PrismaticShard":17,"Cursed Key":19,"Anchor":8,"Dream Catcher":15,"Ornamental Fan":16,"HolyWater":10,"MealTicket":16,"Bottled Lightning":17,"PureWater":0},{"Lantern":18,"Gremlin Horn":56,"Oddly Smooth Stone":10,"Pen Nib":19,"Whetstone":18,"PrismaticShard":56,"Cursed Key":66,"Anchor":23,"Dream Catcher":50,"Ornamental Fan":54,"HolyWater":32,"MealTicket":54,"Bottled Lightning":56,"PureWater":0}]},"card_choices":[{"not_picked":["Protect","Prostrate"],"picked":"Vengeance","floor":0},{"not_picked":["Combust","Feel No Pain"],"picked":"CutThroughFate","floor":0},{"not_picked":["Evaluate","CrushJoints"],"picked":"Sword Boomerang","floor":0},{"not_picked":["Fire Breathing","SignatureMove"],"picked":"Halt","floor":0},{"not_picked":["Sentinel","SashWhip"],"picked":"Warcry","floor":0},{"not_picked":["Armaments","CrushJoints"],"picked":"BowlingBash","floor":0},{"not_picked":["ClearTheMind","Heavy Blade"],"picked":"Consecrate","floor":0},{"not_picked":["ForeignInfluence","Evaluate"],"picked":"EmptyBody","floor":0},{"not_picked":["Second Wind","JustLucky"],"picked":"Shrug It Off","floor":0},{"not_picked":["Perfected Strike","PathToVictory"],"picked":"DeceiveReality","floor":0},{"not_picked":["Intimidate","Dropkick"],"picked":"Sword Boomerang","floor":0},{"not_picked":["Prostrate","Protect"],"picked":"FollowUp","floor":0},{"not_picked":["ClearTheMind","Twin Strike"],"picked":"CutThroughFate","floor":0},{"not_picked":["Rupture","Prostrate"],"picked":"Flex","floor":0},{"not_picked":["PathToVictory","Prostrate"],"picked":"Headbutt","floor":0},{"not_picked":["SashWhip","Ghostly Armor"],"picked":"ForeignInfluence","floor":1},{"not_picked":["LikeWater","JustLucky"],"picked":"Twin Strike","floor":4},{"not_picked":["Shrug It Off","JustLucky"],"picked":"InnerPeace","floor":5},{"not_picked":["FlurryOfBlows","Clothesline"],"picked":"Twin Strike","floor":6},{"not_picked":["PathToVictory","Impervious"],"picked":"Wallop","floor":7},{"not_picked":["Sword Boomerang","WaveOfTheHand"],"picked":"FollowUp","floor":8},{"not_picked":["Combust","WreathOfFlame"],"picked":"EmptyFist","floor":10},{"not_picked":["Havoc","MasterReality"],"picked":"Pummel","floor":13},{"not_picked":["Reckless Charge","Perfected Strike"],"picked":"Sword Boomerang","floor":14},{"not_picked":["Protect+1","Weave","Cleave+1"],"picked":"SKIP","floor":18},{"not_picked":["Sanctity","Perfected Strike"],"picked":"Consecrate+1","floor":20},{"not_picked":["Protect","Fire Breathing"],"picked":"Crescendo+1","floor":21},{"not_picked":["Clash+1","Perfected Strike","EmptyBody"],"picked":"SKIP","floor":22},{"not_picked":["FlyingSleeves","ClearTheMind+1"],"picked":"Berserk","floor":23},{"not_picked":["Searing Blow","Protect","Warcry+1"],"picked":"SKIP","floor":25},{"not_picked":["Sword Boomerang","WheelKick"],"picked":"EmptyFist","floor":28},{"not_picked":["Searing Blow+1","Rampage+1","Loop+1"],"picked":"SKIP","floor":31},{"not_picked":["Blade Dance","Consume"],"picked":"Self Repair","floor":32},{"not_picked":["HandOfGreed","Vault"],"picked":"Seek","floor":33},{"not_picked":["Bloodletting+1","Outmaneuver+1","Force Field"],"picked":"SKIP","floor":35},{"not_picked":["Barrage","Crippling Poison+1"],"picked":"FollowUp+1","floor":36}],"player_experience":176370,"relics_obtained":[{"floor":6,"key":"Oddly Smooth Stone"},{"floor":8,"key":"Lantern"},{"floor":9,"key":"Whetstone"},{"floor":10,"key":"Pen Nib"},{"floor":13,"key":"Anchor"},{"floor":23,"key":"Dream Catcher"},{"floor":25,"key":"MealTicket"},{"floor":26,"key":"Ornamental Fan"}],"event_choices":[{"damage_healed":0,"gold_gain":0,"player_choice":"Leave","damage_taken":0,"max_hp_gain":0,"max_hp_loss":0,"event_name":"The Cleric","floor":3,"gold_loss":0},{"cards_removed":["Warcry"],"damage_healed":0,"gold_gain":0,"player_choice":"Card Removal","damage_taken":7,"max_hp_gain":0,"max_hp_loss":0,"event_name":"Golden Wing","floor":12,"gold_loss":0},{"damage_healed":0,"gold_gain":0,"player_choice":"Ignored","damage_taken":0,"max_hp_gain":0,"max_hp_loss":0,"event_name":"betterNote:BetterNote","floor":19,"gold_loss":0,"cards_obtained":["Ball Lightning"]},{"damage_healed":0,"gold_gain":99,"player_choice":"Stole From Cult","damage_taken":0,"max_hp_gain":0,"max_hp_loss":0,"event_name":"Nest","floor":27,"gold_loss":0},{"damage_healed":0,"gold_gain":100,"player_choice":"Pray","damage_taken":0,"max_hp_gain":0,"max_hp_loss":0,"event_name":"Golden Shrine","floor":29,"gold_loss":0}],"is_beta":false,"boss_relics":[{"not_picked":["Coffee Dripper","Black Star"],"picked":"HolyWater"},{"not_picked":["Sozu","Calling Bell"],"picked":"Cursed Key"}],"items_purged_floors":[2],"is_endless":false,"potions_floor_spawned":[4,7,10,13,22,23,25,28],"killed_by":"Writhing Mass","ascension_level":5}}