{"host":"c3lc60y5x60jlt1y","time":1611681685,"event":{"mods":["AchievementEnabler","BaseMod","Bestiary","Colored Map","Minty Spire (QoL Compilation)","Quick Restart","StSLib","ojb\u0027s Info Mod"],"gold_per_floor":[111,111,111,111,128,159,175,200,227,227,244,271,301,324,336,348,348],"floor_reached":16,"language":"ENG","playtime":964,"items_purged":[],"score":294,"play_id":"ba4b1747-b67c-4048-9dbd-a2f114baabff","local_time":"20210126192125","is_ascension_mode":true,"campfire_choices":[{"data":"Flame Barrier","floor":15,"key":"SMITH"}],"circlet_count":0,"master_deck":["AscendersBane","Strike_R+1","Strike_R","Strike_R","Strike_R","Defend_R","Defend_R","Defend_R","Defend_R","Bash","Twin Strike","Wild Strike+1","Cleave","Combust","Thunderclap","Blood for Blood","Flame Barrier","Dark Embrace","Fire Breathing","Flame Barrier+1"],"relics":["Burning Blood","NeowsBlessing","MealTicket","Pen Nib","Whetstone","Smiling Mask","Thread and Needle","MawBank"],"acts_visited":["Exordium"],"potions_floor_usage":[16],"damage_taken":[{"damage":0.0,"enemies":"Small Slimes","floor":1.0,"turns":2.0},{"damage":0.0,"enemies":"2 Louse","floor":5.0,"turns":1.0},{"damage":0.0,"enemies":"Lagavulin","floor":6.0,"turns":2.0},{"damage":2.0,"enemies":"Jaw Worm","floor":7.0,"turns":3.0},{"damage":8.0,"enemies":"Gremlin Nob","floor":8.0,"turns":3.0},{"damage":19.0,"enemies":"Exordium Thugs","floor":11.0,"turns":3.0},{"damage":13,"enemies":"3 Sentries","floor":12,"turns":6},{"damage":2,"enemies":"2 Fungi Beasts","floor":13,"turns":3},{"damage":9,"enemies":"Lots of Slimes","floor":14,"turns":3},{"damage":57,"enemies":"Hexaghost","floor":16,"turns":9}],"seed_played":"-1375975578419288720","potions_obtained":[{"floor":5.0,"key":"SpeedPotion"},{"floor":6.0,"key":"BlessingOfTheForge"},{"floor":8.0,"key":"Energy Potion"}],"is_trial":false,"path_per_floor":["M","?","?","?","M","E","M","E","T","?","M","E","M","M","R","B"],"character_chosen":"IRONCLAD","items_purchased":[],"campfire_rested":0,"item_purchase_floors":[],"current_hp_per_floor":[74,63,63,63,69,75,75,73,73,73,60,53,57,54,54,0,0],"gold":348,"neow_bonus":"THREE_ENEMY_KILL","is_daily":false,"chose_seed":false,"campfire_upgraded":1,"win_rate":0.0,"timestamp":1611681685,"path_taken":["M","?","?","?","M","E","M","E","T","?","?","E","M","M","R","BOSS"],"items_purchased_type":[],"build_version":"2020-12-22","purchased_purges":0,"victory":false,"max_hp_per_floor":[75,75,75,75,75,75,75,75,75,75,75,75,75,75,75,75,75],"card_choices":[{"not_picked":["Flex","Perfected Strike"],"picked":"Twin Strike","floor":1.0},{"not_picked":["Second Wind","Twin Strike"],"picked":"Cleave","floor":5.0},{"not_picked":["Flex","Warcry"],"picked":"Combust","floor":6.0},{"not_picked":["Heavy Blade","Wild Strike"],"picked":"Thunderclap","floor":7.0},{"not_picked":["Body Slam","Dual Wield"],"picked":"Blood for Blood","floor":8.0},{"not_picked":["Perfected Strike","Clash"],"picked":"Flame Barrier","floor":11.0},{"not_picked":["Sword Boomerang","Combust"],"picked":"Dark Embrace","floor":12},{"not_picked":["Intimidate","Clothesline"],"picked":"Fire Breathing","floor":13},{"not_picked":["Limit Break","Wild Strike"],"picked":"Flame Barrier","floor":14}],"player_experience":8596616,"relics_obtained":[{"floor":6.0,"key":"Pen Nib"},{"floor":8.0,"key":"Whetstone"},{"floor":9.0,"key":"Smiling Mask"},{"floor":12,"key":"MawBank"}],"event_choices":[{"damage_healed":0.0,"max_hp_gain":0.0,"max_hp_loss":0.0,"gold_gain":0.0,"event_name":"Scrap Ooze","player_choice":"Success","floor":2.0,"gold_loss":0.0,"damage_taken":11.0,"relics_obtained":["MealTicket"]},{"damage_healed":0.0,"max_hp_gain":0.0,"max_hp_loss":0.0,"gold_gain":0.0,"cards_transformed":["Strike_R"],"event_name":"Living Wall","player_choice":"Change","floor":3.0,"gold_loss":0.0,"damage_taken":0.0,"cards_obtained":["Wild Strike"]},{"damage_healed":0.0,"max_hp_gain":0.0,"max_hp_loss":0.0,"gold_gain":0.0,"event_name":"Liars Game","player_choice":"Ignored","floor":4.0,"gold_loss":0.0,"damage_taken":0.0},{"damage_healed":0.0,"max_hp_gain":0.0,"max_hp_loss":0.0,"gold_gain":0.0,"event_name":"Dead Adventurer","player_choice":"Searched \u00271\u0027 times","floor":10.0,"gold_loss":0.0,"damage_taken":0.0,"relics_obtained":["Thread and Needle"]}],"is_beta":false,"boss_relics":[],"items_purged_floors":[],"is_endless":false,"potions_floor_spawned":[5,6,8,14],"killed_by":"Hexaghost","ascension_level":20}}