{"host":"jlw4slqoq862puwo","time":1611699000,"event":{"mods":["BaseMod","DeckTracker","Dota2Spire","Highlight Path","Minty Spire (QoL Compilation)","Quick Restart","StSLib","SuperFastMode"],"gold_per_floor":[112,130,130,149,162,162,237,251,251,251,277,293,305,340,353,353,353,452,502,521,521,521,549,474,506,506,41,120,146,146,146,156,156,31,31,130,130,143,143,154,173,173,207,207,237,261,283,211,223,265,294,306,318,330,342,354,58,88,88],"floor_reached":60,"language":"ENG","playtime":1433,"items_purged":["Strike_G","Strike_G","Strike_G+1"],"score":1656,"play_id":"2b96a11c-cc39-416f-8ee3-f166aaa05f4b","local_time":"20210126231000","is_ascension_mode":true,"campfire_choices":[{"data":"Crippling Poison","floor":6,"key":"SMITH"},{"data":"Bouncing Flask","floor":16,"key":"SMITH"},{"data":"Malaise","floor":17,"key":"SMITH"},{"data":"Well Laid Plans","floor":26,"key":"SMITH"},{"data":"After Image","floor":33,"key":"SMITH"},{"data":"Footwork","floor":35,"key":"SMITH"},{"floor":44,"key":"RECALL"},{"data":"Envenom","floor":49,"key":"SMITH"},{"data":"Neutralize","floor":52,"key":"SMITH"},{"floor":53,"key":"REST"},{"data":"Blur","floor":56,"key":"SMITH"}],"circlet_count":0,"master_deck":["Defend_G","Defend_G","Defend_G","Survivor","Neutralize+1","Bouncing Flask+1","Crippling Poison+1","Malaise+1","Blade Dance","Dash","Backflip+1","Blur+1","After Image+1","Well Laid Plans+1","Outmaneuver+1","Footwork+1","Backflip+1","Deep Breath+1","Burst+1","Doppelganger+1","PiercingWail+1","Envenom+1","Terror+1","Caltrops+1","Catalyst+1","Apotheosis+1","Deep Breath+1","Night Terror+1","Dodge and Roll+1"],"relics":["Sozu","Dota2Spire:Butterfly","Dota2Spire:OrchidMalevolence","Dota2Spire:Mjollnir","Dota2Spire:AssaultCuirass","Tiny House","Enchiridion","Red Mask","Toxic Egg 2","Sling","Dota2Spire:AghanimScepter","Empty Cage","Dota2Spire:EtherealBlade","Dream Catcher","MawBank","Anchor","Gremlin Horn","TwistedFunnel","Dota2Spire:Vanguard","Boot"],"acts_visited":["Exordium","TheCity","TheBeyond","TheEnding"],"potions_floor_usage":[],"damage_taken":[{"damage":0,"enemies":"2 Louse","floor":1,"turns":4},{"damage":6,"enemies":"Jaw Worm","floor":2,"turns":4},{"damage":0,"enemies":"Small Slimes","floor":4,"turns":2},{"damage":0,"enemies":"2 Fungi Beasts","floor":5,"turns":3},{"damage":1,"enemies":"3 Louse","floor":8,"turns":2},{"damage":5,"enemies":"Lagavulin","floor":11,"turns":5},{"damage":0,"enemies":"Large Slime","floor":12,"turns":3},{"damage":0,"enemies":"Looter","floor":13,"turns":3},{"damage":0,"enemies":"3 Sentries","floor":14,"turns":6},{"damage":0,"enemies":"2 Fungi Beasts","floor":15,"turns":2},{"damage":0,"enemies":"Hexaghost","floor":18,"turns":10},{"damage":5,"enemies":"Spheric Guardian","floor":20,"turns":5},{"damage":3,"enemies":"Masked Bandits","floor":23,"turns":4},{"damage":0,"enemies":"Gremlin Leader","floor":25,"turns":7},{"damage":0,"enemies":"Chosen","floor":32,"turns":4},{"damage":1,"enemies":"Collector","floor":36,"turns":6},{"damage":0,"enemies":"3 Darklings","floor":38,"turns":4},{"damage":8,"enemies":"3 Shapes","floor":40,"turns":6},{"damage":0,"enemies":"Transient","floor":41,"turns":5},{"damage":0,"enemies":"Nemesis","floor":43,"turns":5},{"damage":0,"enemies":"Reptomancer","floor":45,"turns":5},{"damage":0,"enemies":"Writhing Mass","floor":47,"turns":4},{"damage":0,"enemies":"Giant Head","floor":50,"turns":6},{"damage":0,"enemies":"Spire Growth","floor":51,"turns":4},{"damage":0,"enemies":"Time Eater","floor":54,"turns":5},{"damage":13,"enemies":"Shield and Spear","floor":58,"turns":6},{"damage":16,"enemies":"The Heart","floor":59,"turns":8}],"seed_played":"-1062095983004267989","potions_obtained":[],"is_trial":false,"path_per_floor":["M","M","?","M","M","R","?","M","T","T","E","M","M","E","M","R","R","B",null,"M","?","?","?","$","E","R","$","T","T","?","?","M","R","$","R","B",null,"M","?","M","M","?","E","R","E","T","M","?","R","E","M","R","R","B",null,"R","$","E","B",null],"character_chosen":"THE_SILENT","items_purchased":["Footwork","Sling","Backflip+1","Deep Breath+1","TwistedFunnel","Dota2Spire:Vanguard"],"campfire_rested":1,"item_purchase_floors":[27,27,27,27,57,57],"current_hp_per_floor":[70,64,50,50,50,50,39,38,38,38,33,33,33,33,33,33,33,33,75,70,54,54,51,51,51,51,51,51,51,51,51,51,51,51,51,50,75,75,75,67,67,57,57,57,57,57,57,57,57,57,57,57,75,75,75,75,75,62,46],"gold":88,"neow_bonus":"BOSS_RELIC","is_daily":false,"chose_seed":false,"campfire_upgraded":9,"win_rate":0.0,"timestamp":1611699000,"path_taken":["M","M","?","M","M","R","?","M","T","T","E","M","M","E","M","R","R","BOSS","M","?","?","?","$","E","R","$","T","T","?","?","M","R","?","R","BOSS","M","?","M","M","?","E","R","E","T","M","?","R","E","M","R","R","BOSS","R","$","E","BOSS"],"items_purchased_type":["Card","Relic","Card","Card","Relic","Relic"],"build_version":"2020-12-22","purchased_purges":3,"victory":true,"max_hp_per_floor":[70,70,70,70,70,70,70,70,70,70,70,70,70,70,70,70,70,70,75,75,75,75,75,75,75,75,75,75,75,75,75,75,75,75,75,75,75,75,75,75,75,75,75,75,75,75,75,75,75,75,75,75,75,75,75,75,75,75,75],"card_choices":[{"not_picked":["Dodge and Roll","Terror"],"picked":"Bouncing Flask","floor":1},{"not_picked":["Underhanded Strike","Blade Dance"],"picked":"Crippling Poison","floor":2},{"not_picked":["Poisoned Stab","Flechettes","Sucker Punch"],"picked":"SKIP","floor":4},{"not_picked":["PiercingWail","Flying Knee"],"picked":"Malaise","floor":5},{"not_picked":["Calculated Gamble","PiercingWail"],"picked":"Blade Dance","floor":8},{"not_picked":["Blade Dance","Tactician"],"picked":"Dash","floor":11},{"not_picked":["Outmaneuver","Deadly Poison"],"picked":"Backflip","floor":12},{"not_picked":["Blade Dance","Poisoned Stab","Slice"],"picked":"SKIP","floor":13},{"not_picked":["Tools of the Trade","Poisoned Stab"],"picked":"Blur","floor":14},{"not_picked":["Backflip","Dagger Spray","Blade Dance"],"picked":"SKIP","floor":15},{"not_picked":["Die Die Die","Malaise"],"picked":"After Image","floor":18},{"not_picked":["Sucker Punch","Quick Slash"],"picked":"Well Laid Plans","floor":19},{"not_picked":["Blade Dance","Slice","Riddle With Holes"],"picked":"SKIP","floor":20},{"not_picked":["Distraction+1","Finisher+1"],"picked":"Outmaneuver+1","floor":25},{"not_picked":["Underhanded Strike","Deflect+1"],"picked":"PiercingWail+1","floor":32},{"not_picked":["Phantasmal Killer+1","Doppelganger+1"],"picked":"Envenom","floor":36},{"not_picked":["Underhanded Strike","Leg Sweep+1"],"picked":"Terror+1","floor":38},{"not_picked":["Dash","Endless Agony"],"picked":"Caltrops+1","floor":40},{"not_picked":["Poisoned Stab+1","PiercingWail+1"],"picked":"Catalyst+1","floor":41},{"not_picked":["Master of Strategy+1","Bandage Up+1"],"picked":"Apotheosis+1","floor":42},{"not_picked":["Metamorphosis+1","Dramatic Entrance"],"picked":"Deep Breath+1","floor":42},{"not_picked":["Underhanded Strike","Poisoned Stab","Infinite Blades+1"],"picked":"SKIP","floor":43},{"not_picked":["Finisher","Reflex+1","Dagger Spray+1"],"picked":"SKIP","floor":45},{"not_picked":["Flying Knee+1","Deflect+1","Backflip+1"],"picked":"SKIP","floor":47},{"not_picked":["Terror+1","PiercingWail+1","Prepared+1"],"picked":"SKIP","floor":50},{"not_picked":["Dagger Throw+1","Crippling Poison+1"],"picked":"Night Terror+1","floor":51},{"not_picked":["Dagger Spray+1","Sucker Punch+1"],"picked":"Dodge and Roll+1","floor":53},{"not_picked":["Night Terror+1","Deadly Poison+1","Flying Knee"],"picked":"SKIP","floor":58}],"player_experience":6167,"relics_obtained":[{"floor":9,"key":"Dota2Spire:Butterfly"},{"floor":10,"key":"Dota2Spire:OrchidMalevolence"},{"floor":11,"key":"Dota2Spire:Mjollnir"},{"floor":14,"key":"Dota2Spire:AssaultCuirass"},{"floor":21,"key":"Enchiridion"},{"floor":23,"key":"Red Mask"},{"floor":25,"key":"Toxic Egg 2"},{"floor":28,"key":"Dota2Spire:AghanimScepter"},{"floor":43,"key":"Dota2Spire:EtherealBlade"},{"floor":45,"key":"Dream Catcher"},{"floor":46,"key":"MawBank"},{"floor":50,"key":"Gremlin Horn"},{"floor":58,"key":"Boot"}],"event_choices":[{"damage_healed":0,"gold_gain":0,"player_choice":"Entered Light","damage_taken":14,"max_hp_gain":0,"max_hp_loss":0,"event_name":"Shining Light","floor":3,"gold_loss":0,"cards_upgraded":["Strike_G","Strike_G"]},{"damage_healed":0,"gold_gain":75,"player_choice":"Gather Gold","damage_taken":11,"max_hp_gain":0,"max_hp_loss":0,"event_name":"World of Goop","floor":7,"gold_loss":0},{"damage_healed":0,"gold_gain":0,"player_choice":"Obtained Book","damage_taken":16,"max_hp_gain":0,"max_hp_loss":0,"event_name":"Cursed Tome","floor":21,"gold_loss":0},{"damage_healed":0,"gold_gain":0,"player_choice":"Ignored","damage_taken":0,"max_hp_gain":0,"max_hp_loss":0,"event_name":"Vampires","floor":22,"gold_loss":0},{"damage_healed":0,"gold_gain":0,"player_choice":"Fought Bandits","damage_taken":0,"max_hp_gain":0,"max_hp_loss":0,"event_name":"Masked Bandits","floor":23,"gold_loss":0},{"damage_healed":0,"gold_gain":0,"player_choice":"Read","damage_taken":0,"max_hp_gain":0,"max_hp_loss":0,"event_name":"The Library","floor":30,"gold_loss":0,"cards_obtained":["Burst"]},{"damage_healed":0,"gold_gain":0,"cards_transformed":["Strike_G","Strike_G"],"player_choice":"Became Test Subject","damage_taken":0,"max_hp_gain":0,"max_hp_loss":0,"event_name":"Drug Dealer","floor":31,"gold_loss":0,"cards_obtained":["Doppelganger","Heel Hook"]},{"cards_removed":["Defend_G"],"damage_healed":0,"gold_gain":0,"player_choice":"Removed Skill","damage_taken":0,"max_hp_gain":0,"max_hp_loss":0,"event_name":"Falling","floor":39,"gold_loss":0},{"damage_healed":0,"gold_gain":0,"player_choice":"Memory 3","damage_taken":10,"max_hp_gain":0,"max_hp_loss":0,"event_name":"SensoryStone","floor":42,"gold_loss":0},{"damage_healed":0,"gold_gain":0,"player_choice":"Paid Gold","damage_taken":0,"relics_obtained":["Anchor"],"max_hp_gain":0,"max_hp_loss":0,"event_name":"WeMeetAgain","floor":48,"gold_loss":84}],"is_beta":false,"boss_relics":[{"not_picked":["Busted Crown","SacredBark"],"picked":"Tiny House"},{"not_picked":["Dota2Spire:RefresherOrb","Snecko Eye"],"picked":"Empty Cage"}],"items_purged_floors":[24,27,34],"is_endless":false,"potions_floor_spawned":[2,11,14,18,20,32,40,43,45,50],"ascension_level":2}}