{"host":"6he3f0ic6yesrium","time":1611682451,"event":{"mods":["BaseMod","Better Altar","Better Match","Better Note","Better Sensory Stone","Better Skull","Better Third Choice","Colored Map","Conspire","Duelist Mod","Hermit","Hubris","Marisa????????","Mimic Mod","Minty Spire (QoL Compilation)","Replay The Spire","Shade Mod","Somnambulant","Spire Arcade","Spire Birthday Party","StSLib","The Alterego","The Disciple","The Forsaken","The Hierophant","The Mystic","The Necromancer","The Runesmith","The Servant 0.9.4","The Valiant","TheVacant"],"gold_per_floor":[114,189,209,59,59,59,79,89,123,123,137,151,51,64,64,64,64],"floor_reached":16,"language":"ENG","playtime":735,"items_purged":["Strike_B","Burn"],"score":94,"play_id":"0ef2b7c7-e68a-47f5-808f-1015cf31003f","local_time":"20210126123411","is_ascension_mode":false,"campfire_choices":[{"data":"Dualcast","floor":6,"key":"SMITH"},{"data":"Zap","floor":10,"key":"SMITH"},{"floor":15,"key":"REST"}],"circlet_count":0,"master_deck":["Strike_B","Strike_B","Strike_B","Defend_B","Defend_B","Defend_B","Defend_B","Zap+1","Dualcast+1","Coolheaded","Tempest","Panic Button","Panic Button","Coolheaded","Capacitor"],"relics":["Cracked Core","Bag of Marbles"],"acts_visited":["Exordium"],"potions_floor_usage":[8,8,12,14],"damage_taken":[{"damage":3,"enemies":"2 Louse","floor":1,"turns":2},{"damage":8,"enemies":"Jaw Worm","floor":3,"turns":3},{"damage":0,"enemies":"conspire:RoseBush","floor":7,"turns":3},{"damage":10,"enemies":"Exordium Thugs","floor":8,"turns":4},{"damage":6,"enemies":"Large Slime","floor":9,"turns":12},{"damage":25,"enemies":"Large Slime","floor":11,"turns":9},{"damage":0,"enemies":"Blue Slaver","floor":12,"turns":2},{"damage":0,"enemies":"Lots of Slimes","floor":14,"turns":5},{"damage":51,"enemies":"Hexaghost","floor":16,"turns":15}],"seed_played":"4099004448973494554","potions_obtained":[{"floor":3,"key":"Explosive Potion"},{"floor":7,"key":"SteroidPotion"},{"floor":11,"key":"ColorlessPotion"},{"floor":12,"key":"Block Potion"}],"is_trial":false,"path_per_floor":["M","?","M","$","?","R","M","M","MIM","R","M","M","$","M","R","B"],"character_chosen":"DEFECT","items_purchased":["Tempest"],"campfire_rested":1,"item_purchase_floors":[4],"current_hp_per_floor":[79,71,63,63,63,63,63,53,47,47,22,22,22,22,46,0,0],"gold":64,"neow_bonus":"TEN_PERCENT_HP_BONUS","is_daily":false,"chose_seed":false,"campfire_upgraded":2,"win_rate":0.0,"timestamp":1611682451,"path_taken":["M","?","M","?","?","R","M","M","MIM","R","M","M","$","M","R","BOSS"],"items_purchased_type":["Card"],"build_version":"2020-12-22","purchased_purges":2,"victory":false,"max_hp_per_floor":[82,82,82,82,82,82,82,82,82,82,82,82,82,82,82,82,82],"card_choices":[{"not_picked":["Go for the Eyes","Ball Lightning","Force Field"],"picked":"SKIP","floor":1},{"not_picked":["Redo","Melter"],"picked":"Coolheaded","floor":3},{"not_picked":["conspire:SharedLibrary","Ball Lightning"],"picked":"Panic Button","floor":7},{"not_picked":["Gash","Cold Snap"],"picked":"Panic Button","floor":8},{"not_picked":["Leap","Ball Lightning"],"picked":"Coolheaded","floor":11},{"not_picked":["Sweeping Beam","Cold Snap"],"picked":"Capacitor","floor":12},{"not_picked":["ReplaySolidLightProjector","Sweeping Beam","Beam Cell"],"picked":"SKIP","floor":14}],"player_experience":373310,"relics_obtained":[{"floor":9,"key":"Bag of Marbles"}],"event_choices":[{"damage_healed":0,"gold_gain":75,"player_choice":"Touch","damage_taken":8,"max_hp_gain":0,"max_hp_loss":0,"event_name":"FaceTrader","floor":2,"gold_loss":0},{"damage_healed":63,"gold_gain":0,"player_choice":"Embrace Burn","damage_taken":0,"max_hp_gain":0,"max_hp_loss":82,"event_name":"betterThird:BetterShining","floor":5,"gold_loss":0}],"is_beta":false,"boss_relics":[],"items_purged_floors":[4,13],"is_endless":false,"potions_floor_spawned":[3,7,11,12],"killed_by":"Hexaghost","ascension_level":0}}