{"host":"l84l8xigz5v5foa2","time":1611651478,"event":{"mods":["2.2 Compatiblity","AchievementEnabler","BaseMod","Better Note","Better Vampires","Card Filter","Colored Map","DeckTracker","Downfall","Gremlin Skip","Highlight Path","Keyboard Shortcuts","Minty Spire (QoL Compilation)","Permanent Neow","Quick Restart","Relic Filter","Relic Stats","StSLib","SuperFastMode","Transform Curses","Unknown Chances"],"gold_per_floor":[0,14,114,132,42,42,65,65,79,79,94,79,79,106,117,194,194,194,211,223,241,252,87,114,141,160,171,183,213,213,313,324,401,401,401,418,437,1436,1150,1183,1183,692,692,374,400,300,300,326,126,126,126,154,10,10,10,10,10,10],"floor_reached":56,"language":"ENG","playtime":3680,"items_purged":["hexamod:Strike","Normality","Normality","hexamod:Strike+1"],"score":1714,"play_id":"b2ef3e08-3218-4113-85b1-1b248dd05309","local_time":"20210126175758","is_ascension_mode":true,"campfire_choices":[{"data":"hexamod:Float","floor":1.0,"key":"SMITH"},{"data":"hexamod:RetreatToShadows","floor":10.0,"key":"SMITH"},{"data":"hexamod:SuperheatedStrike","floor":13.0,"key":"SMITH"},{"data":"hexamod:NecessarySacrifice","floor":18.0,"key":"SMITH"},{"data":"hexamod:ForkedFlame","floor":30.0,"key":"SMITH"},{"data":"hexamod:SearingWound","floor":35,"key":"SMITH"},{"floor":46,"key":"RECALL"},{"data":"hexamod:HeatShield","floor":49,"key":"SMITH"},{"data":"hexamod:RainOfEmbers","floor":54,"key":"SMITH"}],"circlet_count":0,"master_deck":["AscendersBane","hexamod:Strike+1","hexamod:Strike+1","hexamod:Defend+1","hexamod:Defend+1","hexamod:Defend+1","hexamod:Defend+1","hexamod:Sear+1","hexamod:Float+1","hexamod:DynamicBlow+1","hexamod:RetreatToShadows+1","hexamod:DynamicBlow","hexamod:FastForward+1","hexamod:SuperheatedStrike+1","hexamod:Hexaguard+1","hexamod:NecessarySacrifice+1","hexamod:NightmareGuise+1","hexamod:Rewind+1","hexamod:FirstSeal","hexamod:Incineration+1","hexamod:RecurringNightmare","hexamod:Rewind+1","hexamod:FourthSeal","hexamod:GhostShield+1","hexamod:HauntingEcho","hexamod:InspiringFlames+1","hexamod:ThermalTransfer","hexamod:HeatMetal+1","hexamod:ForkedFlame+1","hexamod:ShieldOfDarkness","hexamod:SearingWound+1","hexamod:RadiantFlame+1","hexamod:HeatShield+1","hexamod:GhostOfSpireFuture+1","expansioncontent:Chronoboost","expansioncontent:AwakenDeath","expansioncontent:Chronoboost","hexamod:RadiantFlame+1","hexamod:HauntingEcho+1","hexamod:RainOfEmbers+1"],"relics":["hexamod:SpiritBrand","Toy Ornithopter","Art of War","sneckomod:SneckoTalon","Chemical X","Bag of Preparation","hexamod:TheBrokenSeal","hexamod:MatchstickCase","WingedGreaves","White Beast Statue","hexamod:IceCube","War Paint","Happy Flower","Gremlin Horn","Sundial","Lee\u0027s Waffle","HandDrill","Potion Belt","downfall:HeartBlessingBlue","Pen Nib","downfall:HeartBlessingRed","downfall:HeartBlessingGreen","bronze:BronzeIdol"],"acts_visited":["Exordium","TheCity","TheBeyond","TheEnding"],"potions_floor_usage":[33,33,37,37,39,40,40,45,45,50,56,56,56],"damage_taken":[{"damage":1.0,"enemies":"Cultist","floor":2.0,"turns":4.0},{"damage":9.0,"enemies":"2 Louse","floor":4.0,"turns":4.0},{"damage":0.0,"enemies":"downfall:FleeingMerchant","floor":5.0,"turns":4.0},{"damage":1.0,"enemies":"Small Slimes","floor":9.0,"turns":3.0},{"damage":7.0,"enemies":"2 Fungi Beasts","floor":11.0,"turns":3.0},{"damage":0.0,"enemies":"downfall:FleeingMerchant","floor":12.0,"turns":4.0},{"damage":0.0,"enemies":"Gremlin Nob","floor":14.0,"turns":3.0},{"damage":10.0,"enemies":"3 Louse","floor":15.0,"turns":3.0},{"damage":41.0,"enemies":"SI_SHIV_ARCHETYPE","floor":16.0,"turns":11.0},{"damage":9.0,"enemies":"Spheric Guardian","floor":19.0,"turns":7.0},{"damage":18.0,"enemies":"Shell Parasite","floor":20.0,"turns":7.0},{"damage":35.0,"enemies":"3 Cultists","floor":21.0,"turns":6.0},{"damage":35.0,"enemies":"Snecko","floor":22.0,"turns":8.0},{"damage":3.0,"enemies":"downfall:FleeingMerchant","floor":23.0,"turns":4.0},{"damage":18.0,"enemies":"Centurion and Healer","floor":25.0,"turns":8.0},{"damage":0.0,"enemies":"Shelled Parasite and Fungi","floor":26.0,"turns":3.0},{"damage":0.0,"enemies":"Chosen and Byrds","floor":27.0,"turns":3.0},{"damage":6.0,"enemies":"Snecko","floor":28.0,"turns":3.0},{"damage":32.0,"enemies":"Gremlin Leader","floor":29.0,"turns":8.0},{"damage":3.0,"enemies":"DF_ARCHETYPE_STREAMLINE","floor":31.0,"turns":6.0},{"damage":7.0,"enemies":"Shelled Parasite and Fungi","floor":32.0,"turns":2.0},{"damage":14,"enemies":"WA_ARCHETYPE_CALM","floor":33,"turns":9},{"damage":0,"enemies":"Orb Walker","floor":36,"turns":2},{"damage":24,"enemies":"3 Darklings","floor":37,"turns":4},{"damage":10,"enemies":"downfall:FleeingMerchant","floor":39,"turns":4},{"damage":46,"enemies":"Reptomancer","floor":40,"turns":7},{"damage":0,"enemies":"downfall:FleeingMerchant","floor":42,"turns":1},{"damage":3,"enemies":"Giant Head","floor":45,"turns":6},{"damage":44,"enemies":"Nemesis","floor":48,"turns":11},{"damage":48,"enemies":"DF_ARCHETYPE_ORBS","floor":50,"turns":18},{"damage":113,"enemies":"downfall:CharBossMerchant","floor":52,"turns":9},{"damage":35,"enemies":"downfall:NeowBoss","floor":55,"turns":13},{"damage":65,"enemies":"downfall:NeowBossFinal","floor":56,"turns":5}],"seed_played":"1823722637353476714","potions_obtained":[{"floor":8.0,"key":"SmokeBomb"},{"floor":8.0,"key":"Weak Potion"},{"floor":9.0,"key":"champ:CounterPotion"},{"floor":14.0,"key":"GamblersBrew"},{"floor":15.0,"key":"SkillPotion"},{"floor":16.0,"key":"SneckoOil"},{"floor":19.0,"key":"LiquidMemories"},{"floor":20.0,"key":"champ:CounterPotion"},{"floor":21.0,"key":"Regen Potion"},{"floor":22.0,"key":"Guardian:BlockOnCardUsePotion"},{"floor":25.0,"key":"GamblersBrew"},{"floor":25.0,"key":"Weak Potion"},{"floor":26.0,"key":"CultistPotion"},{"floor":28.0,"key":"Dexterity Potion"},{"floor":29.0,"key":"ColorlessPotion"},{"floor":31.0,"key":"SkillPotion"},{"floor":32.0,"key":"SpeedPotion"},{"floor":33,"key":"hexamod:SoulburnPotion"},{"floor":33,"key":"GamblersBrew"},{"floor":37,"key":"Energy Potion"},{"floor":37,"key":"DistilledChaos"},{"floor":39,"key":"Ancient Potion"},{"floor":40,"key":"hexamod:InfernoChargePotion"},{"floor":40,"key":"PowerPotion"},{"floor":45,"key":"FairyPotion"},{"floor":45,"key":"Strength Potion"},{"floor":48,"key":"bronze:BurnAndBuffPotion"},{"floor":48,"key":"EssenceOfSteel"},{"floor":52,"key":"Block Potion"},{"floor":52,"key":"LiquidBronze"}],"is_trial":false,"path_per_floor":["R","M","?","M","$","?","T","?","M","R","M","$","R","E","M","B",null,"R","M","M","M","M","$","T","M","M","M","M","E","R","?","M","B",null,"R","M","M","?","$","E","T","$","?","$","E","R","?","E","R","B",null,"E","$","R","B","B"],"character_chosen":"THE_SPIRIT","items_purchased":["Chemical X","War Paint","Gremlin Horn","Sundial","Lee\u0027s Waffle","HandDrill","hexamod:RainOfEmbers","hexamod:EctoCoolerPotion"],"campfire_rested":0,"item_purchase_floors":[23,39,42,42,42,44,53,53],"current_hp_per_floor":[57,56,56,47,47,47,47,47,51,51,44,44,44,49,39,3,48,48,44,38,20,12,28,28,73,73,73,67,47,47,56,54,57,69,69,69,61,61,63,34,34,80,80,80,80,90,80,43,43,34,76,27,27,27,22,0,0,0],"gold":10,"neow_bonus":"THREE_RARE_CARDS","is_daily":false,"chose_seed":false,"campfire_upgraded":8,"win_rate":0.0,"timestamp":1611651478,"path_taken":["R","M","?","M","$","?","T","?","?","R","M","$","R","E","M","BOSS","R","M","M","M","?","$","T","M","M","M","M","E","R","?","M","BOSS","R","M","M","?","$","E","T","$","?","$","E","R","?","E","R","BOSS","E","$","R","BOSS","BOSS"],"items_purchased_type":["Relic","Relic","Relic","Relic","Relic","Relic","Card","Potion"],"build_version":"2020-12-22","purchased_purges":4,"victory":false,"max_hp_per_floor":[63,63,63,63,63,63,63,63,63,63,63,63,63,63,63,63,63,63,63,63,63,63,63,63,73,73,73,73,73,73,73,73,73,73,73,73,73,73,73,73,73,80,80,80,80,90,90,90,90,90,90,90,90,90,90,90,90,90],"relic_stats":{"Lee\u0027s Waffle":46,"Happy Flower":[21],"Gremlin Horn":[2,2],"counters":[33,193],"Pen Nib":[7],"Bag of Preparation":[38],"War Paint":["hexamod:GhostShield","hexamod:InspiringFlames"],"Sundial":[4],"Art of War":[30],"HandDrill":[56],"Chemical X":[5],"obtain_stats":[{"Potion Belt":45,"Lee\u0027s Waffle":42,"Happy Flower":40,"Gremlin Horn":42,"downfall:HeartBlessingRed":49,"hexamod:TheBrokenSeal":25,"downfall:HeartBlessingGreen":49,"Pen Nib":48,"Bag of Preparation":24,"War Paint":39,"sneckomod:SneckoTalon":17,"White Beast Statue":31,"hexamod:MatchstickCase":29,"bronze:BronzeIdol":52,"Sundial":42,"downfall:HeartBlessingBlue":46,"WingedGreaves":31,"Art of War":14,"HandDrill":44,"Chemical X":23,"hexamod:SpiritBrand":0,"Toy Ornithopter":7,"hexamod:IceCube":34},{"Potion Belt":28,"Lee\u0027s Waffle":27,"Happy Flower":26,"Gremlin Horn":27,"downfall:HeartBlessingRed":29,"hexamod:TheBrokenSeal":15,"downfall:HeartBlessingGreen":29,"Pen Nib":29,"Bag of Preparation":14,"War Paint":25,"sneckomod:SneckoTalon":9,"White Beast Statue":20,"hexamod:MatchstickCase":19,"bronze:BronzeIdol":31,"Sundial":27,"downfall:HeartBlessingBlue":28,"WingedGreaves":20,"Art of War":7,"HandDrill":27,"Chemical X":14,"hexamod:SpiritBrand":0,"Toy Ornithopter":3,"hexamod:IceCube":22},{"Potion Belt":137,"Lee\u0027s Waffle":131,"Happy Flower":130,"Gremlin Horn":131,"downfall:HeartBlessingRed":148,"hexamod:TheBrokenSeal":76,"downfall:HeartBlessingGreen":148,"Pen Nib":148,"Bag of Preparation":71,"War Paint":123,"sneckomod:SneckoTalon":39,"White Beast Statue":102,"hexamod:MatchstickCase":96,"bronze:BronzeIdol":175,"Sundial":131,"downfall:HeartBlessingBlue":137,"WingedGreaves":102,"Art of War":25,"HandDrill":131,"Chemical X":71,"hexamod:SpiritBrand":0,"Toy Ornithopter":12,"hexamod:IceCube":113}],"Toy Ornithopter":117},"card_choices":[{"not_picked":["hexamod:SearingWound","hexamod:ParanormalForm"],"picked":"hexamod:SixthSeal","floor":0.0},{"not_picked":["hexamod:GhostShield","hexamod:Again"],"picked":"hexamod:DynamicBlow","floor":2.0},{"not_picked":["hexamod:PhantomCloak","hexamod:HeatShield"],"picked":"hexamod:RetreatToShadows","floor":4.0},{"not_picked":["hexamod:BurningTouch","hexamod:SearingWound"],"picked":"hexamod:DynamicBlow","floor":5.0},{"not_picked":["hexamod:InspiringFlames","hexamod:AdvancingGuard"],"picked":"hexamod:FastForward","floor":9.0},{"not_picked":["hexamod:Again","hexamod:EmpoweredFlame"],"picked":"hexamod:SuperheatedStrike","floor":11.0},{"not_picked":["hexamod:BacktrackSmack","hexamod:ChargedBarrage"],"picked":"hexamod:Hexaguard","floor":12.0},{"not_picked":["hexamod:FastForward","hexamod:SpectersWail"],"picked":"hexamod:NecessarySacrifice","floor":14.0},{"not_picked":["hexamod:UnleashSpirits","hexamod:GhostOfSpireFuture"],"picked":"hexamod:FourthSeal","floor":15.0},{"not_picked":["hexamod:ParanormalForm","hexamod:ApocalypseNow"],"picked":"hexamod:FifthSeal","floor":16.0},{"not_picked":["hexamod:Hexaguard","hexamod:TimeOfNeed"],"picked":"hexamod:NightmareGuise+1","floor":19.0},{"not_picked":["hexamod:FourthSeal","hexamod:SecondSeal"],"picked":"hexamod:FirstSeal","floor":19.0},{"not_picked":["hexamod:ThermalTransfer","hexamod:FlamesFromBeyond"],"picked":"hexamod:Rewind","floor":20.0},{"not_picked":["hexamod:SixthSeal","hexamod:FirstSeal"],"picked":"hexamod:ThirdSeal","floor":20.0},{"not_picked":["hexamod:SixthSeal","hexamod:ThirdSeal"],"picked":"hexamod:FirstSeal","floor":21.0},{"not_picked":["hexamod:ChargedBarrage","hexamod:NightmareGuise"],"picked":"hexamod:Incineration","floor":21.0},{"not_picked":["hexamod:PhantomFireball","hexamod:NightmareGuise","hexamod:NightmareStrike"],"picked":"SKIP","floor":21.0},{"not_picked":["hexamod:SixthSeal","hexamod:ThirdSeal"],"picked":"hexamod:SecondSeal","floor":22.0},{"not_picked":["hexamod:BurningTouch","hexamod:Haunt+1"],"picked":"hexamod:RecurringNightmare","floor":22.0},{"not_picked":["hexamod:AdvancingGuard","hexamod:ExtraCrispy"],"picked":"hexamod:Rewind+1","floor":23.0},{"not_picked":["hexamod:FirstSeal","hexamod:SixthSeal"],"picked":"hexamod:FourthSeal","floor":23.0},{"not_picked":["hexamod:FastForward","hexamod:GhostOfSpireFuture"],"picked":"hexamod:GhostShield","floor":23.0},{"not_picked":["hexamod:RadiantFlame","hexamod:PowerFromBeyond"],"picked":"hexamod:HauntingEcho","floor":25.0},{"not_picked":["hexamod:GhostflameInferno","hexamod:NightmareGuise"],"picked":"hexamod:InspiringFlames","floor":26.0},{"not_picked":["hexamod:BurningTouch","hexamod:GhostflameBarrier"],"picked":"hexamod:ThermalTransfer","floor":27.0},{"not_picked":["hexamod:BacktrackSmack+1","hexamod:GhostflameBarrier"],"picked":"hexamod:HeatMetal+1","floor":28.0},{"not_picked":["hexamod:NightmareStrike","hexamod:EtherealExpedition"],"picked":"hexamod:ForkedFlame","floor":29.0},{"not_picked":["hexamod:SuperheatedStrike","hexamod:Hexaguard"],"picked":"hexamod:ShieldOfDarkness","floor":32.0},{"not_picked":["hexamod:GhostflameInferno","hexamod:ApocalypseNow"],"picked":"hexamod:SearingWound","floor":33},{"not_picked":["hexamod:GhostLash","hexamod:SuperheatedStrike"],"picked":"hexamod:RadiantFlame+1","floor":36},{"not_picked":["hexamod:DynamicBlow","hexamod:GhostShield","hexamod:Again"],"picked":"SKIP","floor":37},{"not_picked":["hexamod:FourthSeal","hexamod:FastForward"],"picked":"hexamod:HeatShield","floor":39},{"not_picked":["hexamod:Again+1","hexamod:SpectralSpark"],"picked":"hexamod:GhostOfSpireFuture+1","floor":40},{"not_picked":["hexamod:InspiringFlames","hexamod:AdvancingGuard","hexamod:HeatCrush"],"picked":"SKIP","floor":42},{"not_picked":["hexamod:PhantomFireball","hexamod:NightmareGuise","hexamod:RecurringNightmare+1"],"picked":"SKIP","floor":45},{"not_picked":["expansioncontent:PolyBeam","expansioncontent:GuardianWhirl"],"picked":"expansioncontent:Chronoboost","floor":47},{"not_picked":["expansioncontent:PrepareCrush","expansioncontent:GuardianWhirl"],"picked":"expansioncontent:AwakenDeath","floor":47},{"not_picked":["expansioncontent:HyperBeam","expansioncontent:PolyBeam"],"picked":"expansioncontent:Chronoboost","floor":47},{"not_picked":["hexamod:Incineration","hexamod:FirstSeal"],"picked":"hexamod:RadiantFlame+1","floor":48},{"not_picked":["hexamod:InspiringFlames","hexamod:ThermalTransfer"],"picked":"hexamod:HauntingEcho+1","floor":52}],"player_experience":3416797,"relics_obtained":[{"floor":7.0,"key":"Toy Ornithopter"},{"floor":14.0,"key":"Art of War"},{"floor":24.0,"key":"Bag of Preparation"},{"floor":29.0,"key":"hexamod:MatchstickCase"},{"floor":31.0,"key":"WingedGreaves"},{"floor":31.0,"key":"White Beast Statue"},{"floor":40,"key":"Happy Flower"},{"floor":45,"key":"Potion Belt"},{"floor":48,"key":"Pen Nib"},{"floor":52,"key":"bronze:BronzeIdol"}],"event_choices":[{"damage_healed":0.0,"max_hp_gain":0.0,"max_hp_loss":0.0,"gold_gain":0.0,"event_name":"Scrap Ooze","player_choice":"Fled","floor":6.0,"gold_loss":0.0,"damage_taken":0.0},{"damage_healed":0.0,"max_hp_gain":0.0,"max_hp_loss":0.0,"gold_gain":0.0,"event_name":"Lab","player_choice":"Got Potions","floor":8.0,"gold_loss":0.0,"damage_taken":0.0}],"is_beta":false,"boss_relics":[{"not_picked":["Cursed Key","SacredBark"],"picked":"sneckomod:SneckoTalon"},{"not_picked":["Empty Cage","Sozu"],"picked":"hexamod:IceCube"}],"items_purged_floors":[5,39,42,44],"is_endless":false,"potions_floor_spawned":[9,14,15,20,25,27,28,29,32,33,36,37,39,40,42,45,48,52],"killed_by":"downfall:NeowBossFinal","ascension_level":20}}