{"host":"Jinnai","time":1611625523,"event":{"mods":["BaseMod","Bestiary","Block Reminder","Colored Map","Colored Powertips","Highlight Path","Minty Spire (QoL Compilation)","Quick Restart","Relic Stats","StSLib"],"gold_per_floor":[10,29,29,29,45,58,58,58,58,58,79,115,115,130,130,130,130],"floor_reached":16,"language":"ENG","playtime":681,"items_purged":[],"score":199,"play_id":"480bd9a5-e27e-4b01-82ae-a99d15f39c86","local_time":"20210125204523","is_ascension_mode":true,"campfire_choices":[{"floor":7,"key":"REST"},{"floor":10,"key":"REST"},{"data":"Malaise","floor":13,"key":"SMITH"},{"data":"Calculated Gamble","floor":15,"key":"SMITH"}],"circlet_count":0,"master_deck":["AscendersBane","Strike_G","Strike_G","Strike_G","Strike_G","Strike_G","Defend_G","Defend_G","Defend_G","Defend_G","Defend_G","Survivor","Neutralize","Skewer","All Out Attack","Blade Dance","Calculated Gamble+1","Acrobatics","Malaise+1","Caltrops"],"relics":["Ring of the Snake","Tough Bandages","Golden Idol","The Courier","TungstenRod"],"acts_visited":["Exordium"],"potions_floor_usage":[12,14,16],"damage_taken":[{"damage":4,"enemies":"Small Slimes","floor":1,"turns":4},{"damage":2,"enemies":"Jaw Worm","floor":2,"turns":3},{"damage":0,"enemies":"2 Louse","floor":5,"turns":2},{"damage":21,"enemies":"Exordium Wildlife","floor":6,"turns":5},{"damage":3,"enemies":"Looter","floor":11,"turns":3},{"damage":26,"enemies":"Gremlin Nob","floor":12,"turns":4},{"damage":4,"enemies":"Gremlin Gang","floor":14,"turns":5},{"damage":26,"enemies":"Hexaghost","floor":16,"turns":15}],"seed_played":"5557463523169021393","potions_obtained":[{"floor":5,"key":"DuplicationPotion"},{"floor":11,"key":"DistilledChaos"},{"floor":14,"key":"Weak Potion"}],"is_trial":false,"path_per_floor":["M","M","?","?","M","M","R","?","T","R","M","E","R","M","R","B"],"character_chosen":"THE_SILENT","items_purchased":[],"campfire_rested":2,"item_purchase_floors":[],"current_hp_per_floor":[55,53,30,35,35,14,35,35,35,56,53,27,27,23,23,0,0],"gold":130,"neow_bonus":"ONE_RARE_RELIC","is_daily":false,"chose_seed":false,"campfire_upgraded":2,"win_rate":0.0,"timestamp":1611625523,"path_taken":["M","M","?","?","M","M","R","?","T","R","?","E","R","M","R","BOSS"],"items_purchased_type":[],"build_version":"2020-12-18","purchased_purges":0,"victory":false,"max_hp_per_floor":[66,66,66,71,71,71,71,71,71,71,71,71,71,71,71,71,71],"relic_stats":{"Tough Bandages":[81],"counters":[8,41],"Golden Idol":20,"obtain_stats":[{"Tough Bandages":0,"Golden Idol":3,"The Courier":9,"TungstenRod":12,"Ring of the Snake":0},{"Tough Bandages":0,"Golden Idol":2,"The Courier":4,"TungstenRod":6,"Ring of the Snake":0},{"Tough Bandages":0,"Golden Idol":7,"The Courier":14,"TungstenRod":21,"Ring of the Snake":0}],"TungstenRod":11,"Ring of the Snake":[16]},"card_choices":[{"not_picked":["Deflect","Setup"],"picked":"Skewer","floor":1},{"not_picked":["Expertise","Choke"],"picked":"All Out Attack","floor":2},{"not_picked":["Flechettes","Crippling Poison"],"picked":"Blade Dance","floor":5},{"not_picked":["Quick Slash","Footwork"],"picked":"Calculated Gamble","floor":6},{"not_picked":["PiercingWail","Tactician"],"picked":"Acrobatics","floor":11},{"not_picked":["Slice","Tactician"],"picked":"Malaise","floor":12},{"not_picked":["Finisher","Masterful Stab"],"picked":"Caltrops","floor":14}],"player_experience":1564644,"relics_obtained":[{"floor":9,"key":"The Courier"},{"floor":12,"key":"TungstenRod"}],"event_choices":[{"damage_healed":0,"gold_gain":0,"player_choice":"Take Damage","damage_taken":23,"relics_obtained":["Golden Idol"],"max_hp_gain":0,"max_hp_loss":0,"event_name":"Golden Idol","floor":3,"gold_loss":0},{"damage_healed":0,"gold_gain":0,"player_choice":"Donut","damage_taken":0,"max_hp_gain":5,"max_hp_loss":0,"event_name":"Big Fish","floor":4,"gold_loss":0},{"damage_healed":0,"gold_gain":0,"player_choice":"Fled","damage_taken":0,"max_hp_gain":0,"max_hp_loss":0,"event_name":"Scrap Ooze","floor":8,"gold_loss":0}],"is_beta":true,"boss_relics":[],"items_purged_floors":[],"is_endless":false,"potions_floor_spawned":[5,11,14],"killed_by":"Hexaghost","ascension_level":19}}