{"host":"jeza3f7qwapecycc","time":1611667017,"event":{"mods":["BaseMod","Downfall","Minty Spire (QoL Compilation)","Relic Stats","StSLib","noobMod"],"gold_per_floor":[99,374,6,25,44,58,58,73,73,73,35,55,55,73,90,192,192,92,106,118,5,20,40,88,88,105,115,134,34,34,19,29,127,127,127,143,143,193,211,211,211,94,94,112,128,141,167,67,86,86,86,113,21,21,21,21],"floor_reached":57,"language":"ZHS","playtime":3538,"items_purged":["Regret"],"score":1332,"play_id":"5a23f5ed-676d-4083-a7a4-4c7cd0e1c8e9","local_time":"20210126211657","is_ascension_mode":false,"campfire_choices":[{"data":"Slimebound:CorrosiveSpit","floor":1,"key":"SMITH"},{"floor":9,"key":"RECALL"},{"data":"expansioncontent:DashGenerateEvil","floor":13,"key":"SMITH"},{"data":"Slimebound:WasteNot","floor":18,"key":"SMITH"},{"floor":29,"key":"REST"},{"data":"Slimebound:LevelUp","floor":35,"key":"SMITH"},{"floor":40,"key":"REST"},{"data":"Slimebound:LivingWall","floor":48,"key":"SMITH"},{"data":"expansioncontent:AwakenDeath","floor":54,"key":"SMITH"}],"circlet_count":0,"master_deck":["Slimebound:Tackle","Slimebound:Split+1","Slimebound:CorrosiveSpit+1","Slimebound:DisruptingSlam","Slimebound:SplitLeeching+1","expansioncontent:DashGenerateEvil+1","Slimebound:ProtectTheBoss","Slimebound:GoopSpray","Slimebound:Schlurp","Slimebound:Dissolve","Slimebound:Repurpose","Slimebound:LeechEnergy","Slimebound:HauntingLick+1","Slimebound:LivingWall+1","Slimebound:SplitLeeching+1","Slimebound:WasteNot+1","Slimebound:Gluttony","Slimebound:SplitLeeching+1","Slimebound:Chomp","Slimebound:FinishingTackle","Slimebound:HauntingLick","Slimebound:Prepare","Slimebound:RallyTheTroops","Slimebound:SamplingLick","Slimebound:LevelUp+1","expansioncontent:GuardianWhirl","Slimebound:LevelUp+1","Slimebound:DivideAndConquer","Slimebound:LeechEnergy+1","Slimebound:BestDefense+1","Slimebound:SplitBruiser+1","Slimebound:RollThrough+1","Slimebound:SlimeSlap","Slimebound:SlimeTap","Slimebound:SplitMire+1","Slimebound:Schlurp","Slimebound:GrowthPunch+1","expansioncontent:InvincibleStrength","Slimebound:LeechEnergy","Slimebound:SplitBruiser","Slimebound:SplitAcid+1","Slimebound:SplitLeeching","Slimebound:Schlurp+1","Slimebound:BestDefense+1","Slimebound:RejuvenatingLick+1","expansioncontent:AwakenDeath+1"],"relics":["Slimebound:AbsorbEndCombat","ice","InkBottle","Oddly Smooth Stone","Pandora\u0027s Box","downfall:HeartBlessingRed","downfall:HeartBlessingBlue","SlaversCollar","Peace Pipe","Meat on the Bone","PreservedInsect","Sling","War Paint","downfall:HeartBlessingGreen","Gremlin Horn"],"acts_visited":["Exordium","TheCity","TheBeyond","TheEnding"],"potions_floor_usage":[33],"damage_taken":[{"damage":3,"enemies":"downfall:FleeingMerchant","floor":3,"turns":4},{"damage":0,"enemies":"Small Slimes","floor":4,"turns":3},{"damage":0,"enemies":"Cultist","floor":5,"turns":1},{"damage":0,"enemies":"Jaw Worm","floor":6,"turns":4},{"damage":13,"enemies":"3 Louse","floor":8,"turns":3},{"damage":0,"enemies":"downfall:FleeingMerchant","floor":11,"turns":4},{"damage":0,"enemies":"Red Slaver","floor":12,"turns":2},{"damage":0,"enemies":"Large Slime","floor":14,"turns":4},{"damage":0,"enemies":"Exordium Thugs","floor":15,"turns":4},{"damage":19,"enemies":"WA_ARCHETYPE_RETAIN","floor":16,"turns":8},{"damage":8,"enemies":"Spheric Guardian","floor":19,"turns":4},{"damage":9,"enemies":"Shelled Parasite and Fungi","floor":20,"turns":5},{"damage":3,"enemies":"downfall:FleeingMerchant","floor":21,"turns":4},{"damage":10,"enemies":"Snake Plant","floor":22,"turns":3},{"damage":9,"enemies":"Snecko","floor":23,"turns":5},{"damage":20,"enemies":"3 Cultists","floor":26,"turns":5},{"damage":8,"enemies":"Centurion and Healer","floor":27,"turns":5},{"damage":33,"enemies":"Shelled Parasite and Fungi","floor":28,"turns":3},{"damage":22,"enemies":"downfall:FleeingMerchant","floor":31,"turns":4},{"damage":0,"enemies":"Cultist and Chosen","floor":32,"turns":4},{"damage":51,"enemies":"SI_MIRROR_ARCHETYPE","floor":33,"turns":8},{"damage":42,"enemies":"3 Darklings","floor":36,"turns":6},{"damage":69,"enemies":"2 Orb Walkers","floor":38,"turns":5},{"damage":11,"enemies":"3 Shapes","floor":39,"turns":4},{"damage":12,"enemies":"downfall:FleeingMerchant","floor":42,"turns":3},{"damage":30,"enemies":"Transient","floor":44,"turns":5},{"damage":33,"enemies":"4 Shapes","floor":45,"turns":3},{"damage":18,"enemies":"Spire Growth","floor":46,"turns":5},{"damage":21,"enemies":"Reptomancer","floor":47,"turns":5},{"damage":10,"enemies":"3 Darklings","floor":49,"turns":5},{"damage":56,"enemies":"DF_ARCHETYPE_ORBS","floor":50,"turns":8},{"damage":10,"enemies":"downfall:CharBossMerchant","floor":52,"turns":6},{"damage":9,"enemies":"downfall:NeowBoss","floor":55,"turns":9},{"damage":0,"enemies":"downfall:NeowBossFinal","floor":56,"turns":6}],"seed_played":"1400736979061220700","potions_obtained":[{"floor":6,"key":"EssenceOfSteel"},{"floor":8,"key":"Ancient Potion"},{"floor":14,"key":"Strength Potion"},{"floor":20,"key":"Energy Potion"},{"floor":23,"key":"LiquidMemories"},{"floor":33,"key":"LiquidMemories"},{"floor":52,"key":"PowerPotion"}],"is_trial":false,"path_per_floor":["R","?","$","M","M","M","T","M","R","?","$","M","R","M","M","B",null,"R","M","M","$","M","M","T","?","M","M","M","R","?","$","M","B",null,"R","M","?","?","M","R","T","$","?","M","M","M","E","R","M","B",null,"E","$","R","B","B",null],"character_chosen":"SLIMEBOUND","items_purchased":["Slimebound:SplitLeeching","expansioncontent:DashGenerateEvil","Slimebound:ProtectTheBoss","Slimebound:HauntingLick","expansioncontent:GuardianWhirl","PreservedInsect","Sling","expansioncontent:InvincibleStrength","CultistPotion","expansioncontent:AwakenDeath"],"campfire_rested":2,"item_purchase_floors":[3,3,3,11,21,42,42,42,42,53],"current_hp_per_floor":[65,65,65,65,65,65,65,54,54,51,57,59,59,65,65,46,65,65,61,58,63,55,54,54,46,34,34,3,35,85,67,73,30,85,85,51,74,11,6,28,28,32,32,22,64,54,53,53,51,96,108,103,103,103,102,110],"gold":21,"neow_bonus":"UPGRADE_CARD","is_daily":false,"chose_seed":false,"campfire_upgraded":6,"win_rate":0.0,"timestamp":1611667017,"path_taken":["R","?","$","?","?","?","T","M","R","?","?","M","R","M","M","BOSS","R","M","M","$","M","M","T","?","?","M","M","R","?","?","M","BOSS","R","M","?","?","M","R","T","$","?","M","M","M","E","R","M","BOSS","E","$","R","BOSS","BOSS"],"items_purchased_type":["Card","Card","Card","Card","Card","Relic","Relic","Card","Potion","Card"],"build_version":"2020-12-22","purchased_purges":1,"victory":true,"max_hp_per_floor":[65,65,65,65,65,65,65,65,65,65,65,65,65,65,65,65,65,65,65,65,65,65,65,65,65,65,65,65,75,85,85,85,85,85,85,85,74,74,74,74,74,74,74,74,76,81,86,86,92,108,108,113,113,113,124,131],"relic_stats":{"Peace Pipe":0,"Gremlin Horn":[4,4],"counters":[34,154],"Pandora\u0027s Box":["Slimebound:Gluttony","Slimebound:SplitLeeching","Slimebound:Chomp","Slimebound:FinishingTackle","Slimebound:HauntingLick","Slimebound:Prepare","Slimebound:RallyTheTroops"],"PreservedInsect":174,"War Paint":["Slimebound:SplitLeeching","Slimebound:HauntingLick"],"obtain_stats":[{"downfall:HeartBlessingRed":18,"Gremlin Horn":52,"Oddly Smooth Stone":10,"downfall:HeartBlessingGreen":48,"PreservedInsect":42,"ice":0,"War Paint":47,"Sling":42,"Peace Pipe":38,"SlaversCollar":34,"downfall:HeartBlessingBlue":29,"Pandora\u0027s Box":17,"Slimebound:AbsorbEndCombat":0,"InkBottle":7,"Meat on the Bone":41},{"downfall:HeartBlessingRed":10,"Gremlin Horn":32,"Oddly Smooth Stone":5,"downfall:HeartBlessingGreen":29,"PreservedInsect":25,"ice":0,"War Paint":29,"Sling":25,"Peace Pipe":23,"SlaversCollar":21,"downfall:HeartBlessingBlue":18,"Pandora\u0027s Box":10,"Slimebound:AbsorbEndCombat":0,"InkBottle":4,"Meat on the Bone":24},{"downfall:HeartBlessingRed":37,"Gremlin Horn":139,"Oddly Smooth Stone":15,"downfall:HeartBlessingGreen":120,"PreservedInsect":103,"ice":0,"War Paint":120,"Sling":103,"Peace Pipe":96,"SlaversCollar":85,"downfall:HeartBlessingBlue":70,"Pandora\u0027s Box":37,"Slimebound:AbsorbEndCombat":0,"InkBottle":12,"Meat on the Bone":100}],"InkBottle":[78],"Meat on the Bone":36},"card_choices":[{"not_picked":["Slimebound:HauntingLick","Slimebound:SpikyOuterGoop"],"picked":"Slimebound:DisruptingSlam","floor":3},{"not_picked":["Slimebound:HauntingLick","Slimebound:LeadByExample"],"picked":"Slimebound:GoopSpray","floor":4},{"not_picked":["Slimebound:DivideAndConquer","Slimebound:LeechingTouch"],"picked":"Slimebound:Schlurp","floor":5},{"not_picked":["Slimebound:FlameTackle","Slimebound:ServeAndProtect"],"picked":"Slimebound:Dissolve","floor":6},{"not_picked":["Slimebound:ForwardTackle","Slimebound:FormOfPuddle"],"picked":"Slimebound:Repurpose","floor":8},{"not_picked":["Slimebound:Schlurp","Slimebound:PressTheAttack"],"picked":"Slimebound:LeechEnergy","floor":11},{"not_picked":["Slimebound:DivideAndConquer","Slimebound:LeadByExample"],"picked":"Slimebound:LivingWall","floor":12},{"not_picked":["Slimebound:PressTheAttack","Slimebound:RejuvenatingLick"],"picked":"Slimebound:PrepareCrush","floor":14},{"not_picked":["Slimebound:SamplingLick","Slimebound:FinishingTackle"],"picked":"Slimebound:SplitLeeching","floor":15},{"not_picked":["Slimebound:MinionMaster","Slimebound:FirmFortitude"],"picked":"Slimebound:WasteNot","floor":16},{"not_picked":["Slimebound:FlameTackle","Slimebound:ComboTackle"],"picked":"Slimebound:SamplingLick","floor":19},{"not_picked":["Slimebound:RejuvenatingLick+1","Slimebound:BestDefense"],"picked":"Slimebound:Replication","floor":20},{"not_picked":["Slimebound:Dissolve+1","Slimebound:Schlurp"],"picked":"Slimebound:LevelUp+1","floor":21},{"not_picked":["Slimebound:SlimeSpikes","Slimebound:ForwardTackle+1"],"picked":"Slimebound:LevelUp","floor":22},{"not_picked":["Slimebound:ItLooksTasty","Slimebound:Prepare","Slimebound:LeechEnergy"],"picked":"SKIP","floor":23},{"not_picked":["Slimebound:FinishingTackle+1","Slimebound:SlimeSpikes"],"picked":"Slimebound:DivideAndConquer","floor":26},{"not_picked":["Slimebound:DivideAndConquer+1","Slimebound:ProtectTheBoss+1"],"picked":"Slimebound:LeechEnergy+1","floor":27},{"not_picked":["Slimebound:Prepare+1","Slimebound:SplitBruiser"],"picked":"Slimebound:BestDefense+1","floor":28},{"not_picked":["Slimebound:PressTheAttack","Slimebound:ItLooksTasty"],"picked":"Slimebound:SplitBruiser+1","floor":31},{"not_picked":["Slimebound:Dissolve","Slimebound:SplitBruiser+1"],"picked":"Slimebound:RollThrough+1","floor":32},{"not_picked":["Slimebound:PrepareCrush","Slimebound:FirmFortitude"],"picked":"Slimebound:SlimeSlap","floor":33},{"not_picked":["Slimebound:SamplingLick+1","Slimebound:SplitAcid"],"picked":"Slimebound:SlimeTap","floor":36},{"not_picked":["Slimebound:ProtectTheBoss+1","Slimebound:ServeAndProtect"],"picked":"Slimebound:SplitMire+1","floor":38},{"not_picked":["Slimebound:FinishingTackle","Slimebound:Dissolve+1"],"picked":"Slimebound:Schlurp","floor":39},{"not_picked":["Slimebound:LeechEnergy","Slimebound:LeadByExample"],"picked":"Slimebound:GrowthPunch+1","floor":42},{"not_picked":["Slimebound:SamplingLick","Slimebound:ItLooksTasty"],"picked":"Slimebound:SplitBruiser","floor":44},{"not_picked":["Slimebound:LeechingTouch+1","Slimebound:Repurpose"],"picked":"Slimebound:SplitAcid+1","floor":45},{"not_picked":["Slimebound:Dissolve+1","Slimebound:Prepare"],"picked":"Slimebound:SplitLeeching","floor":46},{"not_picked":["Slimebound:LeechingTouch","Slimebound:RallyTheTroops"],"picked":"Slimebound:Schlurp+1","floor":47},{"not_picked":["Slimebound:SlimeSpikes+1","Slimebound:ComboTackle+1"],"picked":"Slimebound:BestDefense+1","floor":49},{"not_picked":["Slimebound:SplitAcid","Slimebound:SplitLeeching"],"picked":"Slimebound:RejuvenatingLick+1","floor":52}],"player_experience":799712,"relics_obtained":[{"floor":7,"key":"InkBottle"},{"floor":38,"key":"Peace Pipe"},{"floor":41,"key":"Meat on the Bone"},{"floor":47,"key":"War Paint"},{"floor":52,"key":"Gremlin Horn"}],"event_choices":[{"damage_healed":0,"gold_gain":0,"player_choice":"Success","damage_taken":3,"relics_obtained":["Oddly Smooth Stone"],"max_hp_gain":0,"max_hp_loss":0,"event_name":"Scrap Ooze","floor":10,"gold_loss":0},{"cards_removed":["Slimebound:PrepareCrush"],"damage_healed":40,"gold_gain":0,"player_choice":"Offered Rare","damage_taken":0,"max_hp_gain":10,"max_hp_loss":0,"event_name":"Bonfire Elementals","floor":30,"gold_loss":0},{"damage_healed":0,"gold_gain":0,"player_choice":"Fight","damage_taken":0,"max_hp_gain":0,"max_hp_loss":0,"event_name":"Mysterious Sphere","floor":38,"gold_loss":0}],"is_beta":false,"boss_relics":[{"not_picked":["Astrolabe","bronze:MakeshiftBattery"],"picked":"Pandora\u0027s Box"},{"not_picked":["Velvet Choker","Runic Pyramid"],"picked":"SlaversCollar"}],"items_purged_floors":[3],"is_endless":false,"potions_floor_spawned":[6,8,14,20,23,32,33,44,45,46,52],"ascension_level":0}}