{"host":"7v9t59ze4jbx2rzq","time":1611688813,"event":{"mods":["BaseMod","Colored Powertips","Dark Map","Highlight Path","Minty Spire (QoL Compilation)","Optimize The Spire","Spire Arcade","StSLib","Sumireko Usami","The Caster","Wide Potions"],"gold_per_floor":[119,131,45,45,57,88,107,107,107],"floor_reached":8,"language":"ENG","playtime":940,"items_purged":[],"score":116,"play_id":"2ba38a2d-32e1-482a-8263-bccb1923b0ca","local_time":"20210126142013","is_ascension_mode":true,"campfire_choices":[],"circlet_count":0,"master_deck":["AscendersBane","sumireko:StrikeSeal","sumireko:StrikeSeal","sumireko:StrikeSeal","sumireko:StrikeSeal","sumireko:DefenseSeal","sumireko:DefenseSeal","sumireko:DefenseSeal","sumireko:Wall","sumireko:Wall","sumireko:OccultSeal","sumireko:PsychokineticBurst","sumireko:FireburstSeal","sumireko:NaturalJinx","sumireko:Imprint","sumireko:Crush","sumireko:Dowsing","sumireko:Psychexplosion"],"relics":["sumireko:OccultBall","Dream Catcher","Nunchaku"],"acts_visited":["Exordium"],"potions_floor_usage":[6],"damage_taken":[{"damage":4,"enemies":"Small Slimes","floor":1,"turns":5},{"damage":0,"enemies":"Jaw Worm","floor":2,"turns":3},{"damage":9,"enemies":"2 Louse","floor":5,"turns":3},{"damage":20,"enemies":"3 Sentries","floor":6,"turns":7},{"damage":1,"enemies":"Looter","floor":7,"turns":3},{"damage":38,"enemies":"Gremlin Nob","floor":8,"turns":3}],"seed_played":"264952512820605131","potions_obtained":[{"floor":5,"key":"BlessingOfTheForge"}],"is_trial":false,"path_per_floor":["M","M","$","?","M","E","M","E"],"character_chosen":"SUMIREKO","items_purchased":["sumireko:Imprint"],"campfire_rested":0,"item_purchase_floors":[3],"current_hp_per_floor":[55,55,55,50,41,21,20,0,0],"gold":107,"neow_bonus":"RANDOM_COMMON_RELIC","is_daily":false,"chose_seed":false,"campfire_upgraded":0,"win_rate":0.0,"timestamp":1611688813,"path_taken":["M","M","$","?","M","E","M","E"],"items_purchased_type":["Card"],"build_version":"2020-12-22","purchased_purges":0,"victory":false,"max_hp_per_floor":[65,65,65,65,65,65,65,65,65],"card_choices":[{"not_picked":["sumireko:Metaphysics","sumireko:MirrorSeal"],"picked":"sumireko:FireburstSeal","floor":1},{"not_picked":["sumireko:InstantBarrier","sumireko:Possession"],"picked":"sumireko:NaturalJinx","floor":2},{"not_picked":["sumireko:EchoSeal","sumireko:IronGirders"],"picked":"sumireko:Crush","floor":5},{"not_picked":["sumireko:RuleCancel","sumireko:Lull"],"picked":"sumireko:Dowsing","floor":6},{"not_picked":["sumireko:CardTrick","sumireko:BorderOfReality"],"picked":"sumireko:Psychexplosion","floor":7}],"player_experience":2178865,"relics_obtained":[{"floor":6,"key":"Nunchaku"}],"event_choices":[{"damage_healed":0,"gold_gain":0,"player_choice":"Fled","damage_taken":5,"max_hp_gain":0,"max_hp_loss":0,"event_name":"Scrap Ooze","floor":4,"gold_loss":0}],"is_beta":false,"boss_relics":[],"items_purged_floors":[],"is_endless":false,"potions_floor_spawned":[5],"killed_by":"Gremlin Nob","ascension_level":20}}