{"host":"d61fcf2p3sjwe6yo","time":1611661239,"event":{"mods":["AchievementEnabler","BaseMod","Colored Map","Downfall","Minty Spire (QoL Compilation)","StSLib","SuperFastMode"],"gold_per_floor":[99,116,132,151,24,174,174,202,302,202,216,250,50,76,96,96,96,96],"floor_reached":16,"language":"ENG","playtime":838,"items_purged":["hexamod:Defend"],"score":217,"play_id":"8b8acc7e-428c-4a18-8c44-bea37fd7e628","local_time":"20210126144039","is_ascension_mode":true,"campfire_choices":[{"data":"hexamod:Float","floor":1,"key":"SMITH"},{"floor":10,"key":"RECALL"},{"data":"hexamod:VolcanoVisage","floor":13,"key":"SMITH"}],"circlet_count":0,"master_deck":["AscendersBane","hexamod:Strike","hexamod:Strike","hexamod:Strike","hexamod:Strike","hexamod:Defend","hexamod:Defend","hexamod:Defend","hexamod:Sear","hexamod:Float+1","hexamod:ShieldOfDarkness","hexamod:VolcanoVisage+1","hexamod:GhostflameBarrier","downfall:Icky","hexamod:GhostflameBarrier","hexamod:BurningTouch","hexamod:Hexaguard","hexamod:HeatMetal"],"relics":["hexamod:SpiritBrand","Ice Cream","downfall:HeartBlessingBlue","downfall:HeartBlessingRed","downfall:HeartBlessingGreen","Boot"],"acts_visited":["Exordium"],"potions_floor_usage":[12,14],"damage_taken":[{"damage":0,"enemies":"Cultist","floor":2,"turns":3},{"damage":0,"enemies":"2 Louse","floor":3,"turns":3},{"damage":2,"enemies":"Jaw Worm","floor":4,"turns":3},{"damage":0,"enemies":"downfall:FleeingMerchant","floor":5,"turns":4},{"damage":25,"enemies":"3 Sentries","floor":8,"turns":8},{"damage":1,"enemies":"Large Slime","floor":11,"turns":8},{"damage":6,"enemies":"Lagavulin","floor":12,"turns":7},{"damage":16,"enemies":"3 Sentries","floor":14,"turns":7},{"damage":0,"enemies":"Exordium Wildlife","floor":15,"turns":4},{"damage":46,"enemies":"DF_ARCHETYPE_STREAMLINE","floor":16,"turns":12}],"seed_played":"6759544726334206397","potions_obtained":[{"floor":4,"key":"SmokeBomb"},{"floor":8,"key":"SmokeBomb"},{"floor":11,"key":"champ:CounterPotion"},{"floor":14,"key":"Fruit Juice"}],"is_trial":false,"path_per_floor":["R","M","M","M","$","?","T","E","?","R","M","E","R","E","M","B"],"character_chosen":"THE_SPIRIT","items_purchased":["hexamod:GhostflameBarrier"],"campfire_rested":0,"item_purchase_floors":[5],"current_hp_per_floor":[70,70,70,68,68,68,68,43,43,53,52,46,46,35,35,0,0,0],"gold":96,"neow_bonus":"TEN_PERCENT_HP_BONUS","is_daily":false,"chose_seed":false,"campfire_upgraded":2,"win_rate":0.0,"timestamp":1611661239,"path_taken":["R","M","M","?","?","?","T","E","?","R","?","E","R","E","M","BOSS"],"items_purchased_type":["Card"],"build_version":"2020-12-22","purchased_purges":1,"victory":false,"max_hp_per_floor":[77,77,77,77,77,77,77,77,77,87,87,87,87,92,92,92,92,92],"card_choices":[{"not_picked":["hexamod:Firestarter","hexamod:RainOfEmbers","hexamod:FlamesFromBeyond"],"picked":"SKIP","floor":2},{"not_picked":["hexamod:SecondSeal","hexamod:NightmareGuise","hexamod:GhostLash"],"picked":"SKIP","floor":3},{"not_picked":["hexamod:HeatCrush","hexamod:InspiringFlames"],"picked":"hexamod:ShieldOfDarkness","floor":4},{"not_picked":["hexamod:RetreatToShadows","hexamod:NightmareStrike"],"picked":"hexamod:VolcanoVisage","floor":5},{"not_picked":["hexamod:Rewind","hexamod:FastForward"],"picked":"hexamod:GhostflameBarrier","floor":8},{"not_picked":["hexamod:HauntingEcho","hexamod:ShieldOfDarkness"],"picked":"hexamod:BurningTouch","floor":11},{"not_picked":["hexamod:TimeWarp","hexamod:ThirdSeal"],"picked":"hexamod:Hexaguard","floor":12},{"not_picked":["hexamod:SuperheatedStrike","hexamod:ShieldOfDarkness"],"picked":"hexamod:HeatMetal","floor":14},{"not_picked":["hexamod:Firestarter","hexamod:HauntingEcho","hexamod:GhostflameBarrier"],"picked":"SKIP","floor":15}],"player_experience":711044,"relics_obtained":[{"floor":8,"key":"Ice Cream"},{"floor":14,"key":"Boot"}],"event_choices":[],"is_beta":false,"boss_relics":[],"items_purged_floors":[5],"is_endless":false,"potions_floor_spawned":[4,8,11,14],"killed_by":"DF_ARCHETYPE_STREAMLINE","ascension_level":12}}