{"host":"xsuxkwaivmtd234a","time":1611674523,"event":{"mods":["BaseMod","Colored Map","Filter the Spire","Minty Spire (QoL Compilation)","Relic Stats","StSLib"],"gold_per_floor":[363,382,399,15,15,43,43,75,75,90,110,110,140,158,158,261,261,276,295,295,312,12,12,24,55,79,79,79,105,117,117,117,117,117],"floor_reached":33,"language":"ENG","playtime":2023,"items_purged":["Strike_P"],"score":349,"play_id":"6d0eb142-c7eb-4d25-9cce-ceec5be74313","local_time":"20210126102203","is_ascension_mode":true,"campfire_choices":[{"data":"TalkToTheHand","floor":7.0,"key":"SMITH"},{"data":"Tantrum","floor":12.0,"key":"SMITH"},{"floor":15.0,"key":"REST"},{"floor":23,"key":"REST"},{"floor":27,"key":"REST"},{"floor":32,"key":"REST"}],"circlet_count":0,"master_deck":["Strike_P","Strike_P","Strike_P","Defend_P","Defend_P","Defend_P","Defend_P","Eruption","Vigilance","LikeWater","BowlingBash","TalkToTheHand+1","Blasphemy","Ragnarok","JustLucky","ThirdEye","SpiritShield","EmptyFist","SandsOfTime","Tantrum+1","Protect","TalkToTheHand","DevaForm","DeceiveReality+1","CutThroughFate","FearNoEvil","Indignation","WheelKick","CutThroughFate+1","BattleHymn+1"],"relics":["PureWater","Bag of Marbles","Ornamental Fan","Toy Ornithopter","Potion Belt","Runic Pyramid","Bronze Scales","Bag of Preparation","OrangePellets","Damaru","Strawberry","Bottled Flame"],"acts_visited":["Exordium","TheCity"],"potions_floor_usage":[21,25,33,33,33,33],"damage_taken":[{"damage":4.0,"enemies":"2 Louse","floor":1.0,"turns":3.0},{"damage":2.0,"enemies":"Cultist","floor":2.0,"turns":3.0},{"damage":1.0,"enemies":"Jaw Worm","floor":3.0,"turns":3.0},{"damage":0.0,"enemies":"Gremlin Nob","floor":6.0,"turns":2.0},{"damage":24.0,"enemies":"3 Sentries","floor":8.0,"turns":7.0},{"damage":0.0,"enemies":"Gremlin Gang","floor":10.0,"turns":1.0},{"damage":0.0,"enemies":"Exordium Wildlife","floor":11.0,"turns":2.0},{"damage":26.0,"enemies":"Lagavulin","floor":13.0,"turns":6.0},{"damage":1.0,"enemies":"2 Fungi Beasts","floor":14.0,"turns":2.0},{"damage":6.0,"enemies":"The Guardian","floor":16.0,"turns":13.0},{"damage":2.0,"enemies":"Shell Parasite","floor":18.0,"turns":3.0},{"damage":28,"enemies":"3 Byrds","floor":19,"turns":6},{"damage":5,"enemies":"Centurion and Healer","floor":21,"turns":5},{"damage":3,"enemies":"Snake Plant","floor":24,"turns":4},{"damage":42,"enemies":"Slavers","floor":25,"turns":5},{"damage":14,"enemies":"Gremlin Leader","floor":29,"turns":4},{"damage":15,"enemies":"Cultist and Chosen","floor":30,"turns":4},{"damage":100002,"enemies":"Automaton","floor":33,"turns":7}],"seed_played":"-3801646939026558522","potions_obtained":[{"floor":1.0,"key":"BlessingOfTheForge"},{"floor":6.0,"key":"SteroidPotion"},{"floor":8.0,"key":"SpeedPotion"},{"floor":10.0,"key":"Strength Potion"},{"floor":11.0,"key":"Energy Potion"},{"floor":16.0,"key":"Block Potion"},{"floor":19,"key":"ColorlessPotion"},{"floor":25,"key":"Explosive Potion"},{"floor":30,"key":"FearPotion"}],"is_trial":false,"path_per_floor":["M","M","M","$","?","E","R","E","T","M","M","R","E","M","R","B",null,"M","M","?","M","$","R","M","E","T","R","?","E","M","?","R","B"],"character_chosen":"WATCHER","items_purchased":["Blasphemy","Ragnarok","JustLucky","Bag of Preparation","OrangePellets"],"campfire_rested":4,"item_purchase_floors":[4,4,4,22,22],"current_hp_per_floor":[61,59,58,58,58,58,58,34,34,39,39,39,18,17,36,30,65,63,35,35,35,35,54,51,14,21,42,35,21,6,6,27,0,0],"gold":117,"neow_bonus":"TWO_FIFTY_GOLD","is_daily":false,"chose_seed":false,"campfire_upgraded":2,"win_rate":0.0,"timestamp":1611674523,"path_taken":["M","M","M","$","?","E","R","E","T","M","M","R","E","M","R","BOSS","M","M","?","M","$","R","M","E","T","R","?","E","?","?","R","BOSS"],"items_purchased_type":["Card","Card","Card","Relic","Relic"],"build_version":"2020-12-22","purchased_purges":1,"victory":false,"max_hp_per_floor":[65,65,65,65,65,65,65,65,65,65,65,65,65,65,65,65,65,65,65,65,65,65,65,65,65,72,72,72,72,72,72,72,72,72],"relic_stats":{"OrangePellets":[2],"counters":[18,79],"Ornamental Fan":[88],"Bronze Scales":[87],"Bag of Preparation":[10],"obtain_stats":[{"Potion Belt":13,"OrangePellets":22,"Bottled Flame":29,"Ornamental Fan":8,"Bronze Scales":20,"Strawberry":26,"Damaru":25,"Bag of Marbles":6,"Bag of Preparation":22,"PureWater":0,"Toy Ornithopter":9,"Runic Pyramid":17},{"Potion Belt":8,"OrangePellets":13,"Bottled Flame":16,"Ornamental Fan":5,"Bronze Scales":12,"Strawberry":15,"Damaru":15,"Bag of Marbles":4,"Bag of Preparation":13,"PureWater":0,"Toy Ornithopter":5,"Runic Pyramid":10},{"Potion Belt":27,"OrangePellets":56,"Bottled Flame":69,"Ornamental Fan":18,"Bronze Scales":51,"Strawberry":65,"Damaru":65,"Bag of Marbles":11,"Bag of Preparation":56,"PureWater":0,"Toy Ornithopter":18,"Runic Pyramid":42}],"Toy Ornithopter":40},"card_choices":[{"not_picked":["Nirvana","Prostrate"],"picked":"LikeWater","floor":1.0},{"not_picked":["FollowUp","Halt"],"picked":"BowlingBash","floor":2.0},{"not_picked":["ReachHeaven","Meditate"],"picked":"TalkToTheHand","floor":3.0},{"not_picked":["WheelKick","CutThroughFate"],"picked":"SpiritShield","floor":6.0},{"not_picked":["Evaluate","Perseverance"],"picked":"EmptyFist","floor":8.0},{"not_picked":["EmptyFist","JustLucky"],"picked":"SandsOfTime","floor":10.0},{"not_picked":["WheelKick","Nirvana"],"picked":"Tantrum","floor":11.0},{"not_picked":["Halt","Prostrate"],"picked":"Protect","floor":13.0},{"not_picked":["Sanctity","Protect"],"picked":"TalkToTheHand","floor":14.0},{"not_picked":["Ragnarok","ConjureBlade"],"picked":"DevaForm","floor":16.0},{"not_picked":["Crescendo","FlyingSleeves+1"],"picked":"DeceiveReality+1","floor":18.0},{"not_picked":["Prostrate","ThirdEye"],"picked":"CutThroughFate","floor":19},{"not_picked":["SandsOfTime","Perseverance"],"picked":"FearNoEvil","floor":21},{"not_picked":["FearNoEvil","CutThroughFate"],"picked":"Indignation","floor":24},{"not_picked":["Pray+1","PathToVictory"],"picked":"WheelKick","floor":25},{"not_picked":["FlurryOfBlows","EmptyFist"],"picked":"CutThroughFate+1","floor":29},{"not_picked":["Meditate","FlyingSleeves"],"picked":"BattleHymn+1","floor":30}],"player_experience":1191169,"relics_obtained":[{"floor":6.0,"key":"Bag of Marbles"},{"floor":8.0,"key":"Ornamental Fan"},{"floor":9.0,"key":"Toy Ornithopter"},{"floor":13.0,"key":"Potion Belt"},{"floor":25,"key":"Damaru"},{"floor":26,"key":"Strawberry"},{"floor":29,"key":"Bottled Flame"}],"event_choices":[{"damage_healed":0.0,"max_hp_gain":0.0,"max_hp_loss":0.0,"gold_gain":0.0,"event_name":"Match and Keep!","player_choice":"1 cards matched","floor":5.0,"gold_loss":0.0,"damage_taken":0.0,"cards_obtained":["ThirdEye"]},{"damage_healed":0,"gold_gain":0,"player_choice":"Opened","damage_taken":0,"relics_obtained":["Bronze Scales"],"max_hp_gain":0,"max_hp_loss":0,"event_name":"The Mausoleum","floor":20,"gold_loss":0},{"damage_healed":0,"gold_gain":0,"player_choice":"Damaged","damage_taken":7,"max_hp_gain":0,"max_hp_loss":0,"event_name":"Wheel of Change","floor":28,"gold_loss":0},{"damage_healed":0,"gold_gain":0,"player_choice":"Ignored","damage_taken":0,"max_hp_gain":0,"max_hp_loss":0,"event_name":"NoteForYourself","floor":31,"gold_loss":0}],"is_beta":false,"boss_relics":[{"not_picked":["Sozu","Philosopher\u0027s Stone"],"picked":"Runic Pyramid"}],"items_purged_floors":[4],"is_endless":false,"potions_floor_spawned":[1,6,8,10,11,16,19,25,30],"killed_by":"Automaton","ascension_level":1}}