{"host":"oz4ht6ec7xzo36kd","time":1611661713,"event":{"mods":["Act Like it!","BaseMod","Friendly Minions","Marisa¡]Ãú«B¡@Å]²z¨F¡^","Minty Spire (QoL Compilation)","Remilia¡]Á¢¦Ì²ú?¡^","StSLib","The Servant 0.9.4","WarShipGirlsR/??¤Ö¤kR mod","Youmu¡]»î¾z§¯?¡^"],"gold_per_floor":[109,184,184,199,199,199,228,178,251,291,291,466,466,497,497,497,497],"floor_reached":16,"language":"ZHT","playtime":533,"items_purged":["Regret"],"score":170,"play_id":"7900b34c-4ef9-4c22-bd9b-9efd4d1d6e94","local_time":"20210126194833","is_ascension_mode":true,"campfire_choices":[{"floor":6,"key":"RECALL"},{"data":"OortCloud","floor":11,"key":"SMITH"},{"data":"BinaryStars","floor":13,"key":"SMITH"},{"data":"UpSweep","floor":15,"key":"SMITH"}],"circlet_count":0,"master_deck":["Strike_MRS","Strike_MRS","Strike_MRS","Strike_MRS","Defend_MRS","Defend_MRS","Defend_MRS","MasterSpark","UpSweep+1","WitchOfGreed","BinaryStars+1","OortCloud+1","Acceleration","LuminesStrike","Doubt","StarBarrage"],"relics":["MiniHakkero","NeowsBlessing","MagicBroom","Smiling Mask","Ancient Tea Set"],"acts_visited":["Exordium"],"potions_floor_usage":[16,16,16],"damage_taken":[{"damage":0,"enemies":"2 Louse","floor":1,"turns":1},{"damage":0,"enemies":"Small Slimes","floor":4,"turns":1},{"damage":0,"enemies":"Lagavulin","floor":7,"turns":1},{"damage":30,"enemies":"3 Sentries","floor":10,"turns":6},{"damage":12,"enemies":"Jaw Worm","floor":14,"turns":5},{"damage":16,"enemies":"Hexaghost","floor":16,"turns":7}],"seed_played":"-7479756327600783793","potions_obtained":[{"floor":10,"key":"Fire Potion"},{"floor":10,"key":"Strength Potion"},{"floor":14,"key":"SteroidPotion"},{"floor":14,"key":"Fire Potion"}],"is_trial":false,"path_per_floor":["M","?","?","M","?","R","E","$","T","E","R","?","R","M","R","B"],"character_chosen":"MARISA","items_purchased":[],"campfire_rested":0,"item_purchase_floors":[],"current_hp_per_floor":[68,57,57,57,57,57,57,57,57,27,27,27,27,15,15,0,0],"gold":497,"neow_bonus":"THREE_ENEMY_KILL","is_daily":false,"chose_seed":false,"campfire_upgraded":3,"win_rate":0.0,"timestamp":1611661713,"path_taken":["M","?","?","M","?","R","E","$","T","E","R","?","R","M","R","BOSS"],"items_purchased_type":[],"build_version":"2020-12-22","purchased_purges":1,"victory":false,"max_hp_per_floor":[75,75,75,75,75,75,75,75,75,75,75,75,75,75,75,75,75],"card_choices":[{"not_picked":["DC","GasGiant"],"picked":"WitchOfGreed","floor":1},{"not_picked":["SporeBomb","PowerUp"],"picked":"OortCloud","floor":4},{"not_picked":["UnstableBomb","JA"],"picked":"Acceleration","floor":7},{"not_picked":["Acceleration","MagicChant"],"picked":"LuminesStrike","floor":10},{"not_picked":["SuperPerseids","ChargingUp"],"picked":"StarBarrage","floor":14}],"player_experience":397055,"relics_obtained":[{"floor":7,"key":"Smiling Mask"},{"floor":10,"key":"Ancient Tea Set"}],"event_choices":[{"damage_healed":0,"gold_gain":75,"player_choice":"Gather Gold","damage_taken":11,"max_hp_gain":0,"max_hp_loss":0,"event_name":"World of Goop","floor":2,"gold_loss":0},{"damage_healed":0,"gold_gain":0,"cards_transformed":["Defend_MRS"],"player_choice":"Change","damage_taken":0,"max_hp_gain":0,"max_hp_loss":0,"event_name":"Living Wall","floor":3,"gold_loss":0,"cards_obtained":["BinaryStars"]},{"damage_healed":0,"gold_gain":0,"player_choice":"Box","damage_taken":0,"relics_obtained":["MagicBroom"],"max_hp_gain":0,"max_hp_loss":0,"event_name":"Big Fish","floor":5,"gold_loss":0,"cards_obtained":["Regret"]},{"damage_healed":0,"gold_gain":175,"player_choice":"AGREE","damage_taken":0,"max_hp_gain":0,"max_hp_loss":0,"event_name":"Liars Game","floor":12,"gold_loss":0,"cards_obtained":["Doubt"]}],"is_beta":false,"boss_relics":[],"items_purged_floors":[8],"is_endless":false,"potions_floor_spawned":[10,14],"killed_by":"Hexaghost","ascension_level":6}}