{"host":"sian7qp8a9pc9xwd","time":1611623314,"event":{"mods":["BaseMod","Minty Spire (QoL Compilation)","StSLib","SuperFastMode"],"gold_per_floor":[113,113,127,140,110,110,35,35,60,60,60,78,112,132,132,227,227,152,77,96,46,46,81,81,116,139,139,139,157,157,177,177,177,177],"floor_reached":33,"language":"ENG","playtime":1964,"items_purged":["Strike_G"],"score":630,"play_id":"d4414b32-d678-4f03-91fa-d7e6711b4aec","local_time":"20210125200834","is_ascension_mode":true,"campfire_choices":[{"data":"Corpse Explosion","floor":6,"key":"SMITH"},{"data":"Footwork","floor":8,"key":"SMITH"},{"data":"Neutralize","floor":11,"key":"SMITH"},{"data":"Leg Sweep","floor":15,"key":"SMITH"},{"floor":27,"key":"REST"},{"data":"Footwork","floor":32,"key":"SMITH"}],"circlet_count":0,"master_deck":["AscendersBane","Strike_G","Strike_G","Defend_G","Defend_G","Defend_G","Defend_G","Defend_G","Survivor","Neutralize+1","Corpse Explosion+1","Footwork+1","Deflect","Well Laid Plans","Leg Sweep+1","Dodge and Roll","Backflip","Footwork+1","Escape Plan","Ghostly","Ghostly","Ghostly","Ghostly","Ghostly","Necronomicurse"],"relics":["Ring of the Snake","Bloody Idol","Ancient Tea Set","Regal Pillow","Sozu","Darkstone Periapt","MutagenicStrength","WingedGreaves","Pen Nib","Necronomicon"],"acts_visited":["Exordium","TheCity"],"potions_floor_usage":[13,16,16,25],"damage_taken":[{"damage":2,"enemies":"Small Slimes","floor":1,"turns":3},{"damage":2,"enemies":"Jaw Worm","floor":3,"turns":6},{"damage":0,"enemies":"2 Louse","floor":4,"turns":5},{"damage":1,"enemies":"Looter","floor":5,"turns":4},{"damage":0,"enemies":"2 Fungi Beasts","floor":12,"turns":2},{"damage":15,"enemies":"3 Sentries","floor":13,"turns":3},{"damage":0,"enemies":"3 Louse","floor":14,"turns":1},{"damage":0,"enemies":"Hexaghost","floor":16,"turns":9},{"damage":3,"enemies":"2 Thieves","floor":18,"turns":5},{"damage":12,"enemies":"3 Byrds","floor":20,"turns":4},{"damage":15,"enemies":"Slavers","floor":23,"turns":6},{"damage":34,"enemies":"Gremlin Leader","floor":25,"turns":14},{"damage":3,"enemies":"3 Cultists","floor":29,"turns":5},{"damage":5,"enemies":"Centurion and Healer","floor":31,"turns":9},{"damage":2,"enemies":"Collector","floor":33,"turns":4}],"seed_played":"-3503501670461743510","potions_obtained":[{"floor":4,"key":"FearPotion"},{"floor":13,"key":"LiquidBronze"},{"floor":14,"key":"Poison Potion"},{"floor":16,"key":"Energy Potion"}],"is_trial":false,"path_per_floor":["M","?","M","M","M","R","$","R","T","?","R","M","E","M","R","B",null,"M","?","M","$","?","E","?","E","T","R","?","M","?","M","R","B"],"character_chosen":"THE_SILENT","items_purchased":["Backflip"],"campfire_rested":1,"item_purchase_floors":[21],"current_hp_per_floor":[57,41,39,39,38,38,38,38,38,43,43,43,28,28,28,28,60,57,57,45,45,45,35,35,6,11,47,35,35,25,25,25,23,23],"gold":177,"neow_bonus":"TRANSFORM_CARD","is_daily":false,"chose_seed":false,"campfire_upgraded":5,"win_rate":0.0,"timestamp":1611623314,"path_taken":["M","?","M","M","M","R","$","R","T","?","R","?","E","M","R","BOSS","M","?","M","$","?","E","?","E","T","R","?","M","?","M","R","BOSS"],"items_purchased_type":["Card"],"build_version":"2020-12-22","purchased_purges":1,"victory":false,"max_hp_per_floor":[66,66,66,66,66,66,66,66,66,71,71,71,71,71,71,71,71,71,71,71,71,71,71,71,71,71,71,35,35,41,41,41,41,41],"card_choices":[{"not_picked":["Cloak And Dagger","Slice"],"picked":"Footwork","floor":1},{"not_picked":["Outmaneuver","Endless Agony"],"picked":"Deflect","floor":3},{"not_picked":["Dagger Throw","Accuracy","Outmaneuver"],"picked":"SKIP","floor":4},{"not_picked":["Choke","Deflect","Outmaneuver"],"picked":"SKIP","floor":5},{"not_picked":["Venomology","Poisoned Stab"],"picked":"Well Laid Plans","floor":12},{"not_picked":["Acrobatics","Blade Dance","Poisoned Stab"],"picked":"SKIP","floor":13},{"not_picked":["Prepared","Expertise"],"picked":"Leg Sweep","floor":14},{"not_picked":["Blade Dance","Calculated Gamble","Skewer"],"picked":"SKIP","floor":18},{"not_picked":["Deflect","Quick Slash"],"picked":"Dodge and Roll","floor":20},{"not_picked":["Wraith Form v2","Deflect"],"picked":"Footwork","floor":23},{"not_picked":["Heel Hook+1","Prepared"],"picked":"Escape Plan","floor":25},{"not_picked":["Flying Knee","Poisoned Stab","Dodge and Roll"],"picked":"SKIP","floor":29},{"not_picked":["Poisoned Stab","Dagger Spray+1","Corpse Explosion"],"picked":"SKIP","floor":31}],"player_experience":789476,"relics_obtained":[{"floor":9,"key":"Ancient Tea Set"},{"floor":13,"key":"Regal Pillow"},{"floor":23,"key":"Darkstone Periapt"},{"floor":25,"key":"WingedGreaves"},{"floor":26,"key":"Pen Nib"},{"floor":30,"key":"Necronomicon"}],"event_choices":[{"damage_healed":0,"gold_gain":0,"player_choice":"Take Damage","damage_taken":16,"relics_obtained":["Golden Idol"],"max_hp_gain":0,"max_hp_loss":0,"event_name":"Golden Idol","floor":2,"gold_loss":0},{"damage_healed":0,"gold_gain":0,"player_choice":"Donut","damage_taken":0,"max_hp_gain":5,"max_hp_loss":0,"event_name":"Big Fish","floor":10,"gold_loss":0},{"cards_removed":["Strike_G"],"damage_healed":0,"gold_gain":0,"player_choice":"Gave Gold","damage_taken":0,"max_hp_gain":0,"max_hp_loss":0,"event_name":"Beggar","floor":19,"gold_loss":75},{"damage_healed":0,"gold_gain":0,"player_choice":"Gave Idol","damage_taken":0,"relics_obtained":["Bloody Idol"],"max_hp_gain":0,"max_hp_loss":0,"event_name":"Forgotten Altar","floor":22,"relics_lost":["Golden Idol"],"gold_loss":0},{"damage_healed":0,"gold_gain":0,"player_choice":"Inject Mutagens","damage_taken":0,"relics_obtained":["MutagenicStrength"],"max_hp_gain":0,"max_hp_loss":0,"event_name":"Drug Dealer","floor":24,"gold_loss":0},{"damage_healed":0,"gold_gain":0,"player_choice":"Became a Ghost","damage_taken":0,"max_hp_gain":0,"max_hp_loss":36,"event_name":"Ghosts","floor":28,"gold_loss":0,"cards_obtained":["Ghostly","Ghostly","Ghostly","Ghostly","Ghostly"]},{"damage_healed":0,"gold_gain":0,"player_choice":"Obtained Book","damage_taken":16,"max_hp_gain":0,"max_hp_loss":0,"event_name":"Cursed Tome","floor":30,"gold_loss":0}],"is_beta":false,"boss_relics":[{"not_picked":["Fusion Hammer","Snecko Eye"],"picked":"Sozu"}],"items_purged_floors":[7],"is_endless":false,"potions_floor_spawned":[4,13,14,16,20,23,25,31],"killed_by":"Collector","ascension_level":14}}