{"host":"0rdbtfh27r6ur4pq","time":1611692252,"event":{"mods":["BaseMod","Colored Map","Colored Powertips","Downfall","Hubris","Minty Spire (QoL Compilation)","Quick Restart","Replay The Spire","StSLib","SuperFastMode"],"gold_per_floor":[99,113,127,142,142,156,156,56,81,96,96,106,120,153,171,171,171,171],"floor_reached":16,"language":"ENG","playtime":1437,"items_purged":[],"score":141,"play_id":"412b016f-39bf-43d0-a1c8-740bd97e373f","local_time":"20210126141732","is_ascension_mode":false,"campfire_choices":[{"floor":1,"key":"RECALL"},{"data":"Guardian:SentryBeam","floor":8,"key":"SMITH"},{"data":"Guardian:TwinSlam","floor":11,"key":"SMITH"}],"circlet_count":0,"master_deck":["Guardian:Strike_Guardian","Guardian:Strike_Guardian","Guardian:Strike_Guardian","Guardian:Strike_Guardian","Guardian:Defend_Guardian","Guardian:Defend_Guardian","Guardian:Defend_Guardian","Guardian:Defend_Guardian","Guardian:CurlUp","Guardian:TwinSlam+1","Guardian:PrimingBeam","Guardian:SentryBeam+1","Guardian:RevengeProtocol","Guardian:ShieldCharger","Guardian:TemporalStrike","Guardian:VentSteam","Guardian:Gem_Crimson","Guardian:Gem_Fragmented"],"relics":["Guardian:ModeShifter","downfall:BrokenWingStatue","downfall:HeartBlessingBlue","hubris:SlimyHat","ReplayTheSpireMod:Ninjato"],"acts_visited":["Exordium"],"potions_floor_usage":[14,16,16],"damage_taken":[{"damage":11,"enemies":"Jaw Worm","floor":2,"turns":4},{"damage":4,"enemies":"2 Louse","floor":3,"turns":4},{"damage":5,"enemies":"Small Slimes","floor":4,"turns":3},{"damage":10,"enemies":"2 Fungi Beasts","floor":6,"turns":4},{"damage":4,"enemies":"Replay:BlueRogue","floor":9,"turns":8},{"damage":9,"enemies":"Exordium Wildlife","floor":10,"turns":5},{"damage":3,"enemies":"Lots of Slimes","floor":12,"turns":5},{"damage":16,"enemies":"Exordium Wildlife","floor":13,"turns":4},{"damage":13,"enemies":"3 Sentries","floor":14,"turns":6},{"damage":8,"enemies":"Red Slaver","floor":15,"turns":4},{"damage":19,"enemies":"DF_ARCHETYPE_STREAMLINE","floor":16,"turns":10}],"seed_played":"1202669328715018697","potions_obtained":[{"floor":4,"key":"sneckomod:MuddlingPotion"},{"floor":6,"key":"BlessingOfTheForge"},{"floor":9,"key":"hexamod:SoulburnPotion"},{"floor":14,"key":"LifebloodPotion"}],"is_trial":false,"path_per_floor":["R","M","M","M","?","M","T","R","E","M","R","M","M","E","M","B"],"character_chosen":"GUARDIAN","items_purchased":[],"campfire_rested":0,"item_purchase_floors":[],"current_hp_per_floor":[88,77,73,68,68,58,58,68,64,55,55,52,36,23,15,0,0,0],"gold":171,"neow_bonus":"TEN_PERCENT_HP_BONUS","is_daily":false,"chose_seed":false,"campfire_upgraded":2,"win_rate":0.0,"timestamp":1611692252,"path_taken":["R","M","M","M","?","M","T","R","E","M","R","M","M","E","M","BOSS"],"items_purchased_type":[],"build_version":"2020-12-22","purchased_purges":0,"victory":false,"max_hp_per_floor":[88,88,88,88,88,88,88,98,98,98,98,98,98,98,98,98,98,98],"card_choices":[{"not_picked":["Guardian:Recover","Guardian:Reroute"],"picked":"Guardian:PrimingBeam","floor":2},{"not_picked":["Guardian:Clone","Guardian:Gem_Red"],"picked":"Guardian:SentryBeam","floor":3},{"not_picked":["Guardian:RollAttack","Guardian:PrimingBeam"],"picked":"Guardian:RevengeProtocol","floor":4},{"not_picked":["Guardian:Clone","Guardian:VentSteam"],"picked":"Guardian:Gem_Lightblue","floor":6},{"not_picked":["Guardian:ArmoredProtocol","Guardian:TemporalStrike"],"picked":"Guardian:Gem_Purple","floor":9},{"not_picked":["Guardian:Incinerate","Guardian:Gem_Cyan"],"picked":"Guardian:ShieldCharger","floor":10},{"not_picked":["Guardian:Gem_Fragmented","Guardian:Gem_Green"],"picked":"Guardian:TemporalStrike","floor":12},{"not_picked":["Guardian:Gem_Purple","Guardian:ShieldSpikes"],"picked":"Guardian:VentSteam","floor":13},{"not_picked":["Guardian:MultiBeam","Guardian:RefractedBeam"],"picked":"Guardian:Gem_Crimson","floor":14},{"not_picked":["Guardian:ShieldCharger","Guardian:Gem_Purple"],"picked":"Guardian:Gem_Fragmented","floor":15}],"player_experience":87970,"relics_obtained":[{"floor":9,"key":"hubris:SlimyHat"},{"floor":14,"key":"ReplayTheSpireMod:Ninjato"}],"event_choices":[],"is_beta":false,"boss_relics":[],"items_purged_floors":[],"is_endless":false,"potions_floor_spawned":[4,6,9,14],"killed_by":"DF_ARCHETYPE_STREAMLINE","ascension_level":0}}