{"host":"a5lz0e76zb3fcwkm","time":1611671647,"event":{"mods":["AchievementEnabler","BaseMod","Colored Map","Colored Powertips","Minty Spire (QoL Compilation)","StSLib","SuperFastMode"],"gold_per_floor":[116,116,38,53,53,86,86,101,101,119,136,146,156,156,156,231,231,251,135,185,5,25,25,37,37,37],"floor_reached":25,"language":"KOR","playtime":499,"items_purged":["Strike_G","Strike_G"],"score":460,"play_id":"c8b1689f-1266-4fdc-8ef5-166cb788d32f","local_time":"20210126233407","is_ascension_mode":true,"campfire_choices":[{"data":"Dagger Spray","floor":7,"key":"SMITH"},{"data":"Noxious Fumes","floor":15,"key":"SMITH"},{"data":"Catalyst","floor":23,"key":"SMITH"}],"circlet_count":0,"master_deck":["AscendersBane","Strike_G","Strike_G","Strike_G","Defend_G","Defend_G","Defend_G","Defend_G","Defend_G","Survivor","Neutralize","Dagger Spray+1","PiercingWail","Wraith Form v2","Bouncing Flask","Noxious Fumes+1","Adrenaline","Catalyst+1","Well Laid Plans"],"relics":["Ring of the Snake","NeowsBlessing","Eternal Feather","Singing Bowl","CultistMask","Happy Flower","HornCleat","SlaversCollar"],"acts_visited":["Exordium","TheCity"],"potions_floor_usage":[10,16,16],"damage_taken":[{"damage":0,"enemies":"2 Louse","floor":1,"turns":1},{"damage":0,"enemies":"Cultist","floor":4,"turns":1},{"damage":0,"enemies":"Gremlin Nob","floor":6,"turns":1},{"damage":4,"enemies":"Jaw Worm","floor":8,"turns":6},{"damage":15,"enemies":"Exordium Thugs","floor":10,"turns":4},{"damage":12,"enemies":"Red Slaver","floor":11,"turns":4},{"damage":0,"enemies":"2 Fungi Beasts","floor":12,"turns":4},{"damage":13,"enemies":"Large Slime","floor":13,"turns":8},{"damage":7,"enemies":"Hexaghost","floor":16,"turns":9},{"damage":16,"enemies":"Shell Parasite","floor":18,"turns":6},{"damage":26,"enemies":"3 Byrds","floor":22,"turns":6},{"damage":5,"enemies":"Centurion and Healer","floor":24,"turns":6},{"damage":4,"enemies":"Slavers","floor":25,"turns":2}],"seed_played":"-4791845128837422449","potions_obtained":[{"floor":4,"key":"Ancient Potion"},{"floor":8,"key":"SkillPotion"},{"floor":12,"key":"Swift Potion"},{"floor":16,"key":"Strength Potion"},{"floor":18,"key":"LiquidMemories"}],"is_trial":false,"path_per_floor":["M","?","?","M","?","E","R","M","T","M","M","M","M","T","R","B",null,"M","$","?","$","M","R","M","E"],"character_chosen":"THE_SILENT","items_purchased":["Catalyst","Well Laid Plans"],"campfire_rested":0,"item_purchase_floors":[19,21],"current_hp_per_floor":[59,33,33,33,33,35,44,40,40,27,15,17,4,4,13,6,56,42,42,42,42,18,27,24,20,20],"gold":37,"neow_bonus":"THREE_ENEMY_KILL","is_daily":false,"chose_seed":false,"campfire_upgraded":3,"win_rate":0.0,"timestamp":1611671647,"path_taken":["M","?","?","?","?","E","R","M","T","M","M","M","?","?","R","BOSS","M","$","?","?","M","R","M","E"],"items_purchased_type":["Card","Card"],"build_version":"2020-12-22","purchased_purges":2,"victory":false,"max_hp_per_floor":[66,66,66,66,66,68,68,68,68,70,70,72,72,72,72,72,72,74,74,74,74,76,76,78,78,78],"card_choices":[{"not_picked":["Bane","Outmaneuver"],"picked":"Dagger Spray","floor":1},{"not_picked":["Dodge and Roll","Escape Plan"],"picked":"PiercingWail","floor":4},{"not_picked":["Dagger Spray","Backflip","Infinite Blades"],"picked":"Singing Bowl","floor":6},{"not_picked":["Distraction","Prepared"],"picked":"Wraith Form v2","floor":8},{"not_picked":["Sucker Punch","Riddle With Holes","Setup"],"picked":"Singing Bowl","floor":10},{"not_picked":["Cloak And Dagger","Calculated Gamble"],"picked":"Bouncing Flask","floor":11},{"not_picked":["Cloak And Dagger","Dagger Throw","Dash"],"picked":"Singing Bowl","floor":12},{"not_picked":["Riddle With Holes","Infinite Blades"],"picked":"Noxious Fumes","floor":13},{"not_picked":["Night Terror","A Thousand Cuts"],"picked":"Adrenaline","floor":16},{"not_picked":["Terror+1","Accuracy","Setup"],"picked":"Singing Bowl","floor":18},{"not_picked":["Accuracy","Caltrops","Blade Dance"],"picked":"Singing Bowl","floor":22},{"not_picked":["Quick Slash","Bane","Setup"],"picked":"Singing Bowl","floor":24}],"player_experience":1810533,"relics_obtained":[{"floor":6,"key":"Happy Flower"},{"floor":14,"key":"HornCleat"}],"event_choices":[{"damage_healed":0,"gold_gain":0,"player_choice":"Success","damage_taken":26,"relics_obtained":["Eternal Feather"],"max_hp_gain":0,"max_hp_loss":0,"event_name":"Scrap Ooze","floor":2,"gold_loss":0},{"damage_healed":0,"gold_gain":0,"player_choice":"Paid Gold","damage_taken":0,"relics_obtained":["Singing Bowl"],"max_hp_gain":0,"max_hp_loss":0,"event_name":"WeMeetAgain","floor":3,"gold_loss":78},{"damage_healed":0,"gold_gain":0,"player_choice":"Trade","damage_taken":0,"relics_obtained":["CultistMask"],"max_hp_gain":0,"max_hp_loss":0,"event_name":"FaceTrader","floor":5,"gold_loss":0},{"damage_healed":0,"gold_gain":50,"player_choice":"Stole From Cult","damage_taken":0,"max_hp_gain":0,"max_hp_loss":0,"event_name":"Nest","floor":20,"gold_loss":0}],"is_beta":false,"boss_relics":[{"not_picked":["Ring of the Serpent","Velvet Choker"],"picked":"SlaversCollar"}],"items_purged_floors":[19,21],"is_endless":false,"potions_floor_spawned":[4,8,12,16,18],"killed_by":"Slavers","ascension_level":20}}