{"host":"npaoev7ccr7c867s","time":1611648076,"event":{"mods":["AchievementEnabler","Act Like it!","Arknights The Spire","Aspiration","Bard","BaseMod","Beaked The Cultist","Better Altar","Better Match","Better Note","Better Sensory Stone","Better Skull","Better Third Choice","BetterRewards","CCEM2","Clawfect","Colored Map","Conspire","Downfall","GifTheSpireLib","Googly Eyes","Halation","Hallownest","Hermit","Highlight Path","Hubris","Hunter ??","Infinite Spire","Jedi Mod","Jorbs\u0027s Wanderer Trilogy","Mad Scientist","Marisa????????","Mimic Mod","Minty Spire (QoL Compilation)","Permanent Neow","Replay The Spire","SIMod","SOS???????","Shade Mod","Shop Mod","Spicy Shops","StSLib","Stuff the Spire","The Administrix","The Animator","The Blackbeard","The Bug Knight","The Construct","The Cursed","The Disciple","The Gatherer","The Hierophant","The IronCluck","The Jungle","The Mystic","The Necromancer","The Problem Sleuth","The Runesmith","The Servant 0.9.4","The Spell Scribe","The Wild Card","The Witch","TheSurvivalist","TheVacant","Unceasing Turn Reminder","Warlord Emblem","[IsaacMod]????","everything is the same but u backflip on backflip","slay the spire mod where everything is the same but ironclad has a cowboy hat"],"gold_per_floor":[115,115,11,22,52,13,28,56,56,56,71,71,91,111,111,207,207,207,207],"floor_reached":18,"language":"ENG","playtime":1971,"items_purged":[],"score":237,"play_id":"cbb40384-0e4c-4cf2-9bd1-2a883da00e9c","local_time":"20210126000116","is_ascension_mode":false,"campfire_choices":[{"data":"DoctorFetus","floor":10,"key":"SMITH"},{"data":"beaked:TuckingFeathers","floor":15,"key":"SMITH"}],"circlet_count":0,"master_deck":["beaked:Strike_Y","beaked:Strike_Y","beaked:Strike_Y","beaked:Strike_Y","beaked:Strike_Y","beaked:Defend_Y","beaked:Defend_Y","beaked:Defend_Y","beaked:Defend_Y","beaked:Ceremony","beaked:Ceremony","beaked:Ceremony","DoctorFetus+1","beaked:FullHouse","beaked:Tweet","StuffTheSpire:Innocence","beaked:Evade","beaked:WarriorEssence","beaked:Tweet","beaked:Windmill","beaked:Molting","beaked:VigorBurst","beaked:TuckingFeathers+1","beaked:SacrificialDive","beaked:Redirect+1","beaked:BraceForImpact","beaked:Windmill","beaked:ScreechingChant","beaked:BloodForTheGods","beaked:ShadowFade","beaked:FakeOut","beaked:WildInstinct","beaked:CrazyRituals","Bomb","Mayhem"],"relics":["beaked:MendingPlumage","HushsDoor","KeepersGift","jedi:cryingmask","CCEMRelics:SelfSharpeningBlade","CCEMRelics:Sandal","Busted Crown","Damocles","DeathBook","BelialBook"],"acts_visited":["Exordium","TheCity"],"potions_floor_usage":[],"damage_taken":[{"damage":9,"enemies":"conspire:RoseBush","floor":1,"turns":5},{"damage":6,"enemies":"Jaw Worm","floor":4,"turns":4},{"damage":9,"enemies":"conspire:MimicChest","floor":5,"turns":6},{"damage":8,"enemies":"Small Slimes","floor":7,"turns":4},{"damage":26,"enemies":"3 Sentries","floor":8,"turns":6},{"damage":13,"enemies":"Looter","floor":11,"turns":3},{"damage":0,"enemies":"Large Slime","floor":13,"turns":4},{"damage":17,"enemies":"2 Fungi Beasts","floor":14,"turns":3},{"damage":17,"enemies":"Slime Boss","floor":16,"turns":7},{"damage":1,"enemies":"conspire:FuzzyDice","floor":18,"turns":1}],"seed_played":"-6293397687642276317","potions_obtained":[{"floor":4,"key":"Flashbang"},{"floor":7,"key":"LifebloodPotion"},{"floor":14,"key":"Venom Potion"}],"is_trial":false,"path_per_floor":["M","?","$","M","?","$","M","E","T","R","M","?","M","M","R","B",null,"M"],"character_chosen":"BEAKED_THE_CULTIST","items_purchased":["beaked:Evade","beaked:WarriorEssence","beaked:Molting","beaked:BloodForTheGods","beaked:ShadowFade","beaked:FakeOut","beaked:WildInstinct","beaked:CrazyRituals","Bomb","Mayhem","Damocles","DeathBook","BelialBook"],"campfire_rested":0,"item_purchase_floors":[3,3,6,17,17,17,17,17,17,17,17,17,17],"current_hp_per_floor":[46,39,39,44,50,50,50,46,46,46,47,47,55,45,45,55,1,0,0],"gold":207,"neow_bonus":"ONE_RANDOM_RARE_CARD","is_daily":false,"chose_seed":false,"campfire_upgraded":2,"win_rate":0.0,"timestamp":1611648076,"path_taken":["M","?","?","M","?","$","M","E","T","R","M","?","?","M","R","BOSS","M"],"items_purchased_type":["Card","Card","Card","Card","Card","Card","Card","Card","Card","Card","Relic","Relic","Relic"],"build_version":"2020-12-22","purchased_purges":0,"victory":false,"max_hp_per_floor":[50,50,50,50,50,50,55,55,55,55,55,55,55,55,55,55,1,1,1],"card_choices":[{"not_picked":[],"picked":"DoctorFetus","floor":0},{"not_picked":["beaked:RitualOfBody","beaked:RuinSticks"],"picked":"beaked:Tweet","floor":1},{"not_picked":["beaked:CheekyTricks","beaked:Flinch"],"picked":"beaked:Tweet","floor":4},{"not_picked":["beaked:StickSmack","beaked:Evade"],"picked":"beaked:Windmill","floor":5},{"not_picked":["beaked:BloodForTheGods","beaked:SacrificialAttack"],"picked":"beaked:VigorBurst","floor":7},{"not_picked":["beaked:Sacrifice","beaked:Poke"],"picked":"beaked:TuckingFeathers","floor":8},{"not_picked":["beaked:Tweet","beaked:Tradeoff"],"picked":"beaked:SacrificialDive","floor":11},{"not_picked":["Bomb","beaked:Tweet"],"picked":"beaked:BraceForImpact","floor":13},{"not_picked":["Bomb","beaked:DigDeeper"],"picked":"beaked:Windmill","floor":14},{"not_picked":["beaked:DarkTribute","beaked:VolatileMisfortune"],"picked":"beaked:ScreechingChant","floor":16}],"player_experience":174453,"relics_obtained":[{"floor":5,"key":"jedi:cryingmask"},{"floor":8,"key":"CCEMRelics:SelfSharpeningBlade"},{"floor":9,"key":"CCEMRelics:Sandal"}],"event_choices":[],"is_beta":false,"boss_relics":[{"not_picked":["hubris:BlackHole","ReplayTheSpireMod:DimensionalGlitch"],"picked":"Busted Crown"},{"not_picked":[]}],"items_purged_floors":[],"is_endless":false,"potions_floor_spawned":[4,7,14],"killed_by":"conspire:FuzzyDice","ascension_level":0}}