{"host":"4jkyggjfmxcpengt","time":1611637913,"event":{"mods":["AchievementEnabler","BaseMod","Better Note","Block Reminder","Colored Powertips","Fiend Mod","Hermit","Minty Spire (QoL Compilation)","Quick Restart","Replay The Spire","SacredBarkPlus","StSLib","The Animator","Transform Curses","Unceasing Turn Reminder"],"gold_per_floor":[118,133,147,72,85,85,113,113,113,113,188,188,188,90,90,195,195,215,234,116,31,42,72,72,85,85,85,115,127,137,137,137,234,234,253,253,266,284,297,297,312,330,409,409,427,427,443,49,49,49],"floor_reached":51,"language":"SPA","playtime":2808,"items_purged":["Defend_B","Defend_B","Defend_B"],"score":799,"play_id":"fe188b2f-73f4-4e88-a30a-bdeceea71d35","local_time":"20210126061153","is_ascension_mode":true,"campfire_choices":[{"data":"Sunder","floor":6,"key":"SMITH"},{"floor":8,"key":"REST"},{"data":"Streamline","floor":10,"key":"SMITH"},{"floor":12,"key":"REST"},{"data":"Glacier","floor":15,"key":"SMITH"},{"floor":24,"key":"REST"},{"floor":27,"key":"REST"},{"floor":32,"key":"REST"},{"floor":40,"key":"REST"},{"floor":46,"key":"REST"},{"floor":49,"key":"REST"}],"circlet_count":0,"master_deck":["AscendersBane","Zap","Dualcast","Biased Cognition","Core Surge","Sunder+1","Glacier+1","Streamline+1","Steam","Conserve Battery","Core Surge","Turbo","FTL","Time Bomb+1","Barrage","Buffer","ReplayTheSpireMod:Calculation Training","Seek","Steam Power+1","Storm","FIFO Queue","Glacier","Turbo+1","ReplayTheSpireMod:Calculation Training","Go for the Eyes","Loop","ReplayTheSpireMod:Brewmster"],"relics":["Cracked Core","Smiling Mask","Gremlin Horn","Black Star","Replay:Bottled Flurry","StoneCalendar","Strawberry","Lizard Tail","Oddly Smooth Stone","Garlic","Runic Pyramid","Replay:Accelerometer","DataDisk"],"acts_visited":["Exordium","TheCity","TheBeyond"],"potions_floor_usage":[23,23,28,33,33,38,47,50],"damage_taken":[{"damage":7,"enemies":"Jaw Worm","floor":1,"turns":3},{"damage":0,"enemies":"Small Slimes","floor":2,"turns":3},{"damage":0,"enemies":"2 Louse","floor":3,"turns":2},{"damage":17,"enemies":"Gremlin Gang","floor":5,"turns":3},{"damage":16,"enemies":"3 Sentries","floor":7,"turns":7},{"damage":17,"enemies":"The Guardian","floor":16,"turns":11},{"damage":1,"enemies":"Spheric Guardian","floor":18,"turns":4},{"damage":7,"enemies":"Shell Parasite","floor":19,"turns":6},{"damage":16,"enemies":"Snake Plant","floor":22,"turns":5},{"damage":20,"enemies":"Book of Stabbing","floor":23,"turns":5},{"damage":1,"enemies":"Snecko","floor":25,"turns":4},{"damage":6,"enemies":"Replay:Snechameleon","floor":28,"turns":7},{"damage":9,"enemies":"Centurion and Healer","floor":29,"turns":6},{"damage":10,"enemies":"3 Cultists","floor":30,"turns":6},{"damage":62,"enemies":"Collector","floor":33,"turns":9},{"damage":0,"enemies":"Orb Walker","floor":35,"turns":4},{"damage":0,"enemies":"3 Shapes","floor":37,"turns":4},{"damage":46,"enemies":"Transient","floor":38,"turns":5},{"damage":0,"enemies":"4 Shapes","floor":39,"turns":6},{"damage":0,"enemies":"Jaw Worm Horde","floor":41,"turns":4},{"damage":0,"enemies":"Maw","floor":42,"turns":7},{"damage":6,"enemies":"Sphere and 2 Shapes","floor":45,"turns":6},{"damage":9,"enemies":"Transient","floor":47,"turns":5},{"damage":5,"enemies":"Replay:Hell Engine","floor":50,"turns":13}],"seed_played":"6584727951320202460","potions_obtained":[{"floor":3,"key":"ColorlessPotion"},{"floor":5,"key":"Dexterity Potion"},{"floor":16,"key":"LiquidBronze"},{"floor":18,"key":"AttackPotion"},{"floor":25,"key":"FocusPotion"},{"floor":28,"key":"Elixir"},{"floor":30,"key":"Languid Potion"},{"floor":37,"key":"FearPotion"},{"floor":39,"key":"Ancient Potion"},{"floor":41,"key":"AttackPotion"},{"floor":47,"key":"LiquidMemories"}],"is_trial":false,"path_per_floor":["M","M","M","$","M","R","E","R","T","R","?","R","?","$","R","B",null,"M","M","$","?","M","E","R","M","T","R","E","M","M","?","R","B",null,"M","?","M","M","M","R","M","M","T","?","M","R","M","$","R","B",null],"character_chosen":"DEFECT","items_purchased":["Conserve Battery","FTL","DataDisk","Loop","ReplayTheSpireMod:Brewmster"],"campfire_rested":8,"item_purchase_floors":[14,20,48,48,48],"current_hp_per_floor":[61,61,61,61,44,44,28,48,48,48,37,57,57,57,57,40,61,60,53,53,53,37,24,46,45,45,67,61,52,42,42,64,2,57,57,57,57,11,11,33,33,33,33,33,27,49,40,40,62,57],"gold":49,"neow_bonus":"TRANSFORM_TWO_CARDS","is_daily":false,"chose_seed":false,"campfire_upgraded":3,"win_rate":0.0,"timestamp":1611637913,"path_taken":["M","M","M","$","M","R","E","R","T","R","?","R","?","?","R","BOSS","M","M","$","?","M","E","R","M","T","R","E","M","M","?","R","BOSS","M","?","M","M","M","R","M","?","T","?","M","R","M","$","R","BOSS"],"items_purchased_type":["Card","Card","Relic","Card","Card"],"build_version":"2020-12-22","purchased_purges":3,"victory":true,"max_hp_per_floor":[68,68,68,68,68,68,68,68,68,68,68,68,68,68,68,68,68,68,68,68,68,68,75,75,75,75,75,75,75,75,75,75,75,75,75,75,75,75,75,75,75,75,75,75,75,75,75,75,75,75],"card_choices":[{"not_picked":["Stack","Barrage"],"picked":"Sunder","floor":1},{"not_picked":["Redo","Stack"],"picked":"Glacier","floor":2},{"not_picked":["BasicCrystalCard","Redo"],"picked":"Streamline","floor":3},{"not_picked":["ReplayTheSpireMod:System Scan","Storm","Reprogram"],"picked":"SKIP","floor":5},{"not_picked":["Stack","Redo"],"picked":"Steam","floor":7},{"not_picked":["Multi-Cast","Meteor Strike"],"picked":"Core Surge","floor":16},{"not_picked":["Redo+1","Static Discharge","BasicCrystalCard"],"picked":"SKIP","floor":18},{"not_picked":["Barrage","ReplayTheSpireMod:Repulse"],"picked":"Turbo","floor":19},{"not_picked":["Mirror Shield","Conserve Battery"],"picked":"Time Bomb+1","floor":22},{"not_picked":["ReplayTheSpireMod:Reroute Power","Steam Power"],"picked":"Barrage","floor":23},{"not_picked":["Leap","Stack","BasicCrystalCard+1"],"picked":"SKIP","floor":25},{"not_picked":["Sweeping Beam","Darkness"],"picked":"Buffer","floor":28},{"not_picked":["Rebound+1","Ball Lightning","Hologram"],"picked":"SKIP","floor":29},{"not_picked":["Redo","Conserve Battery"],"picked":"ReplayTheSpireMod:Calculation Training","floor":30},{"not_picked":["Core Surge","Machine Learning"],"picked":"Seek","floor":33},{"not_picked":["Rip and Tear","Genetic Algorithm"],"picked":"Steam Power+1","floor":35},{"not_picked":["Skim+1","Static Discharge"],"picked":"FIFO Queue","floor":37},{"not_picked":["Hologram","Sweeping Beam"],"picked":"Glacier","floor":38},{"not_picked":["Steam+1","Redo"],"picked":"Turbo+1","floor":39},{"not_picked":["Panic Button+1","Leap+1","Capacitor"],"picked":"SKIP","floor":41},{"not_picked":["Sunder+1","Steam Power+1"],"picked":"ReplayTheSpireMod:Calculation Training","floor":42},{"not_picked":["Hologram+1","Rip and Tear+1","Compile Driver"],"picked":"SKIP","floor":45},{"not_picked":["Sweeping Beam","BasicCrystalCard+1"],"picked":"Go for the Eyes","floor":47}],"player_experience":1015224,"relics_obtained":[{"floor":7,"key":"Smiling Mask"},{"floor":9,"key":"Gremlin Horn"},{"floor":23,"key":"StoneCalendar"},{"floor":23,"key":"Strawberry"},{"floor":26,"key":"Lizard Tail"},{"floor":28,"key":"Oddly Smooth Stone"},{"floor":28,"key":"Garlic"},{"floor":43,"key":"Replay:Accelerometer"}],"event_choices":[{"damage_healed":0,"gold_gain":75,"player_choice":"Gather Gold","damage_taken":11,"max_hp_gain":0,"max_hp_loss":0,"event_name":"World of Goop","floor":11,"gold_loss":0},{"damage_healed":0,"gold_gain":0,"player_choice":"Obtained Relic","damage_taken":0,"relics_obtained":["Replay:Bottled Flurry"],"max_hp_gain":0,"max_hp_loss":0,"event_name":"Addict","floor":21,"gold_loss":85},{"cards_removed":["Defend_B"],"damage_healed":0,"gold_gain":0,"player_choice":"Elegance","damage_taken":0,"max_hp_gain":0,"max_hp_loss":0,"event_name":"Back to Basics","floor":31,"gold_loss":0},{"damage_healed":0,"gold_gain":0,"cards_transformed":["Strike_B"],"player_choice":"Transformed","damage_taken":0,"max_hp_gain":0,"max_hp_loss":0,"event_name":"Transmorgrifier","floor":36,"gold_loss":0,"cards_obtained":["Storm"]},{"damage_healed":0,"gold_gain":0,"player_choice":"Ignored","damage_taken":0,"max_hp_gain":0,"max_hp_loss":0,"event_name":"Tomb of Lord Red Mask","floor":44,"gold_loss":0}],"is_beta":false,"boss_relics":[{"not_picked":["Abe\u0027s Treasure","Snecko Eye"],"picked":"Black Star"},{"not_picked":["Sozu","Cursed Key"],"picked":"Runic Pyramid"}],"items_purged_floors":[4,14,20],"is_endless":false,"potions_floor_spawned":[3,5,16,18,25,28,30,37,39,41,47],"ascension_level":10}}