{"host":"n605f8gctjc87d7h","time":1611695713,"event":{"mods":["Aspiration","Bard","BaseMod","Better Match","Better Note","Better Skull","Better Third Choice","Conspire","Halation","Hermit","Infinite Spire","Minty Spire (QoL Compilation)","Replay The Spire","Retaliation","Shade Mod","Spicy Shops","StS++","StSLib","The IronCluck"],"gold_per_floor":[116,99,117,117,31,31,51,51,51,51,80,80,80,91,91,91,91],"floor_reached":16,"language":"ENG","playtime":748,"items_purged":[],"score":165,"play_id":"f9c4cc0c-541a-46f3-a4b1-a32c4eace5d7","local_time":"20210126131513","is_ascension_mode":true,"campfire_choices":[{"floor":6,"key":"REST"},{"data":"Zap","floor":8,"key":"SMITH"},{"data":"FIFO Queue","floor":10,"key":"SMITH"},{"floor":12,"key":"REST"},{"floor":15,"key":"REST"}],"circlet_count":0,"master_deck":["AscendersBane","Strike_B","Strike_B","Strike_B","Strike_B","Defend_B","Defend_B","Defend_B","Zap+1","Dualcast","White Noise","FIFO Queue+1","Force Field+1","White Noise","Beam Cell","infinitespire:Fortify"],"relics":["Cracked Core","aspiration:EnhancedActuators","ReplayTheSpireMod:CursedCoin","Bottled Flame","conspire:TopHat"],"acts_visited":["Exordium"],"potions_floor_usage":[11,16],"damage_taken":[{"damage":0,"enemies":"conspire:RoseBush","floor":1,"turns":3},{"damage":6,"enemies":"Cultist","floor":3,"turns":4},{"damage":12,"enemies":"2 Louse","floor":5,"turns":3},{"damage":12,"enemies":"Looter","floor":7,"turns":3},{"damage":27,"enemies":"Replay:BlueRogue","floor":11,"turns":5},{"damage":25,"enemies":"Lots of Slimes","floor":14,"turns":4},{"damage":50,"enemies":"Fading Forest","floor":16,"turns":8}],"seed_played":"1757251543947495764","potions_obtained":[{"floor":3,"key":"Dexterity Potion"},{"floor":7,"key":"GamblersBrew"},{"floor":14,"key":"FearPotion"}],"is_trial":false,"path_per_floor":["M","$","M","?","M","R","M","R","T","R","E","R","?","M","R","B"],"character_chosen":"DEFECT","items_purchased":["ReplayTheSpireMod:CursedCoin","FIFO Queue","Force Field+1"],"campfire_rested":3,"item_purchase_floors":[2,2,2],"current_hp_per_floor":[68,68,62,62,50,72,60,60,60,60,33,55,36,11,33,0,0],"gold":91,"neow_bonus":"RANDOM_COMMON_RELIC","is_daily":false,"chose_seed":false,"campfire_upgraded":2,"win_rate":0.0,"timestamp":1611695713,"path_taken":["M","$","M","?","?","R","M","R","T","R","E","R","?","M","R","BOSS"],"items_purchased_type":["Relic","Card","Card"],"build_version":"2020-12-22","purchased_purges":0,"victory":false,"max_hp_per_floor":[75,75,75,75,75,75,75,75,75,75,75,75,75,75,75,75,75],"card_choices":[{"not_picked":["Ball Lightning","ReplayTheSpireMod:GoodbyeWorld"],"picked":"White Noise","floor":1},{"not_picked":["Redo","StSpp:Igniter"],"picked":"White Noise","floor":3},{"not_picked":["Leap","ReplayTheSpireMod:Dual Polarity"],"picked":"Beam Cell","floor":5},{"not_picked":["Turbo","Redo","ReplayTheSpireMod:System Scan"],"picked":"SKIP","floor":7},{"not_picked":["Turbo","ReplayTheSpireMod:Omega Cannon","Hologram"],"picked":"SKIP","floor":11},{"not_picked":["infinitespire:FutureSight","ReplayTheSpireMod:Echoes of Time"],"picked":"infinitespire:Fortify","floor":13},{"not_picked":["Aggregate","Panic Button","Coolheaded"],"picked":"SKIP","floor":14}],"player_experience":654999,"relics_obtained":[{"floor":9,"key":"Bottled Flame"},{"floor":11,"key":"conspire:TopHat"}],"event_choices":[{"cards_removed":["Defend_B"],"damage_healed":0,"gold_gain":0,"player_choice":"Card Removal","damage_taken":0,"max_hp_gain":0,"max_hp_loss":0,"event_name":"Wheel of Change","floor":4,"gold_loss":0}],"is_beta":false,"boss_relics":[],"items_purged_floors":[],"is_endless":false,"potions_floor_spawned":[3,7,14],"killed_by":"Fading Forest","ascension_level":13}}