{"host":"7kgj47jdxgufb548","time":1611645193,"event":{"mods":["Act Like it!","BaseMod","CapriCore","Gensokyo","Marisa¡]Ãú«B¡@Å]²z¨F¡^","Minty Spire (QoL Compilation)","Remilia¡]Á¢¦Ì²ú?¡^","StSLib","The Immortal","Yakumo Yukari mod","Youmu¡]»î¾z§¯?¡^"],"gold_per_floor":[112,112,131,148,168,194,194,34,34,34,65,65,6,39,39,39,39],"floor_reached":16,"language":"ZHS","playtime":1063,"items_purged":[],"score":136,"play_id":"424b5ca2-dcfe-4f33-bb89-92e8140ff1ab","local_time":"20210126151313","is_ascension_mode":true,"campfire_choices":[{"floor":7,"key":"REST"},{"data":"SuddenPhantomFormationSlashOfKarmicWind","floor":10,"key":"SMITH"},{"floor":15,"key":"REST"}],"circlet_count":0,"master_deck":["Strike_YM","Strike_YM","Strike_YM","Defend_YM","Defend_YM","Defend_YM","Defend_YM","SlashOfPresentWorld","WheelOfPainOfLivingAndDead","SanzenSekai","DispleasureOfTheSevenHakus","ThreeKonsSevenHakus","FiveSignsOfTheDyingDeva","SuddenPhantomFormationSlashOfKarmicWind+1","CherryBlossomFlashing","SwordExtraction","TwoHundredYojanaInOneSlash","SpiritCuttingSword","Gensokyo:RustyChest","HumanRealmSword"],"relics":["HalfPhantom","Question Card","Nilry\u0027s Codex","Frozen Egg 2","Torii","Mango","Du-Vu Doll","Vajra"],"acts_visited":["Gensokyo:Gensokyo"],"potions_floor_usage":[11,14],"damage_taken":[{"damage":7,"enemies":"Gensokyo:Python","floor":1,"turns":4},{"damage":8,"enemies":"Gensokyo:Gryphon","floor":3,"turns":3},{"damage":8,"enemies":"Gensokyo:3_Fairies","floor":4,"turns":6},{"damage":5,"enemies":"Gensokyo:Python_and_Kodama","floor":5,"turns":3},{"damage":9,"enemies":"Gensokyo:Aya","floor":6,"turns":3},{"damage":10,"enemies":"Gensokyo:Mamizou","floor":11,"turns":5},{"damage":17,"enemies":"Gensokyo:Cirno","floor":14,"turns":5},{"damage":56,"enemies":"Gensokyo:Yukari","floor":16,"turns":11}],"seed_played":"4656878719198089193","potions_obtained":[{"floor":3,"key":"BlessingOfTheForge"},{"floor":11,"key":"Strength Potion"}],"is_trial":false,"path_per_floor":["M","?","M","M","M","E","R","?","T","R","E","?","COS","E","R","B"],"character_chosen":"YOUMU","items_purchased":[],"campfire_rested":2,"item_purchase_floors":[],"current_hp_per_floor":[68,68,60,52,47,38,60,60,60,60,50,43,43,26,52,0,0],"gold":39,"neow_bonus":"TRANSFORM_CARD","is_daily":false,"chose_seed":false,"campfire_upgraded":1,"win_rate":0.0,"timestamp":1611645193,"path_taken":["M","?","M","M","M","E","R","?","T","R","E","?","COS","E","R","BOSS"],"items_purchased_type":[],"build_version":"2020-12-22","purchased_purges":0,"victory":false,"max_hp_per_floor":[75,75,75,75,75,75,75,75,75,75,75,89,89,89,89,89,89],"card_choices":[{"not_picked":["KarmicPunishmentOfTheIdleAndUnfocused","SanzenSekai"],"picked":"DispleasureOfTheSevenHakus","floor":1},{"not_picked":["CrescentMoonSlash","ConstancyOfTheConventionalTruth"],"picked":"ThreeKonsSevenHakus","floor":2},{"not_picked":["HeartExcerptSlash","AsTheSilentNirvana"],"picked":"FiveSignsOfTheDyingDeva","floor":2},{"not_picked":["ConstancyOfTheConventionalTruth","FlashingScatteredFlowers"],"picked":"SuddenPhantomFormationSlashOfKarmicWind","floor":3},{"not_picked":["HumanKnowledgeSword","ThoughtCuttingSword"],"picked":"CherryBlossomFlashing","floor":4},{"not_picked":["HumanRealmSword","PretaSword"],"picked":"SwordExtraction","floor":5},{"not_picked":["ReincarnationSword","LowerRealmReflectionSlash"],"picked":"TwoHundredYojanaInOneSlash","floor":6},{"not_picked":["HumanRealmSword","DispleasureOfTheSevenHakus","PhosphoricSlash"],"picked":"SpiritCuttingSword","floor":11},{"not_picked":["CrescentMoonSlash","SpiritCuttingSword","SwordOfBindingDesires"],"picked":"HumanRealmSword","floor":14}],"player_experience":198394,"relics_obtained":[{"floor":6,"key":"Question Card"},{"floor":9,"key":"Frozen Egg 2"},{"floor":11,"key":"Torii"},{"floor":14,"key":"Du-Vu Doll"}],"event_choices":[],"is_beta":false,"boss_relics":[],"items_purged_floors":[],"is_endless":false,"potions_floor_spawned":[3,11],"killed_by":"Gensokyo:Yukari","ascension_level":4}}