{"host":"khoyd8a1tvki7k1f","time":1611691412,"event":{"mods":["AchievementEnabler","BaseMod","Colored Powertips","Curses Come First","Downfall","Googly Eyes","Hermit","Highlight Path","Minty Spire (QoL Compilation)","Quick Restart","Relic Sorter","Robot Space Explorer","Shop Mod","StSLib","Synergy Search","The Bug Knight","The Cursed","The Disciple","The Hierophant","The Marked","The Necromancer","The Poker Player","The Runesmith","slay the spire mod where everything is the same but ironclad has a cowboy hat"],"gold_per_floor":[99,112,129,129,149,149,149,87,27,42,70,70,127,145,163,261,261,261,274,274,27,27,61,61,73,158,189,202,202,237,237,248,348,348,348,366,378,500,518,530,555,455,465,515,415,446,9,9,27,27],"floor_reached":51,"language":"ENG","playtime":3306,"items_purged":["downfall:Icky","Guardian:Strike_Guardian"],"score":812,"play_id":"f4ce799b-0405-49f4-b0ca-5e26ad55ed75","local_time":"20210126140332","is_ascension_mode":false,"campfire_choices":[{"data":"Guardian:TwinSlam","floor":1.0,"key":"SMITH"},{"data":"Guardian:PrismaticBeam","floor":6.0,"key":"SMITH"},{"data":"Guardian:TemporalShield","floor":12.0,"key":"SMITH"},{"data":"Guardian:Suspension","floor":18.0,"key":"SMITH"},{"data":"expansioncontent:StudyTheSpire","floor":29.0,"key":"SMITH"},{"data":"Guardian:ExploitGems","floor":35,"key":"SMITH"},{"floor":42,"key":"RECALL"},{"floor":45,"key":"REST"}],"circlet_count":0,"master_deck":["Guardian:Defend_Guardian","Guardian:Defend_Guardian","Guardian:Defend_Guardian","Guardian:Defend_Guardian","Guardian:CurlUp+1","Guardian:TwinSlam+1","Guardian:PrismaticBeam+1","Guardian:TemporalShield+1","Guardian:ChargeCore","Guardian:Incinerate","Guardian:CrystalBeam","Guardian:ExploitGems+1","Guardian:CrystalBeam","Guardian:Suspension+1","Slimebound:CheckThePlaybook+1","Guardian:Preprogram","expansioncontent:StudyTheSpire+1","Guardian:EvasiveProtocol","Guardian:CrystalBeam","Guardian:Planning","Guardian:MultiBeam+1","Guardian:TimeCapacitor+1","Guardian:Gem_Blue","Guardian:CrystalBeam","Guardian:Gem_Cyan","Guardian:PrismaticBeam","Guardian:FloatingOrbs"],"relics":["Guardian:ModeShifterPlus","Sundial","Anchor","Letter Opener","Runesmith:Locket","Blue Candle","TungstenRod","SlaversCollar","Happy Flower","Blood Vial","downfall:HeartBlessingGreen","Ginger","downfall:HeartBlessingRed","Orichalcum","MerchantsRug"],"acts_visited":["Exordium","TheCity","TheBeyond"],"potions_floor_usage":[50,50,50],"damage_taken":[{"damage":0.0,"enemies":"Small Slimes","floor":2.0,"turns":3.0},{"damage":5.0,"enemies":"Cultist","floor":3.0,"turns":4.0},{"damage":1.0,"enemies":"Jaw Worm","floor":5.0,"turns":4.0},{"damage":0.0,"enemies":"downfall:FleeingMerchant","floor":8.0,"turns":4.0},{"damage":7.0,"enemies":"downfall:FleeingMerchant","floor":9.0,"turns":4.0},{"damage":9.0,"enemies":"2 Fungi Beasts","floor":10.0,"turns":2.0},{"damage":15.0,"enemies":"Lagavulin","floor":11.0,"turns":6.0},{"damage":4.0,"enemies":"3 Sentries","floor":13.0,"turns":5.0},{"damage":0.0,"enemies":"3 Louse","floor":14.0,"turns":3.0},{"damage":0.0,"enemies":"Large Slime","floor":15.0,"turns":4.0},{"damage":40.0,"enemies":"WA_ARCHETYPE_RETAIN","floor":16.0,"turns":9.0},{"damage":0.0,"enemies":"Chosen","floor":19.0,"turns":3.0},{"damage":0.0,"enemies":"downfall:FleeingMerchant","floor":21.0,"turns":4.0},{"damage":11.0,"enemies":"Gremlin Leader","floor":23.0,"turns":4.0},{"damage":0.0,"enemies":"3 Byrds","floor":25.0,"turns":2.0},{"damage":0.0,"enemies":"Book of Stabbing","floor":27.0,"turns":5.0},{"damage":0.0,"enemies":"Sentry and Sphere","floor":28.0,"turns":5.0},{"damage":16.0,"enemies":"Slavers","floor":30.0,"turns":4.0},{"damage":0,"enemies":"3 Cultists","floor":32,"turns":3},{"damage":7,"enemies":"SI_MIRROR_ARCHETYPE","floor":33,"turns":8},{"damage":0,"enemies":"3 Shapes","floor":36,"turns":3},{"damage":13,"enemies":"3 Darklings","floor":37,"turns":5},{"damage":0,"enemies":"downfall:FleeingMerchant","floor":38,"turns":4},{"damage":8,"enemies":"Spire Growth","floor":39,"turns":4},{"damage":4,"enemies":"4 Shapes","floor":40,"turns":4},{"damage":8,"enemies":"Jaw Worm Horde","floor":43,"turns":3},{"damage":0,"enemies":"Jaw Worm Horde","floor":44,"turns":4},{"damage":0,"enemies":"Nemesis","floor":46,"turns":5},{"damage":0,"enemies":"Sphere and 2 Shapes","floor":49,"turns":3},{"damage":34,"enemies":"DF_ARCHETYPE_ORBS","floor":50,"turns":9}],"seed_played":"1186591018469738843","potions_obtained":[{"floor":3.0,"key":"BlessingOfTheForge"},{"floor":13.0,"key":"Guardian:DefensiveModePotion"},{"floor":14.0,"key":"bronze:BurnAndBuffPotion"},{"floor":15.0,"key":"bronze:BurnAndBuffPotion"},{"floor":27.0,"key":"ColorlessPotion"}],"is_trial":false,"path_per_floor":["R","M","M","?","M","R","T","$","$","M","E","R","?","M","M","B",null,"R","M","?","$","?","E","T","M","?","E","M","R","E","?","M","B",null,"R","M","M","$","M","M","T","R","M","?","R","E","$","?","M","B",null],"character_chosen":"GUARDIAN","items_purchased":["Guardian:ChargeCore","Guardian:CrystalBeam","Guardian:Gem_Red","expansioncontent:StudyTheSpire","Happy Flower","Guardian:Gem_Cyan","Guardian:PrismaticBeam","MerchantsRug","Guardian:FloatingOrbs"],"campfire_rested":1,"item_purchase_floors":[8,9,21,21,38,47,47,47,47],"current_hp_per_floor":[88,88,83,83,82,82,82,82,75,66,51,51,47,47,47,7,88,88,88,88,88,88,77,77,77,61,61,61,61,45,45,45,38,88,88,88,75,75,67,63,63,63,57,59,85,87,87,87,88,54],"gold":27,"neow_bonus":"TEN_PERCENT_HP_BONUS","is_daily":false,"chose_seed":false,"campfire_upgraded":6,"win_rate":0.0,"timestamp":1611691412,"path_taken":["R","M","M","?","?","R","T","?","$","M","E","R","?","M","M","BOSS","R","M","?","$","?","E","T","M","?","E","M","R","E","?","M","BOSS","R","M","M","$","M","M","T","R","M","?","R","E","$","?","M","BOSS"],"items_purchased_type":["Card","Card","Card","Card","Relic","Card","Card","Relic","Card"],"build_version":"2020-12-22","purchased_purges":2,"victory":true,"max_hp_per_floor":[88,88,88,88,88,88,88,88,88,88,88,88,88,88,88,88,88,88,88,88,88,88,88,88,88,88,88,88,88,88,88,88,88,88,88,88,88,88,88,88,88,88,88,88,88,88,88,88,88,88],"card_choices":[{"not_picked":["Guardian:EvasiveProtocol","Guardian:TemporalStrike"],"picked":"Guardian:Gem_Cyan","floor":2.0},{"not_picked":["Guardian:Repulse","Guardian:SpikerProtocol"],"picked":"Guardian:Gem_Purple","floor":3.0},{"not_picked":["Guardian:Planning","Guardian:PrismaticBarrier"],"picked":"Guardian:PrismaticBeam","floor":5.0},{"not_picked":["Guardian:EvasiveProtocol","Guardian:Gem_Yellow"],"picked":"Guardian:TemporalShield","floor":8.0},{"not_picked":["Guardian:EvasiveProtocol","Guardian:ArmoredProtocol"],"picked":"Guardian:Incinerate","floor":9.0},{"not_picked":["Guardian:Gem_Cyan","Guardian:EvasiveProtocol"],"picked":"Guardian:Gem_Purple","floor":10.0},{"not_picked":["Guardian:Gem_Green","Guardian:Harden"],"picked":"Guardian:ExploitGems","floor":11.0},{"not_picked":["Guardian:Gem_Purple","Guardian:WalkerClaw"],"picked":"Guardian:Gem_Red","floor":13.0},{"not_picked":["Guardian:WalkerClaw","Guardian:Reroute"],"picked":"Guardian:CrystalBeam","floor":14.0},{"not_picked":["Guardian:FastForward","Guardian:SpikerProtocol"],"picked":"Guardian:Suspension","floor":15.0},{"not_picked":["Guardian:SphericShield","Guardian:TimeSifter"],"picked":"Guardian:Gem_Synthetic","floor":16.0},{"not_picked":["Guardian:CrystalBeam+1","Guardian:Gem_Lightblue"],"picked":"Guardian:Gem_Red","floor":19.0},{"not_picked":["Guardian:ChargeCore+1","Guardian:ShieldSpikes"],"picked":"Guardian:Preprogram","floor":21.0},{"not_picked":["Guardian:PiercingHide","Guardian:HyperBeam_Guardian"],"picked":"Guardian:Gem_White","floor":23.0},{"not_picked":["Guardian:RollAttack","Guardian:ChargeCore"],"picked":"Guardian:Gem_Crimson","floor":25.0},{"not_picked":["Guardian:Suspension","Guardian:TimeSifter","Guardian:Recover"],"picked":"SKIP","floor":27.0},{"not_picked":["Guardian:ChargeCore","Guardian:Preprogram"],"picked":"Guardian:Gem_Red","floor":28.0},{"not_picked":["Guardian:AncientConstruct","Guardian:Gem_Cyan","Guardian:Gem_Green"],"picked":"SKIP","floor":30.0},{"not_picked":["Guardian:ShieldCharger","Guardian:Gem_Purple"],"picked":"Guardian:Planning","floor":32},{"not_picked":["Guardian:StasisStrike","Guardian:StasisField"],"picked":"Guardian:Gem_Orange","floor":33},{"not_picked":["Guardian:TemporalStrike+1","Guardian:ShieldSpikes+1"],"picked":"Guardian:MultiBeam+1","floor":36},{"not_picked":["Guardian:PiercingHide+1","Guardian:ShieldCharger+1","Guardian:ShieldSpikes+1"],"picked":"SKIP","floor":37},{"not_picked":["Guardian:TemporalShield","Guardian:PrimingBeam"],"picked":"Guardian:TimeCapacitor+1","floor":38},{"not_picked":["Guardian:Reroute+1","Guardian:Recover+1","Guardian:PolyBeam"],"picked":"SKIP","floor":39},{"not_picked":["Guardian:Reroute","Guardian:Repulse","Guardian:EvasiveProtocol+1"],"picked":"SKIP","floor":40},{"not_picked":["Guardian:TimeBomb+1","Guardian:TemporalStrike+1"],"picked":"Guardian:Gem_Blue","floor":43},{"not_picked":["Guardian:ShieldCharger","Guardian:SphericShield"],"picked":"Guardian:CrystalBeam","floor":44},{"not_picked":["Guardian:PolyBeam+1","Guardian:StasisField","Guardian:Incinerate+1"],"picked":"SKIP","floor":46},{"not_picked":["Guardian:Emergency","Guardian:Planning+1","Guardian:ShieldCharger+1"],"picked":"SKIP","floor":49}],"player_experience":349576,"relics_obtained":[{"floor":7.0,"key":"Sundial"},{"floor":11.0,"key":"Anchor"},{"floor":13.0,"key":"Letter Opener"},{"floor":23.0,"key":"Runesmith:Locket"},{"floor":24.0,"key":"Blue Candle"},{"floor":27.0,"key":"TungstenRod"},{"floor":30.0,"key":"War Paint"},{"floor":41,"key":"Blood Vial"},{"floor":44,"key":"Ginger"},{"floor":46,"key":"Orichalcum"}],"event_choices":[{"damage_healed":0.0,"max_hp_gain":0.0,"max_hp_loss":0.0,"gold_gain":0.0,"cards_transformed":["Guardian:Strike_Guardian","Guardian:Strike_Guardian"],"event_name":"Drug Dealer","player_choice":"Became Test Subject","floor":31.0,"gold_loss":0.0,"damage_taken":0.0,"cards_obtained":["Guardian:EvasiveProtocol","Guardian:CrystalBeam"]}],"is_beta":false,"boss_relics":[{"not_picked":["Velvet Choker","Pandora\u0027s Box"],"picked":"Guardian:ModeShifterPlus"},{"not_picked":["Coffee Dripper","Runesmith:UraniumAnvil"],"picked":"SlaversCollar"}],"items_purged_floors":[38,47],"is_endless":false,"potions_floor_spawned":[3,13,14,15,23,25,27,30,36,39,44,46],"ascension_level":0}}