{"host":"9v3x998ddbx8o276","time":1611630798,"event":{"mods":["AchievementEnabler","BaseMod","Colored Map","Colored Powertips","Highlight Path","Minty Spire (QoL Compilation)","Quick Restart","Rare Cards Sparkle"],"gold_per_floor":[113,113,126,141,155,155,188,188,213,223,247,279,279,312,312,412,412,423,438,454,21,33,33,61,81,81,116,116,116,131,131,131,235,285,297,297,307,322,340,358,358,38,38,64,64,90,90,106,106,106],"floor_reached":51,"language":"ENG","playtime":2244,"items_purged":[],"score":1193,"play_id":"5c35cfc5-c0a1-4b34-8575-586806010291","local_time":"20210126134318","is_ascension_mode":true,"campfire_choices":[{"data":"Bash","floor":6.0,"key":"SMITH"},{"data":"Inflame","floor":8.0,"key":"SMITH"},{"floor":15.0,"key":"REST"},{"data":"Flame Barrier","floor":23.0,"key":"SMITH"},{"floor":29.0,"key":"REST"},{"data":"Limit Break","floor":32.0,"key":"SMITH"},{"floor":41,"key":"REST"},{"floor":45,"key":"REST"},{"floor":47,"key":"REST"},{"floor":49,"key":"REST"}],"circlet_count":0,"master_deck":["AscendersBane","Defend_R","Defend_R","Defend_R","Bash+1","Inflame+1","Battle Trance","Dropkick","Warcry","Twin Strike+1","Perfected Strike","Sword Boomerang","Flame Barrier+1","Limit Break+1","Feel No Pain","Shrug It Off","Havoc","Twin Strike","Sentinel+1","Cleave+1","Bite","Bite","Bite","Bite","Bite","Berserk","Shrug It Off+1","Feed","Bloodletting+1","PanicButton+1","True Grit+1","Intimidate+1"],"relics":["Busted Crown","Boot","Strawberry","Odd Mushroom","MealTicket","Bag of Preparation","Runic Pyramid","Pantograph","Lee\u0027s Waffle","Toxic Egg 2","Oddly Smooth Stone","Red Mask","Tiny House","OrangePellets","The Courier","Calipers","Question Card"],"acts_visited":["Exordium","TheCity","TheBeyond"],"potions_floor_usage":[33,38,44,44,50],"damage_taken":[{"damage":0.0,"enemies":"Small Slimes","floor":1.0,"turns":3.0},{"damage":0.0,"enemies":"Cultist","floor":3.0,"turns":3.0},{"damage":2.0,"enemies":"Jaw Worm","floor":4.0,"turns":2.0},{"damage":0.0,"enemies":"Large Slime","floor":5.0,"turns":4.0},{"damage":16.0,"enemies":"Gremlin Nob","floor":7.0,"turns":3.0},{"damage":11.0,"enemies":"Looter","floor":10.0,"turns":2.0},{"damage":9.0,"enemies":"The Mushroom Lair","floor":11.0,"turns":4.0},{"damage":15.0,"enemies":"Lagavulin","floor":12.0,"turns":3.0},{"damage":15.0,"enemies":"3 Sentries","floor":14.0,"turns":5.0},{"damage":25.0,"enemies":"Hexaghost","floor":16.0,"turns":4.0},{"damage":14.0,"enemies":"3 Byrds","floor":18.0,"turns":4.0},{"damage":18.0,"enemies":"Shell Parasite","floor":19.0,"turns":4.0},{"damage":10.0,"enemies":"Centurion and Healer","floor":20.0,"turns":5.0},{"damage":23.0,"enemies":"Snake Plant","floor":22.0,"turns":4.0},{"damage":19.0,"enemies":"Gremlin Leader","floor":24.0,"turns":5.0},{"damage":0.0,"enemies":"Chosen and Byrds","floor":25.0,"turns":4.0},{"damage":15.0,"enemies":"Masked Bandits","floor":27.0,"turns":4.0},{"damage":0.0,"enemies":"Centurion and Healer","floor":30.0,"turns":5.0},{"damage":58,"enemies":"Automaton","floor":33,"turns":11},{"damage":12,"enemies":"Orb Walker","floor":35,"turns":5},{"damage":6,"enemies":"3 Shapes","floor":37,"turns":6},{"damage":2,"enemies":"Transient","floor":38,"turns":5},{"damage":43,"enemies":"3 Darklings","floor":39,"turns":7},{"damage":35,"enemies":"Sphere and 2 Shapes","floor":40,"turns":6},{"damage":55,"enemies":"Reptomancer","floor":44,"turns":8},{"damage":25,"enemies":"Giant Head","floor":46,"turns":6},{"damage":18,"enemies":"4 Shapes","floor":48,"turns":9},{"damage":94,"enemies":"Awakened One","floor":50,"turns":12}],"seed_played":"5189096807439470722","potions_obtained":[{"floor":1.0,"key":"Regen Potion"},{"floor":4.0,"key":"FearPotion"},{"floor":10.0,"key":"LiquidBronze"},{"floor":11.0,"key":"DuplicationPotion"},{"floor":14.0,"key":"Strength Potion"},{"floor":20.0,"key":"Explosive Potion"},{"floor":30.0,"key":"Swift Potion"},{"floor":34,"key":"DistilledChaos"},{"floor":35,"key":"Strength Potion"},{"floor":38,"key":"SpeedPotion"},{"floor":48,"key":"ColorlessPotion"}],"is_trial":false,"path_per_floor":["M","?","M","M","M","R","E","R","T","M","?","E","?","E","R","B",null,"M","M","M","$","M","R","E","M","T","?","?","R","M","?","R","B",null,"M","?","M","M","M","M","R","$","T","E","R","E","R","M","R","B",null],"character_chosen":"IRONCLAD","items_purchased":["Pantograph","Lee\u0027s Waffle","PowerPotion","OrangePellets","Bloodletting+1","PanicButton+1"],"campfire_rested":6,"item_purchase_floors":[21,21,21,42,42,42],"current_hp_per_floor":[72,72,72,70,70,70,54,54,61,50,41,26,26,11,37,12,68,54,36,26,94,71,71,52,52,52,37,37,56,65,65,65,29,61,57,57,64,73,44,24,46,61,61,22,44,33,55,52,75,3],"gold":106,"neow_bonus":"BOSS_RELIC","is_daily":false,"chose_seed":false,"campfire_upgraded":4,"win_rate":0.0,"timestamp":1611630798,"path_taken":["M","?","?","M","M","R","E","R","T","M","?","E","?","E","R","BOSS","M","M","?","$","M","R","E","M","T","?","?","R","M","?","R","BOSS","M","?","M","M","?","?","R","?","T","E","R","E","R","M","R","BOSS"],"items_purchased_type":["Relic","Relic","Potion","Relic","Card","Card"],"build_version":"2020-12-22","purchased_purges":0,"victory":true,"max_hp_per_floor":[80,80,80,80,80,80,80,80,87,87,87,87,87,87,87,87,87,87,87,87,94,94,94,94,94,94,94,65,65,65,65,65,65,70,70,70,73,73,73,76,76,76,76,76,76,76,76,79,79,79],"card_choices":[{"not_picked":[],"picked":"Inflame","floor":1.0},{"not_picked":[],"picked":"Battle Trance","floor":3.0},{"not_picked":[],"picked":"Dropkick","floor":4.0},{"not_picked":[],"picked":"Warcry","floor":5.0},{"not_picked":[],"picked":"Twin Strike","floor":7.0},{"not_picked":[],"picked":"Perfected Strike","floor":10.0},{"not_picked":[],"picked":"Clash","floor":11.0},{"not_picked":[],"picked":"Sword Boomerang","floor":12.0},{"not_picked":[],"picked":"Flame Barrier","floor":14.0},{"not_picked":[],"picked":"Limit Break","floor":16.0},{"not_picked":[],"picked":"Feel No Pain","floor":18.0},{"not_picked":[],"picked":"Shrug It Off","floor":19.0},{"not_picked":[],"picked":"Havoc","floor":20.0},{"not_picked":[],"picked":"Twin Strike","floor":22.0},{"not_picked":["Thunderclap"],"picked":"SKIP","floor":24.0},{"not_picked":[],"picked":"Sentinel+1","floor":25.0},{"not_picked":[],"picked":"Cleave+1","floor":27.0},{"not_picked":["Flex+1"],"picked":"SKIP","floor":30.0},{"not_picked":[],"picked":"Berserk","floor":33},{"not_picked":[],"picked":"Shrug It Off+1","floor":34},{"not_picked":["Hemokinesis"],"picked":"SKIP","floor":35},{"not_picked":["Flex+1"],"picked":"SKIP","floor":37},{"not_picked":["Flex+1"],"picked":"SKIP","floor":38},{"not_picked":["Feel No Pain"],"picked":"SKIP","floor":39},{"not_picked":["Evolve"],"picked":"SKIP","floor":40},{"not_picked":["Cleave+1"],"picked":"SKIP","floor":44},{"not_picked":[],"picked":"True Grit+1","floor":46},{"not_picked":["Iron Wave"],"picked":"Intimidate+1","floor":48}],"player_experience":1717095,"relics_obtained":[{"floor":7.0,"key":"Boot"},{"floor":9.0,"key":"Strawberry"},{"floor":11.0,"key":"Odd Mushroom"},{"floor":12.0,"key":"MealTicket"},{"floor":14.0,"key":"Bag of Preparation"},{"floor":24.0,"key":"Toxic Egg 2"},{"floor":26.0,"key":"Oddly Smooth Stone"},{"floor":27.0,"key":"Red Mask"},{"floor":43,"key":"The Courier"},{"floor":44,"key":"Calipers"},{"floor":46,"key":"Question Card"}],"event_choices":[{"cards_removed":["Defend_R"],"damage_healed":0.0,"max_hp_gain":0.0,"max_hp_loss":0.0,"gold_gain":0.0,"event_name":"Bonfire Elementals","player_choice":"Offered Basic","floor":2.0,"gold_loss":0.0,"damage_taken":0.0},{"damage_healed":0.0,"max_hp_gain":0.0,"max_hp_loss":0.0,"gold_gain":0.0,"event_name":"Mushrooms","player_choice":"Fought Mushrooms","floor":11.0,"gold_loss":0.0,"damage_taken":0.0},{"cards_removed":["Strike_R"],"damage_healed":0.0,"max_hp_gain":0.0,"max_hp_loss":0.0,"gold_gain":0.0,"event_name":"Purifier","player_choice":"Purged","floor":13.0,"gold_loss":0.0,"damage_taken":0.0},{"damage_healed":0.0,"max_hp_gain":0.0,"max_hp_loss":0.0,"gold_gain":0.0,"event_name":"Masked Bandits","player_choice":"Fought Bandits","floor":27.0,"gold_loss":0.0,"damage_taken":0.0},{"damage_healed":0.0,"max_hp_gain":0.0,"max_hp_loss":29.0,"gold_gain":0.0,"event_name":"Vampires","player_choice":"Became a vampire","floor":28.0,"gold_loss":0.0,"damage_taken":0.0,"cards_obtained":["Bite","Bite","Bite","Bite","Bite"]},{"cards_removed":["Clash"],"damage_healed":0.0,"max_hp_gain":0.0,"max_hp_loss":0.0,"gold_gain":0.0,"event_name":"Purifier","player_choice":"Purged","floor":31.0,"gold_loss":0.0,"damage_taken":0.0},{"damage_healed":0,"gold_gain":0,"player_choice":"1 cards matched","damage_taken":0,"max_hp_gain":0,"max_hp_loss":0,"event_name":"Match and Keep!","floor":36,"gold_loss":0,"cards_obtained":["Feed"]}],"is_beta":false,"boss_relics":[{"not_picked":["Philosopher\u0027s Stone","SlaversCollar"],"picked":"Runic Pyramid"},{"not_picked":["Sozu","Runic Cube"],"picked":"Tiny House"}],"items_purged_floors":[],"is_endless":false,"potions_floor_spawned":[1,4,10,11,14,20,22,30,35,38,40,48],"ascension_level":12}}