{"host":"mlczotyo8j5fj6lt","time":1611669012,"event":{"mods":["AchievementEnabler","Aspiration","BaseMod","Bestiary","Better Third Choice","BetterRewards","Colored Powertips","Defective Defect","Good Game Mod","Googly Eyes","Highlight Path","Minty Spire (QoL Compilation)","Quick Restart","StSLib","everything is the same but u backflip on backflip"],"gold_per_floor":[116,78,93,93,93,93,120,136,136,152,162,178,178,178,178,273,273,289,289,388,239,239,264,264,284,308,343,343,356,356,126,126,230,230,240,240,250,267,267,267,285,285,331,14,32,47,47,61,61,61],"floor_reached":51,"language":"ENG","playtime":3535,"items_purged":["Parasite"],"score":687,"play_id":"118b6c3b-7405-463e-9ef9-f733345558c1","local_time":"20210126145012","is_ascension_mode":false,"campfire_choices":[{"data":"Zap","floor":6,"key":"SMITH"},{"data":"Corruption","floor":13,"key":"SMITH"},{"data":"Glacier","floor":15,"key":"SMITH"},{"floor":24,"key":"REST"},{"floor":28,"key":"REST"},{"data":"Seek","floor":30,"key":"SMITH"},{"floor":32,"key":"REST"},{"data":"All For One","floor":40,"key":"SMITH"},{"data":"Static Discharge","floor":47,"key":"SMITH"},{"data":"Hello World","floor":49,"key":"SMITH"}],"circlet_count":0,"master_deck":["Strike_B+1","Strike_B+1","Defend_B+1","Defend_B+1","Defend_B+1","Defend_B+1","Zap+1","Dualcast","Gash","Static Discharge+1","Gash","Corruption+1","Glacier+1","Force Field","Doom and Gloom","Hello World+1","Seek+1","Gash","Loop","Coolheaded","Glacier+1","Go for the Eyes+1","All For One+1","Cold Snap","Go for the Eyes","Darkness+1","Force Field+1","Hello World+1","Secret Weapon","Double Energy+1","Stack"],"relics":["Cracked Core","REME:ComplimentaryCards","NeowsBlessing","Happy Flower","Mango","aspiration:Stellarator","Membership Card","Meat on the Bone","Toy Ornithopter","Regal Pillow","Bag of Preparation","aspiration:Nostalgia","Ring of the Snake","Lantern","Runic Pyramid","Juzu Bracelet","Frozen Egg 2"],"acts_visited":["Exordium","TheCity","TheBeyond"],"potions_floor_usage":[16,16,33,50,50,50],"damage_taken":[{"damage":0,"enemies":"Cultist","floor":1,"turns":1},{"damage":0,"enemies":"Jaw Worm","floor":3,"turns":1},{"damage":0,"enemies":"Gremlin Nob","floor":7,"turns":1},{"damage":0,"enemies":"2 Louse","floor":8,"turns":3},{"damage":6,"enemies":"Large Slime","floor":10,"turns":7},{"damage":3,"enemies":"Gremlin Gang","floor":11,"turns":5},{"damage":0,"enemies":"Looter","floor":12,"turns":4},{"damage":14,"enemies":"Hexaghost","floor":16,"turns":7},{"damage":5,"enemies":"Spheric Guardian","floor":18,"turns":4},{"damage":45,"enemies":"Slavers","floor":23,"turns":5},{"damage":16,"enemies":"3 Byrds","floor":25,"turns":5},{"damage":38,"enemies":"Book of Stabbing","floor":27,"turns":6},{"damage":3,"enemies":"Snecko","floor":29,"turns":7},{"damage":3,"enemies":"Champ","floor":33,"turns":8},{"damage":0,"enemies":"Orb Walker","floor":35,"turns":4},{"damage":0,"enemies":"3 Darklings","floor":37,"turns":5},{"damage":0,"enemies":"Writhing Mass","floor":38,"turns":8},{"damage":3,"enemies":"4 Shapes","floor":41,"turns":6},{"damage":1,"enemies":"Sphere and 2 Shapes","floor":45,"turns":6},{"damage":2,"enemies":"3 Darklings","floor":46,"turns":6},{"damage":0,"enemies":"Spire Growth","floor":48,"turns":6},{"damage":24,"enemies":"Donu and Deca","floor":50,"turns":9}],"seed_played":"-1199100837298948121","potions_obtained":[{"floor":3,"key":"FocusPotion"},{"floor":7,"key":"Regen Potion"},{"floor":10,"key":"GamblersBrew"},{"floor":25,"key":"SpeedPotion"},{"floor":27,"key":"ColorlessPotion"},{"floor":29,"key":"Explosive Potion"},{"floor":35,"key":"Explosive Potion"},{"floor":41,"key":"ColorlessPotion"}],"is_trial":false,"path_per_floor":["M","$","M","$","?","R","E","M","T","M","M","M","R","?","R","B",null,"M","?","?","$","?","E","R","M","T","E","R","M","R","$","R","B",null,"M","?","M","M","?","R","M","?","T","$","M","M","R","M","R","B",null],"character_chosen":"DEFECT","items_purchased":["Static Discharge","Membership Card","Bag of Preparation","aspiration:Nostalgia","Lantern","Frozen Egg 2","Hello World+1","Fire Potion","Block Potion","Secret Weapon"],"campfire_rested":3,"item_purchase_floors":[2,21,31,31,31,44,44,44,44,44],"current_hp_per_floor":[75,75,75,75,68,68,68,68,82,76,73,73,73,73,73,74,89,84,84,84,84,67,22,50,46,46,20,63,60,60,60,94,91,94,94,94,94,94,94,94,91,89,89,86,85,83,83,83,83,67],"gold":61,"neow_bonus":"THREE_ENEMY_KILL","is_daily":false,"chose_seed":false,"campfire_upgraded":7,"win_rate":0.0,"timestamp":1611669012,"path_taken":["M","$","M","$","?","R","E","M","T","M","M","M","R","?","R","BOSS","M","?","?","$","?","E","R","M","T","E","R","M","R","$","R","BOSS","M","?","M","?","?","R","M","?","T","$","M","M","R","M","R","BOSS"],"items_purchased_type":["Card","Relic","Relic","Relic","Relic","Relic","Card","Potion","Potion","Card"],"build_version":"2020-12-22","purchased_purges":1,"victory":true,"max_hp_per_floor":[75,75,75,75,75,75,75,75,89,89,89,89,89,89,89,89,89,89,89,89,89,94,94,94,94,94,94,94,94,94,94,94,94,94,94,94,94,94,94,94,94,89,89,86,86,86,86,86,86,86],"card_choices":[{"not_picked":["Undo","Rebound"],"picked":"Gash","floor":1},{"not_picked":["Coolheaded","Chill"],"picked":"Gash","floor":3},{"not_picked":["Reprogram","Streamline"],"picked":"Glacier","floor":7},{"not_picked":["Rebound","Leap"],"picked":"Force Field","floor":8},{"not_picked":["Stack","Redo"],"picked":"Doom and Gloom","floor":10},{"not_picked":["Turbo","Reinforced Body"],"picked":"Hello World","floor":11},{"not_picked":["Consume","Storm","Doom and Gloom"],"picked":"SKIP","floor":12},{"not_picked":["Thunder Strike","Biased Cognition"],"picked":"Seek","floor":16},{"not_picked":["Steam","Turbo"],"picked":"Gash","floor":18},{"not_picked":["Stack","Doom and Gloom"],"picked":"Loop","floor":23},{"not_picked":["Steam Power","Recycle+1"],"picked":"Coolheaded","floor":25},{"not_picked":["Compile Driver","Machine Learning"],"picked":"Glacier+1","floor":27},{"not_picked":["Consume+1","Redo"],"picked":"Go for the Eyes+1","floor":29},{"not_picked":["Amplify","Core Surge"],"picked":"All For One","floor":33},{"not_picked":["Aggregate","Steam"],"picked":"Cold Snap","floor":35},{"not_picked":["Skim","Compile Driver"],"picked":"Go for the Eyes","floor":37},{"not_picked":["Chaos","Leap"],"picked":"Darkness+1","floor":38},{"not_picked":["Lockon","Static Discharge+1"],"picked":"Force Field+1","floor":41},{"not_picked":["Ball Lightning+1","Steam","Rebound"],"picked":"SKIP","floor":45},{"not_picked":["Reboot","Hologram"],"picked":"Double Energy+1","floor":46},{"not_picked":["Doom and Gloom+1","Aggregate"],"picked":"Stack","floor":48}],"player_experience":238739,"relics_obtained":[{"floor":7,"key":"Happy Flower"},{"floor":9,"key":"Mango"},{"floor":23,"key":"Meat on the Bone"},{"floor":26,"key":"Toy Ornithopter"},{"floor":27,"key":"Regal Pillow"},{"floor":43,"key":"Juzu Bracelet"}],"event_choices":[{"cards_removed":["Strike_B"],"damage_healed":0,"gold_gain":0,"player_choice":"Card Removal","damage_taken":7,"max_hp_gain":0,"max_hp_loss":0,"event_name":"Golden Wing","floor":5,"gold_loss":0},{"damage_healed":0,"gold_gain":0,"cards_transformed":["Strike_B"],"player_choice":"Change","damage_taken":0,"max_hp_gain":0,"max_hp_loss":0,"event_name":"Living Wall","floor":14,"gold_loss":0,"cards_obtained":["Doom and Gloom"]},{"damage_healed":0,"gold_gain":0,"player_choice":"Simplicity","damage_taken":0,"max_hp_gain":0,"max_hp_loss":6,"event_name":"betterThird:BetterWriting","floor":19,"gold_loss":0},{"damage_healed":0,"gold_gain":99,"player_choice":"Steal","damage_taken":0,"max_hp_gain":0,"max_hp_loss":0,"event_name":"betterThird:BetterNest","floor":20,"gold_loss":0},{"damage_healed":0,"gold_gain":0,"player_choice":"Shed Blood","damage_taken":22,"max_hp_gain":5,"max_hp_loss":0,"event_name":"Forgotten Altar","floor":22,"gold_loss":0},{"damage_healed":0,"gold_gain":0,"cards_transformed":["Doom and Gloom"],"player_choice":"Transformed","damage_taken":0,"max_hp_gain":0,"max_hp_loss":0,"event_name":"Transmorgrifier","floor":36,"gold_loss":0,"cards_obtained":["Machine Learning"]},{"cards_removed":["Machine Learning"],"damage_healed":0,"gold_gain":0,"player_choice":"Removed Power","damage_taken":0,"max_hp_gain":0,"max_hp_loss":0,"event_name":"Falling","floor":39,"gold_loss":0},{"damage_healed":0,"gold_gain":0,"player_choice":"Max HP","damage_taken":0,"max_hp_gain":0,"max_hp_loss":5,"event_name":"Winding Halls","floor":42,"gold_loss":0}],"is_beta":false,"boss_relics":[{"not_picked":["Busted Crown","Black Star"],"picked":"aspiration:Stellarator"},{"not_picked":["Philosopher\u0027s Stone","aspiration:RitualDagger"],"picked":"Runic Pyramid"}],"items_purged_floors":[44],"is_endless":false,"potions_floor_spawned":[3,7,10,11,25,27,29,35,41],"ascension_level":0}}