{"host":"kywtqy4o43fs5yna","time":1611646950,"event":{"mods":["AchievementEnabler","Act Like it!","BaseMod","Better Note","BetterRewards","Colored Map","Minty Spire (QoL Compilation)","Quick Restart","Rare Cards Sparkle","StSLib","SuperFastMode"],"gold_per_floor":[115,115,115,128,148,181,206,254,266,278,310,322,352,383,395,526,538,565,598,610,647,683,729,765,777,777],"floor_reached":25,"language":"RUS","playtime":1870,"items_purged":[],"score":371,"play_id":"f6109ef6-7057-44b9-b14c-d750980ca01d","local_time":"20210126174230","is_ascension_mode":true,"campfire_choices":[{"floor":12,"key":"REST"},{"data":"Eruption","floor":15,"key":"SMITH"}],"circlet_count":0,"master_deck":["Strike_P","Strike_P","Strike_P","Strike_P","Defend_P","Defend_P","Defend_P","Defend_P","Eruption+1","Vigilance","Magnetism+1","BattleHymn+1","Prostrate+1","ForeignInfluence+1","Worship+1","Injury","Prostrate+1","DeusExMachina+1","Wallop","EmptyBody+1","FlurryOfBlows","Collect+1","Brilliance","Evaluate+1","ConjureBlade+1","CurseOfTheBell","WindmillStrike","Crescendo+1","Vengeance+1","Meditate+1","Protect+1"],"relics":["PureWater","Frozen Egg 2","Toxic Egg 2","InkBottle","Golden Idol","MawBank","Singing Bowl","Smiling Mask","Calling Bell","Damaru","Pear","Girya","Orichalcum","Centennial Puzzle"],"acts_visited":["Exordium","TheCity"],"potions_floor_usage":[5,8,18,23,23],"damage_taken":[{"damage":0,"enemies":"Small Slimes","floor":1,"turns":3},{"damage":2,"enemies":"Jaw Worm","floor":4,"turns":2},{"damage":3,"enemies":"2 Louse","floor":5,"turns":3},{"damage":0,"enemies":"Lagavulin","floor":6,"turns":4},{"damage":14,"enemies":"Exordium Thugs","floor":7,"turns":3},{"damage":0,"enemies":"Gremlin Nob","floor":8,"turns":2},{"damage":9,"enemies":"3 Louse","floor":11,"turns":4},{"damage":0,"enemies":"Large Slime","floor":13,"turns":3},{"damage":8,"enemies":"Exordium Wildlife","floor":14,"turns":4},{"damage":3,"enemies":"The Guardian","floor":16,"turns":6},{"damage":8,"enemies":"2 Thieves","floor":18,"turns":2},{"damage":13,"enemies":"Shell Parasite","floor":19,"turns":3},{"damage":3,"enemies":"3 Cultists","floor":21,"turns":4},{"damage":40,"enemies":"Slavers","floor":23,"turns":5},{"damage":19,"enemies":"Snake Plant","floor":24,"turns":2},{"damage":5,"enemies":"Snecko","floor":25,"turns":4}],"seed_played":"-8349748551021563269","potions_obtained":[{"floor":4,"key":"Regen Potion"},{"floor":5,"key":"Energy Potion"},{"floor":6,"key":"LiquidMemories"},{"floor":16,"key":"PowerPotion"},{"floor":21,"key":"SpeedPotion"},{"floor":24,"key":"StancePotion"}],"is_trial":false,"path_per_floor":["M","?","?","M","M","E","M","E","T","$","M","R","M","M","R","B",null,"M","M","?","M","T","E","M","M"],"character_chosen":"WATCHER","items_purchased":["Frozen Egg 2","Magnetism+1","Toxic Egg 2","BattleHymn+1","Prostrate+1","ForeignInfluence+1"],"campfire_rested":1,"item_purchase_floors":[0,0,0,0,0,0],"current_hp_per_floor":[40,37,37,35,41,41,27,27,27,27,18,39,39,31,31,28,82,74,61,61,60,60,20,1,0,0],"gold":777,"neow_bonus":"","is_daily":false,"chose_seed":false,"campfire_upgraded":1,"win_rate":0.0,"timestamp":1611646950,"path_taken":["M","?","?","M","M","E","M","E","T","?","?","R","M","M","R","BOSS","M","M","?","M","?","E","M","M"],"items_purchased_type":["Relic","Card","Relic","Card","Card","Card"],"build_version":"2020-12-22","purchased_purges":0,"victory":false,"max_hp_per_floor":[72,72,72,72,72,72,72,72,72,72,72,72,72,72,72,72,82,82,82,82,84,84,84,84,84,84],"card_choices":[{"not_picked":["Indignation+1","Adaptation+1"],"picked":"Worship+1","floor":1},{"not_picked":["PathToVictory+1","FlyingSleeves"],"picked":"Prostrate+1","floor":4},{"not_picked":["CrushJoints","SashWhip"],"picked":"DeusExMachina+1","floor":5},{"not_picked":["FollowUp","FlyingSleeves"],"picked":"Wallop","floor":6},{"not_picked":["JustLucky","ThirdEye+1"],"picked":"EmptyBody+1","floor":7},{"not_picked":["Nirvana+1","CrushJoints"],"picked":"FlurryOfBlows","floor":8},{"not_picked":["FlurryOfBlows","InnerPeace+1"],"picked":"Collect+1","floor":11},{"not_picked":["FlurryOfBlows","Consecrate"],"picked":"Brilliance","floor":13},{"not_picked":["JustLucky","LikeWater+1"],"picked":"Evaluate+1","floor":14},{"not_picked":["SpiritShield+1","DevaForm+1"],"picked":"ConjureBlade+1","floor":16},{"not_picked":["CrushJoints","Halt+1"],"picked":"WindmillStrike","floor":18},{"not_picked":["WindmillStrike+1","Tantrum"],"picked":"Crescendo+1","floor":19},{"not_picked":["EmptyBody+1","Crescendo+1","SandsOfTime"],"picked":"Singing Bowl","floor":21},{"not_picked":["BowlingBash+1","Weave+1"],"picked":"Meditate+1","floor":23},{"not_picked":["WheelKick","SandsOfTime"],"picked":"Protect+1","floor":24}],"player_experience":186282,"relics_obtained":[{"floor":6,"key":"MawBank"},{"floor":8,"key":"Singing Bowl"},{"floor":9,"key":"Smiling Mask"},{"floor":17,"key":"Damaru"},{"floor":17,"key":"Pear"},{"floor":17,"key":"Girya"},{"floor":22,"key":"Orichalcum"},{"floor":23,"key":"Centennial Puzzle"}],"event_choices":[{"damage_healed":0,"gold_gain":0,"player_choice":"Success","damage_taken":3,"relics_obtained":["InkBottle"],"max_hp_gain":0,"max_hp_loss":0,"event_name":"Scrap Ooze","floor":2,"gold_loss":0},{"damage_healed":0,"gold_gain":0,"player_choice":"Take Wound","damage_taken":0,"relics_obtained":["Golden Idol"],"max_hp_gain":0,"max_hp_loss":0,"event_name":"Golden Idol","floor":3,"gold_loss":0,"cards_obtained":["Injury"]},{"damage_healed":0,"gold_gain":0,"player_choice":"Read","damage_taken":0,"max_hp_gain":0,"max_hp_loss":0,"event_name":"The Library","floor":20,"gold_loss":0,"cards_obtained":["Vengeance"]}],"is_beta":false,"boss_relics":[{"not_picked":["Runic Pyramid","Coffee Dripper"],"picked":"Calling Bell"}],"items_purged_floors":[],"is_endless":false,"potions_floor_spawned":[4,5,6,16,21,24],"killed_by":"Snecko","ascension_level":2}}