{"host":"y89x8uui45kcjy42","time":1611654700,"event":{"mods":["2.2 Compatiblity","BaseMod","CapriCore","Colored Map","Colored Powertips","Custom Start","Friendly Minions","Keyboard Shortcuts","Minty Spire (QoL Compilation)","Relic Stats","Slay the Relics Exporter","StSLib","SuperFastMode","Uncapped"],"gold_per_floor":[111,122,5,15,15,15,50,50,50,68,68,84,84,114,114,185,185,199,212,232,232,282,282,282,282],"floor_reached":24,"language":"KOR","playtime":509,"items_purged":[],"score":537,"play_id":"0fecc763-9a9d-4a29-a417-bca9b5d8861b","local_time":"20210126185140","is_ascension_mode":true,"campfire_choices":[{"data":"Alpha","floor":6,"key":"SMITH"},{"data":"DeusExMachina","floor":11,"key":"SMITH"},{"data":"Pray","floor":15,"key":"SMITH"},{"data":"EmptyBody","floor":23,"key":"SMITH"}],"circlet_count":0,"master_deck":["Defend_P","Defend_P","Defend_P","Defend_P","Alpha","Alpha+1","Alpha","Alpha","Protect+1","EmptyBody+1","Vigilance","Pray+1","DeusExMachina+1","Devotion"],"relics":["PureWater","Membership Card","Ice Cream","Calipers","Art of War","Coffee Dripper"],"acts_visited":["Exordium","TheCity"],"potions_floor_usage":[4,18,20,24],"damage_taken":[{"damage":17,"enemies":"Jaw Worm","floor":1,"turns":4},{"damage":1,"enemies":"Cultist","floor":2,"turns":3},{"damage":1,"enemies":"2 Louse","floor":4,"turns":3},{"damage":18,"enemies":"3 Sentries","floor":7,"turns":3},{"damage":1,"enemies":"2 Fungi Beasts","floor":10,"turns":3},{"damage":7,"enemies":"Exordium Thugs","floor":12,"turns":3},{"damage":0,"enemies":"Lagavulin","floor":14,"turns":4},{"damage":6,"enemies":"Hexaghost","floor":16,"turns":6},{"damage":14,"enemies":"2 Thieves","floor":18,"turns":4},{"damage":26,"enemies":"3 Byrds","floor":19,"turns":4},{"damage":27,"enemies":"Shelled Parasite and Fungi","floor":20,"turns":4},{"damage":20,"enemies":"Slavers","floor":24,"turns":2}],"seed_played":"-1815565080125509431","potions_obtained":[{"floor":1,"key":"Weak Potion"},{"floor":4,"key":"FairyPotion"},{"floor":7,"key":"LiquidMemories"},{"floor":19,"key":"PowerPotion"},{"floor":20,"key":"LiquidBronze"}],"is_trial":false,"path_per_floor":["M","M","$","M","$","R","E","?","T","M","R","M","?","E","R","B",null,"M","M","M","T","?","R","E"],"character_chosen":"WATCHER","items_purchased":["Membership Card"],"campfire_rested":0,"item_purchase_floors":[3],"current_hp_per_floor":[50,49,49,48,48,48,30,35,35,34,34,27,27,27,27,21,65,51,25,23,23,23,23,3,3],"gold":282,"neow_bonus":"TEN_PERCENT_HP_BONUS","is_daily":false,"chose_seed":false,"campfire_upgraded":4,"win_rate":0.0,"timestamp":1611654700,"path_taken":["M","M","$","M","$","R","E","?","T","M","R","M","?","E","R","BOSS","M","M","M","?","?","R","E"],"items_purchased_type":["Relic"],"build_version":"2020-12-22","purchased_purges":0,"victory":false,"max_hp_per_floor":[74,74,74,74,74,74,74,79,79,79,79,79,79,79,79,79,79,79,79,79,79,79,79,79,79],"relic_stats":{"counters":[12,43],"Art of War":[15],"obtain_stats":[{"Ice Cream":7,"Calipers":9,"Art of War":14,"Coffee Dripper":17,"Membership Card":3,"PureWater":0},{"Ice Cream":4,"Calipers":4,"Art of War":7,"Coffee Dripper":8,"Membership Card":2,"PureWater":0},{"Ice Cream":13,"Calipers":13,"Art of War":23,"Coffee Dripper":29,"Membership Card":7,"PureWater":0}]},"card_choices":[{"not_picked":["Halt","ClearTheMind"],"picked":"Protect","floor":1},{"not_picked":["FlurryOfBlows","FearNoEvil"],"picked":"EmptyBody","floor":2},{"not_picked":["FlurryOfBlows","Consecrate"],"picked":"Pray","floor":4},{"not_picked":["ClearTheMind","EmptyBody"],"picked":"DeusExMachina","floor":7},{"not_picked":["Consecrate","Vengeance","CutThroughFate"],"picked":"SKIP","floor":10},{"not_picked":["Prostrate","Pray","CutThroughFate"],"picked":"SKIP","floor":12},{"not_picked":["ReachHeaven","Prostrate","CrushJoints"],"picked":"SKIP","floor":14},{"not_picked":["Judgement","SpiritShield"],"picked":"Devotion","floor":16},{"not_picked":["FollowUp+1","Crescendo","EmptyFist"],"picked":"SKIP","floor":18},{"not_picked":["FlurryOfBlows","Indignation","JustLucky"],"picked":"SKIP","floor":19},{"not_picked":["FlurryOfBlows","Indignation","JustLucky"],"picked":"SKIP","floor":19},{"not_picked":["ClearTheMind","EmptyBody","JustLucky"],"picked":"SKIP","floor":20}],"player_experience":657671,"relics_obtained":[{"floor":7,"key":"Ice Cream"},{"floor":9,"key":"Calipers"},{"floor":14,"key":"Art of War"}],"event_choices":[{"damage_healed":0,"gold_gain":0,"player_choice":"Donut","damage_taken":0,"max_hp_gain":5,"max_hp_loss":0,"event_name":"Big Fish","floor":8,"gold_loss":0},{"damage_healed":0,"gold_gain":0,"player_choice":"Upgraded","damage_taken":0,"max_hp_gain":0,"max_hp_loss":0,"event_name":"Upgrade Shrine","floor":13,"gold_loss":0,"cards_upgraded":["Protect"]},{"damage_healed":0,"gold_gain":50,"player_choice":"Stole From Cult","damage_taken":0,"max_hp_gain":0,"max_hp_loss":0,"event_name":"Nest","floor":22,"gold_loss":0}],"is_beta":false,"boss_relics":[{"not_picked":["SlaversCollar","Snecko Eye"],"picked":"Coffee Dripper"}],"items_purged_floors":[],"is_endless":false,"potions_floor_spawned":[1,4,7,10,19,20],"killed_by":"Slavers","ascension_level":20}}