{"host":"yqa5il53nhlo2jdd","time":1611670729,"event":{"mods":["AchievementEnabler","Arknights The Spire","BaseMod","BetterRewards","Minty Spire (QoL Compilation)","StSLib","[IsaacMod]ÒÔÈö¼âËþ"],"gold_per_floor":[112,112,187,187,187,187,187,203,203,218,118,131,6,6,6,83,83,95,95,114,128,178,210,221,221,221,234,282,301,301,318,318,392,392,409,409,422,432,451,451,476,490,490,490,490,88,88,103,103,103],"floor_reached":51,"language":"ZHS","playtime":2497,"items_purged":["ats:Strike V","ats:Strike S","ats:Defend","ats:Defend"],"score":1631,"play_id":"4bf6ff65-b9e5-4770-bbf9-b32226ae4404","local_time":"20210126221849","is_ascension_mode":true,"campfire_choices":[{"data":"ats:Emotion Absorption","floor":6.0,"key":"SMITH"},{"floor":15.0,"key":"REST"},{"data":"ats:Overload","floor":30.0,"key":"SMITH"},{"data":"ats:Poison Spread","floor":32.0,"key":"SMITH"},{"data":"ats:Chain Hook","floor":40.0,"key":"SMITH"},{"data":"ats:Disruption Kick","floor":47,"key":"SMITH"},{"floor":49,"key":"REST"}],"circlet_count":0,"master_deck":["AscendersBane","ats:Emotion Absorption+1","ats:Chain Hook+1","ats:Neurotoxin+1","ats:Poison Spread+1","ats:Overload+1","ats:Guard Mode+1","ats:Disruption Kick+1"],"relics":["ats:Sanity","HushsDoor","TheBean","Tiny Chest","Habit","ClockworkSouvenir","ats:Hidden Killer","YumHeart","MagicMushroom","GuppysHead","ats:Originium","Anchor","Kunai","Bronze Scales","Empty Cage","FossilizedHelix","HornCleat","Membership Card","Bag of Preparation","War Paint"],"acts_visited":["Exordium","TheCity","TheBeyond"],"potions_floor_usage":[50,50],"damage_taken":[{"damage":2.0,"enemies":"Jaw Worm","floor":1.0,"turns":3.0},{"damage":0.0,"enemies":"Small Slimes","floor":8.0,"turns":4.0},{"damage":0.0,"enemies":"2 Louse","floor":10.0,"turns":2.0},{"damage":1.0,"enemies":"Looter","floor":12.0,"turns":2.0},{"damage":25.0,"enemies":"Slime Boss","floor":16.0,"turns":6.0},{"damage":0.0,"enemies":"2 Thieves","floor":18.0,"turns":4.0},{"damage":0.0,"enemies":"Chosen","floor":20.0,"turns":3.0},{"damage":2.0,"enemies":"Sentry and Sphere","floor":21.0,"turns":5.0},{"damage":29.0,"enemies":"Slavers","floor":23.0,"turns":4.0},{"damage":0.0,"enemies":"Snecko","floor":24.0,"turns":3.0},{"damage":9.0,"enemies":"Snake Plant","floor":27.0,"turns":3.0},{"damage":0.0,"enemies":"3 Cultists","floor":29.0,"turns":3.0},{"damage":0.0,"enemies":"Cultist and Chosen","floor":31.0,"turns":4.0},{"damage":34.0,"enemies":"Automaton","floor":33.0,"turns":7.0},{"damage":9.0,"enemies":"3 Darklings","floor":35.0,"turns":3.0},{"damage":0.0,"enemies":"Orb Walker","floor":37.0,"turns":2.0},{"damage":0.0,"enemies":"Jaw Worm Horde","floor":38.0,"turns":3.0},{"damage":0.0,"enemies":"Spire Growth","floor":39.0,"turns":4.0},{"damage":0.0,"enemies":"Mind Bloom Boss Battle","floor":41.0,"turns":4.0},{"damage":0.0,"enemies":"3 Darklings","floor":42.0,"turns":3.0},{"damage":0,"enemies":"Writhing Mass","floor":48,"turns":4},{"damage":52,"enemies":"Awakened One","floor":50,"turns":8}],"seed_played":"-1432262974546871693","potions_obtained":[{"floor":12.0,"key":"LiquidBronze"},{"floor":16.0,"key":"SpeedPotion"},{"floor":20.0,"key":"GamblersBrew"},{"floor":21.0,"key":"Fruit Juice"},{"floor":25.0,"key":"EssenceOfSteel"},{"floor":27.0,"key":"PowerPotion"},{"floor":33.0,"key":"BlessingOfTheForge"},{"floor":35.0,"key":"Energy Potion"},{"floor":39.0,"key":"SteroidPotion"}],"is_trial":false,"path_per_floor":["M","?","?","?","T","R","?","M","T","M","$","M","$","?","R","B",null,"M","T","M","M","?","E","M","?","T","M","T","M","R","M","R","B",null,"M","?","M","M","M","R","?","M","T","T","?","$","R","M","R","B",null],"character_chosen":"DOCTOR_CLASS","items_purchased":["Tiny Chest","Habit","ats:Chain Hook","ClockworkSouvenir","ats:Neurotoxin","ats:Poison Spread","Swift Potion","Membership Card","Bag of Preparation","War Paint"],"campfire_rested":2,"item_purchase_floors":[0,0,0,0,0,0,0,46,46,46],"current_hp_per_floor":[62,62,51,51,51,51,44,44,44,44,44,43,43,43,64,39,70,71,71,72,76,76,73,74,74,74,66,66,67,67,68,68,35,71,63,63,64,65,66,66,67,68,68,68,68,68,68,69,83,56],"gold":103,"neow_bonus":"","is_daily":false,"chose_seed":false,"campfire_upgraded":5,"win_rate":0.0,"timestamp":1611670729,"path_taken":["M","?","?","?","?","R","?","M","T","M","?","M","$","?","R","BOSS","M","?","?","M","?","E","M","?","T","M","?","M","R","M","R","BOSS","M","?","?","M","M","R","?","M","T","?","?","$","R","M","R","BOSS"],"items_purchased_type":["Relic","Relic","Card","Relic","Card","Card","Potion","Relic","Relic","Relic"],"build_version":"2020-12-22","purchased_purges":4,"victory":true,"max_hp_per_floor":[71,71,71,71,71,71,71,71,71,71,71,71,71,71,71,71,78,78,78,78,83,83,83,83,83,83,83,83,83,83,83,83,83,83,83,83,83,83,83,83,83,83,83,83,83,83,83,83,83,83],"card_choices":[{"not_picked":["ats:Absolute Focus","ats:Rapid Magazine","ats:Assault Order"],"picked":"SKIP","floor":1.0},{"not_picked":["ats:Directed Diagnosis","ats:Absolute Focus","ats:Explosion Area Strengthen"],"picked":"SKIP","floor":8.0},{"not_picked":["ats:Revitalization","ats:LN2 Cannon","ats:Phantom"],"picked":"SKIP","floor":10.0},{"not_picked":["ats:Very Hot Blade","ats:Closed Bolt Burst Fire","ats:Ignite"],"picked":"SKIP","floor":12.0},{"not_picked":["ats:Counter Healing Mode","ats:Shell Defense","ats:Sword Rain"],"picked":"SKIP","floor":18.0},{"not_picked":["ats:Directed Diagnosis","ats:Encircling Forest","ats:Sashimi Platter+1"],"picked":"SKIP","floor":20.0},{"not_picked":["ats:Phantom","ats:Counter Healing Mode"],"picked":"ats:Overload","floor":21.0},{"not_picked":["ats:Very Hot Blade","ats:Hook Shot","ats:Steam Pump+1"],"picked":"SKIP","floor":23.0},{"not_picked":["ats:Part Time Job","ats:Ignite","ats:Thermite Blade"],"picked":"SKIP","floor":24.0},{"not_picked":["ats:Assault Order","ats:Defend Order","ats:Curse Doll"],"picked":"SKIP","floor":27.0},{"not_picked":["ats:Assault Order","ats:Defend Order","ats:Curse Doll"],"picked":"SKIP","floor":27.0},{"not_picked":["ats:Assault Order","ats:Guard Mode","ats:Automatic Cover+1"],"picked":"SKIP","floor":29.0},{"not_picked":["ats:Guard Mode","ats:Explosion Area Strengthen","ats:Shell Defense"],"picked":"SKIP","floor":31.0},{"not_picked":["ats:Shell Defense","ats:Hammer On"],"picked":"ats:Guard Mode+1","floor":35.0},{"not_picked":["ats:Encircling Forest+1","ats:Guard Mode","ats:Poison Spread+1"],"picked":"SKIP","floor":37.0},{"not_picked":["ats:Sunburst+1","ats:Flexible Camouflage","ats:Leaping Hammer+1"],"picked":"SKIP","floor":38.0},{"not_picked":["ats:Blood Oath","ats:Phantom","ats:Assault Order"],"picked":"SKIP","floor":39.0},{"not_picked":["ats:Assault Order","ats:Blood Oath","ats:Disruption Kick"],"picked":"SKIP","floor":42.0},{"not_picked":["ats:Assault Order","ats:Blood Oath"],"picked":"ats:Disruption Kick","floor":42.0},{"not_picked":["ats:Thorns+1","ats:Blood Oath+1","ats:Explosion Area Strengthen"],"picked":"SKIP","floor":48}],"player_experience":712153,"relics_obtained":[{"floor":5.0,"key":"ats:Hidden Killer"},{"floor":9.0,"key":"YumHeart"},{"floor":19.0,"key":"GuppysHead"},{"floor":23.0,"key":"ats:Originium"},{"floor":23.0,"key":"Anchor"},{"floor":26.0,"key":"Kunai"},{"floor":28.0,"key":"Bronze Scales"},{"floor":41.0,"key":"FossilizedHelix"},{"floor":44.0,"key":"HornCleat"}],"event_choices":[{"cards_removed":["ats:Strike G"],"damage_healed":0.0,"max_hp_gain":0.0,"max_hp_loss":0.0,"gold_gain":0.0,"event_name":"Living Wall","player_choice":"Forget","floor":2.0,"gold_loss":0.0,"damage_taken":0.0},{"damage_healed":0.0,"max_hp_gain":0.0,"max_hp_loss":0.0,"gold_gain":75.0,"event_name":"World of Goop","player_choice":"Gather Gold","floor":3.0,"gold_loss":0.0,"damage_taken":11.0},{"damage_healed":0.0,"max_hp_gain":0.0,"max_hp_loss":0.0,"gold_gain":0.0,"event_name":"Liars Game","player_choice":"Ignored","floor":4.0,"gold_loss":0.0,"damage_taken":0.0},{"cards_removed":["ats:Strike C"],"damage_healed":0.0,"max_hp_gain":0.0,"max_hp_loss":0.0,"gold_gain":0.0,"event_name":"Golden Wing","player_choice":"Card Removal","floor":7.0,"gold_loss":0.0,"damage_taken":7.0},{"damage_healed":0.0,"max_hp_gain":0.0,"max_hp_loss":0.0,"gold_gain":0.0,"event_name":"Upgrade Shrine","player_choice":"Upgraded","floor":14.0,"gold_loss":0.0,"damage_taken":0.0,"cards_upgraded":["ats:Neurotoxin"]},{"damage_healed":0.0,"max_hp_gain":0.0,"max_hp_loss":0.0,"gold_gain":50.0,"event_name":"Nest","player_choice":"Stole From Cult","floor":22.0,"gold_loss":0.0,"damage_taken":0.0},{"damage_healed":0.0,"max_hp_gain":0.0,"max_hp_loss":0.0,"gold_gain":0.0,"event_name":"Lab","player_choice":"Got Potions","floor":25.0,"gold_loss":0.0,"damage_taken":0.0},{"cards_removed":["ats:Defend"],"damage_healed":0.0,"max_hp_gain":0.0,"max_hp_loss":0.0,"gold_gain":0.0,"event_name":"Falling","player_choice":"Removed Skill","floor":36.0,"gold_loss":0.0,"damage_taken":0.0},{"damage_healed":0.0,"max_hp_gain":0.0,"max_hp_loss":0.0,"gold_gain":0.0,"event_name":"MindBloom","player_choice":"Fight","floor":41.0,"gold_loss":0.0,"damage_taken":0.0},{"damage_healed":0.0,"max_hp_gain":0.0,"max_hp_loss":0.0,"gold_gain":0.0,"event_name":"Tomb of Lord Red Mask","player_choice":"Ignored","floor":45.0,"gold_loss":0.0,"damage_taken":0.0}],"is_beta":false,"boss_relics":[{"not_picked":["SacredBark","Pandora\u0027s Box"],"picked":"MagicMushroom"},{"not_picked":[]},{"not_picked":["ChampionBelt","Calling Bell"],"picked":"Empty Cage"},{"not_picked":[]}],"items_purged_floors":[0,11,13,46],"is_endless":false,"potions_floor_spawned":[12,16,20,21,27,33,35,39],"ascension_level":16}}