{"host":"msmkw03x1o7nq45i","time":1611684548,"event":{"mods":["AchievementEnabler","BaseMod","Bestiary","Colored Powertips","GifTheSpireLib","Highlight Path","Minty Spire (QoL Compilation)","Random Character Button","StSLib","everything is the same but u backflip on backflip"],"gold_per_floor":[114,129,129,144,159,159,159,159,159,159,84,99,114,114,114,214,214,229,244,244,244,68,68,83,98,98,98,98,113,128,227,227,327,327,342,342,442,457,211,241,13,13,13,13,38,38,38,68,68,68],"floor_reached":51,"language":"ENG","playtime":3669,"items_purged":["Pain","Flex","Bloodletting"],"score":918,"play_id":"daa25b30-8384-4eef-8dc6-67c1765a4f17","local_time":"20210126200908","daily_mods":["SealedDeck","Flight","Night Terrors"],"is_ascension_mode":false,"campfire_choices":[{"data":"Uppercut","floor":6.0,"key":"SMITH"},{"data":"Burning Pact","floor":7.0,"key":"SMITH"},{"data":"Warcry","floor":8.0,"key":"SMITH"},{"data":"Warcry","floor":10.0,"key":"SMITH"},{"data":"Seeing Red","floor":15.0,"key":"SMITH"},{"floor":23.0,"key":"REST"},{"floor":32.0,"key":"REST"},{"floor":49,"key":"REST"}],"circlet_count":0,"master_deck":["Burning Pact+1","Warcry+1","Warcry+1","Intimidate+1","Dual Wield+1","Uppercut+1","Dropkick+1","Disarm+1","Seeing Red+1","True Grit+1","Violence+1","Deep Breath+1","Burning Pact+1","Secret Technique","Shockwave"],"relics":["Burning Blood","WarpedTongs","Ornamental Fan","Fusion Hammer","MutagenicStrength","Nunchaku","Philosopher\u0027s Stone","Membership Card","Mango","Sundial","Mark of the Bloom","Eternal Feather","Pen Nib","Regal Pillow"],"acts_visited":["Exordium","TheCity","TheBeyond"],"potions_floor_usage":[],"damage_taken":[{"damage":15.0,"enemies":"Jaw Worm","floor":1.0,"turns":4.0},{"damage":4.0,"enemies":"Cultist","floor":2.0,"turns":3.0},{"damage":20.0,"enemies":"2 Louse","floor":4.0,"turns":4.0},{"damage":14.0,"enemies":"Blue Slaver","floor":5.0,"turns":3.0},{"damage":12.0,"enemies":"2 Fungi Beasts","floor":12.0,"turns":3.0},{"damage":13.0,"enemies":"3 Louse","floor":13.0,"turns":3.0},{"damage":0.0,"enemies":"Slime Boss","floor":16.0,"turns":3.0},{"damage":15.0,"enemies":"3 Byrds","floor":18.0,"turns":2.0},{"damage":6.0,"enemies":"Shell Parasite","floor":19.0,"turns":2.0},{"damage":12.0,"enemies":"Centurion and Healer","floor":24.0,"turns":2.0},{"damage":0.0,"enemies":"Snake Plant","floor":25.0,"turns":2.0},{"damage":6.0,"enemies":"3 Cultists","floor":29.0,"turns":3.0},{"damage":0.0,"enemies":"Chosen and Byrds","floor":30.0,"turns":2.0},{"damage":3.0,"enemies":"Automaton","floor":33.0,"turns":2.0},{"damage":6.0,"enemies":"3 Shapes","floor":35.0,"turns":2.0},{"damage":1.0,"enemies":"3 Darklings","floor":38.0,"turns":2.0},{"damage":5,"enemies":"Reptomancer","floor":40,"turns":2},{"damage":0,"enemies":"Nemesis","floor":48,"turns":1},{"damage":0,"enemies":"Donu and Deca","floor":50,"turns":1}],"seed_played":"-4735054310349275430","potions_obtained":[{"floor":4.0,"key":"ColorlessPotion"},{"floor":12.0,"key":"GamblersBrew"},{"floor":16.0,"key":"Explosive Potion"},{"floor":19.0,"key":"ColorlessPotion"},{"floor":30.0,"key":"LiquidMemories"},{"floor":38.0,"key":"SpeedPotion"},{"floor":40,"key":"ElixirPotion"}],"is_trial":false,"path_per_floor":["M","M","?","M","M","R","R","R","T","R","$","M","M","?","R","B",null,"M","M","?","?","$","R","M","M","T","?","?","M","M","?","R","B",null,"M","?","?","M","$","E","$","?","T","?","T","?","$","E","R","B",null],"character_chosen":"IRONCLAD","items_purchased":["Violence","Membership Card","Deep Breath","Sundial","Burning Pact"],"campfire_rested":3,"item_purchase_floors":[22,39,39,41,41],"current_hp_per_floor":[71,73,73,59,51,51,51,51,51,51,51,45,38,38,38,44,80,71,71,71,71,71,75,69,75,75,75,75,75,75,75,70,70,70,70,70,70,70,70,84,84,84,84,84,84,74,74,74,74,74],"gold":68,"neow_bonus":"","is_daily":true,"chose_seed":false,"campfire_upgraded":5,"win_rate":0.0,"timestamp":1611684548,"path_taken":["M","M","?","?","M","R","R","R","T","R","$","M","M","?","R","BOSS","M","?","?","?","$","R","M","M","T","?","?","M","M","?","R","BOSS","M","?","?","?","$","E","$","?","T","?","?","?","$","E","R","BOSS"],"items_purchased_type":["Card","Relic","Card","Relic","Card"],"build_version":"2020-12-22","purchased_purges":3,"victory":true,"max_hp_per_floor":[80,80,80,80,80,80,80,80,80,80,80,80,80,80,80,80,80,80,80,80,80,80,75,75,75,75,75,75,75,75,75,70,70,70,70,70,70,70,70,84,84,84,84,84,84,84,84,84,79,79],"card_choices":[{"not_picked":["Rupture","Cleave","Anger"],"picked":"SKIP","floor":1.0},{"not_picked":["Rampage","Flame Barrier"],"picked":"Bloodletting","floor":2.0},{"not_picked":["Havoc","Warcry","Disarm"],"picked":"SKIP","floor":4.0},{"not_picked":["Rupture","Heavy Blade"],"picked":"Seeing Red","floor":5.0},{"not_picked":["Havoc","Shrug It Off","Bloodletting"],"picked":"SKIP","floor":12.0},{"not_picked":["Pummel","Iron Wave"],"picked":"True Grit","floor":13.0},{"not_picked":["Flex+1","Body Slam+1","Thunderclap"],"picked":"SKIP","floor":18.0},{"not_picked":["Second Wind","Thunderclap","Heavy Blade"],"picked":"SKIP","floor":19.0},{"not_picked":["Havoc","Blood for Blood","Thunderclap+1"],"picked":"SKIP","floor":24.0},{"not_picked":["Sever Soul+1","Flex","Warcry"],"picked":"SKIP","floor":25.0},{"not_picked":["Wild Strike","Sword Boomerang","Pummel"],"picked":"SKIP","floor":29.0},{"not_picked":["Brutality","Twin Strike","Cleave"],"picked":"SKIP","floor":30.0},{"not_picked":["True Grit","Perfected Strike","Thunderclap+1"],"picked":"SKIP","floor":35.0},{"not_picked":["Anger","Inflame+1","Spot Weakness+1"],"picked":"SKIP","floor":38.0},{"not_picked":["Bloodletting","Shrug It Off+1","Flex+1"],"picked":"SKIP","floor":40},{"not_picked":["Apotheosis","Dark Shackles"],"picked":"Secret Technique","floor":46},{"not_picked":["Body Slam","Sentinel"],"picked":"Shockwave","floor":48}],"player_experience":407421,"relics_obtained":[{"floor":9.0,"key":"Ornamental Fan"},{"floor":26.0,"key":"Nunchaku"},{"floor":40,"key":"Mango"},{"floor":43,"key":"Eternal Feather"},{"floor":45,"key":"Pen Nib"},{"floor":48,"key":"Regal Pillow"}],"event_choices":[{"damage_healed":0.0,"max_hp_gain":0.0,"max_hp_loss":0.0,"gold_gain":0.0,"event_name":"Accursed Blacksmith","player_choice":"Rummage","floor":3.0,"gold_loss":0.0,"damage_taken":0.0,"relics_obtained":["WarpedTongs"],"cards_obtained":["Pain"]},{"damage_healed":0.0,"max_hp_gain":0.0,"max_hp_loss":0.0,"gold_gain":0.0,"event_name":"Upgrade Shrine","player_choice":"Upgraded","floor":14.0,"gold_loss":0.0,"damage_taken":0.0,"cards_upgraded":["True Grit"]},{"damage_healed":0.0,"max_hp_gain":0.0,"max_hp_loss":0.0,"gold_gain":0.0,"event_name":"Drug Dealer","player_choice":"Inject Mutagens","floor":20.0,"gold_loss":0.0,"damage_taken":0.0,"relics_obtained":["MutagenicStrength"]},{"damage_healed":0.0,"max_hp_gain":0.0,"max_hp_loss":0.0,"gold_gain":0.0,"event_name":"Ghosts","player_choice":"Ignored","floor":21.0,"gold_loss":0.0,"damage_taken":0.0},{"damage_healed":0.0,"max_hp_gain":0.0,"max_hp_loss":0.0,"gold_gain":0.0,"event_name":"Vampires","player_choice":"Ignored","floor":27.0,"gold_loss":0.0,"damage_taken":0.0},{"damage_healed":0.0,"max_hp_gain":0.0,"max_hp_loss":0.0,"gold_gain":0.0,"event_name":"The Mausoleum","player_choice":"Ignored","floor":28.0,"gold_loss":0.0,"damage_taken":0.0},{"damage_healed":0.0,"max_hp_gain":0.0,"max_hp_loss":0.0,"gold_gain":99.0,"event_name":"Nest","player_choice":"Stole From Cult","floor":31.0,"gold_loss":0.0,"damage_taken":0.0},{"damage_healed":0.0,"max_hp_gain":0.0,"max_hp_loss":0.0,"gold_gain":0.0,"event_name":"Tomb of Lord Red Mask","player_choice":"Ignored","floor":36.0,"gold_loss":0.0,"damage_taken":0.0},{"damage_healed":0.0,"max_hp_gain":0.0,"max_hp_loss":0.0,"gold_gain":100.0,"event_name":"Golden Shrine","player_choice":"Pray","floor":37.0,"gold_loss":0.0,"damage_taken":0.0},{"damage_healed":0,"gold_gain":0,"player_choice":"Upgrade","damage_taken":0,"relics_obtained":["Mark of the Bloom"],"max_hp_gain":0,"max_hp_loss":0,"event_name":"MindBloom","floor":42,"gold_loss":0,"cards_upgraded":["Warcry","Intimidate","Dual Wield","Dropkick","Disarm","Violence","Deep Breath","Burning Pact"]},{"cards_removed":["Warcry"],"damage_healed":0,"gold_gain":0,"player_choice":"Removed Skill","damage_taken":0,"max_hp_gain":0,"max_hp_loss":0,"event_name":"Falling","floor":44,"gold_loss":0},{"damage_healed":0,"gold_gain":0,"player_choice":"Memory 3","damage_taken":10,"max_hp_gain":0,"max_hp_loss":0,"event_name":"SensoryStone","floor":46,"gold_loss":0}],"is_beta":false,"boss_relics":[{"not_picked":["SlaversCollar","Astrolabe"],"picked":"Fusion Hammer"},{"not_picked":["Black Blood","SacredBark"],"picked":"Philosopher\u0027s Stone"}],"items_purged_floors":[11,39,41],"is_endless":false,"potions_floor_spawned":[4,12,16,19,30,33,38,40],"ascension_level":0}}