{"host":"gg","time":1611636507,"event":{"mods":["BaseMod","Colored Map","Googly Eyes","Minty Spire (QoL Compilation)","Permanent Neow","Relic Stats","The IronCluck"],"gold_per_floor":[112,126,139,139,139,179,22,57,57,70,70,101,113,146,158,261,273,300,312,324,350,287,299,311,311],"floor_reached":24,"language":"ENG","playtime":1091,"items_purged":[],"score":428,"play_id":"e07593d5-3b87-4078-b05a-875238d4f00e","local_time":"20210125204827","is_ascension_mode":true,"campfire_choices":[{"data":"Fiend Fire","floor":11,"key":"SMITH"},{"floor":15,"key":"REST"},{"data":"1","floor":23,"key":"LIFT"}],"circlet_count":0,"master_deck":["AscendersBane","Strike_R","Strike_R","Strike_R","Strike_R","Strike_R","Defend_R","Defend_R","Defend_R","Defend_R","Bash","Clothesline","Spot Weakness","Twin Strike","Iron Wave","Sword Boomerang","Flame Barrier","Anger","Pommel Strike","Fiend Fire+1","Pommel Strike","Reaper","Limit Break","CurseOfTheBell","Rampage"],"relics":["Cursed Key","Golden Idol","Incense Burner","Orrery","Blue Candle","White Beast Statue","MawBank","Calling Bell","Pen Nib","Pantograph","Girya"],"acts_visited":["Exordium","TheCity"],"potions_floor_usage":[10,12,14,16,18,21,24],"damage_taken":[{"damage":10,"enemies":"Small Slimes","floor":1,"turns":4},{"damage":0,"enemies":"2 Louse","floor":2,"turns":2},{"damage":0,"enemies":"Jaw Worm","floor":3,"turns":3},{"damage":30,"enemies":"Gremlin Nob","floor":6,"turns":4},{"damage":5,"enemies":"Lagavulin","floor":8,"turns":6},{"damage":1,"enemies":"Exordium Thugs","floor":10,"turns":4},{"damage":1,"enemies":"Gremlin Nob","floor":12,"turns":3},{"damage":6,"enemies":"2 Fungi Beasts","floor":14,"turns":3},{"damage":30,"enemies":"The Guardian","floor":16,"turns":9},{"damage":30,"enemies":"Shell Parasite","floor":18,"turns":4},{"damage":33,"enemies":"Spheric Guardian","floor":21,"turns":5},{"damage":41,"enemies":"Gremlin Leader","floor":24,"turns":4}],"seed_played":"-8714066773087311918","potions_obtained":[{"floor":6,"key":"FairyPotion"},{"floor":8,"key":"BlessingOfTheForge"},{"floor":10,"key":"DistilledChaos"},{"floor":12,"key":"Weak Potion"},{"floor":14,"key":"Strength Potion"},{"floor":16,"key":"ColorlessPotion"},{"floor":18,"key":"Strength Potion"},{"floor":21,"key":"BloodPotion"}],"is_trial":false,"path_per_floor":["M","M","M","?","?","E","$","E","T","M","R","E","$","M","R","B",null,"M","?","?","M","?","R","E"],"character_chosen":"IRONCLAD","items_purchased":["Orrery"],"campfire_rested":1,"item_purchase_floors":[7],"current_hp_per_floor":[58,58,58,58,58,28,28,23,23,22,22,21,21,19,39,9,53,23,23,37,4,4,4,0,0],"gold":311,"neow_bonus":"BOSS_RELIC","is_daily":false,"chose_seed":false,"campfire_upgraded":1,"win_rate":0.0,"timestamp":1611636507,"path_taken":["M","M","M","?","?","E","?","E","T","M","R","E","$","M","R","BOSS","M","?","?","M","?","R","E"],"items_purchased_type":["Relic"],"build_version":"2020-12-18","purchased_purges":0,"victory":false,"max_hp_per_floor":[75,75,75,68,68,68,68,68,68,68,68,68,68,68,68,68,68,68,68,68,68,68,68,68,68],"relic_stats":{"counters":[12,51],"Golden Idol":52,"Blue Candle":[1],"Pantograph":0,"Pen Nib":[3],"Cursed Key":1,"MawBank":144,"obtain_stats":[{"Calling Bell":17,"Girya":17,"Golden Idol":4,"Blue Candle":8,"Pantograph":17,"Orrery":7,"Pen Nib":17,"Incense Burner":6,"Cursed Key":0,"MawBank":12,"Burning Blood":0,"White Beast Statue":9},{"Calling Bell":9,"Girya":9,"Golden Idol":3,"Blue Candle":5,"Pantograph":9,"Orrery":4,"Pen Nib":9,"Incense Burner":4,"Cursed Key":0,"MawBank":7,"Burning Blood":0,"White Beast Statue":5},{"Calling Bell":38,"Girya":38,"Golden Idol":9,"Blue Candle":19,"Pantograph":38,"Orrery":13,"Pen Nib":38,"Incense Burner":13,"Cursed Key":0,"MawBank":26,"Burning Blood":0,"White Beast Statue":19}]},"card_choices":[{"not_picked":["Heavy Blade","True Grit"],"picked":"Clothesline","floor":1},{"not_picked":["Perfected Strike","True Grit"],"picked":"Spot Weakness","floor":2},{"not_picked":["Shrug It Off","Disarm"],"picked":"Twin Strike","floor":3},{"not_picked":["Rage","Wild Strike"],"picked":"Iron Wave","floor":6},{"not_picked":["True Grit","Blood for Blood"],"picked":"Sword Boomerang","floor":7},{"not_picked":["Power Through","Cleave"],"picked":"Flame Barrier","floor":7},{"not_picked":["Wild Strike","Burning Pact"],"picked":"Anger","floor":7},{"not_picked":["Pummel","Clash"],"picked":"Pommel Strike","floor":7},{"not_picked":["Heavy Blade","Dual Wield"],"picked":"Fiend Fire","floor":8},{"not_picked":["Wild Strike","Heavy Blade"],"picked":"Pommel Strike","floor":10},{"not_picked":["Bloodletting","Carnage"],"picked":"Reaper","floor":12},{"not_picked":["Flex","Anger","Heavy Blade"],"picked":"SKIP","floor":14},{"not_picked":["Impervious","Barricade"],"picked":"Limit Break","floor":16},{"not_picked":["Clothesline","Bloodletting","Sentinel"],"picked":"SKIP","floor":18},{"not_picked":["True Grit","Rage"],"picked":"Rampage","floor":21}],"player_experience":1282293,"relics_obtained":[{"floor":6,"key":"Incense Burner"},{"floor":8,"key":"Blue Candle"},{"floor":9,"key":"White Beast Statue"},{"floor":12,"key":"MawBank"},{"floor":17,"key":"Pen Nib"},{"floor":17,"key":"Pantograph"},{"floor":17,"key":"Girya"}],"event_choices":[{"damage_healed":0,"gold_gain":0,"player_choice":"Lose Max HP","damage_taken":0,"relics_obtained":["Golden Idol"],"max_hp_gain":0,"max_hp_loss":7,"event_name":"Golden Idol","floor":4,"gold_loss":0},{"damage_healed":0,"gold_gain":0,"player_choice":"Ignored","damage_taken":0,"max_hp_gain":0,"max_hp_loss":0,"event_name":"Liars Game","floor":5,"gold_loss":0},{"damage_healed":0,"gold_gain":0,"player_choice":"Ignored","damage_taken":0,"max_hp_gain":0,"max_hp_loss":0,"event_name":"Ghosts","floor":19,"gold_loss":0},{"damage_healed":14,"gold_gain":0,"player_choice":"Heal","damage_taken":0,"max_hp_gain":0,"max_hp_loss":0,"event_name":"The Library","floor":20,"gold_loss":0},{"cards_removed":["Clumsy"],"damage_healed":0,"gold_gain":0,"player_choice":"Gave Gold","damage_taken":0,"max_hp_gain":0,"max_hp_loss":0,"event_name":"Beggar","floor":22,"gold_loss":75}],"is_beta":true,"boss_relics":[{"not_picked":["SlaversCollar","Busted Crown"],"picked":"Calling Bell"}],"items_purged_floors":[],"is_endless":false,"potions_floor_spawned":[6,8,10,12,14,16,18,21],"killed_by":"Gremlin Leader","ascension_level":20}}