{"host":"dn75ecfuf46shptz","time":1611640337,"event":{"mods":["AchievementEnabler","BaseMod","Bestiary","Better Match","Better Note","Better Sensory Stone","Better Third Choice","Better Vampires","Card Forge","Colored Powertips","Custom Start","Defuse TimeMaze Blight","Displayed Cursed Tome","Ekko","Emptier Cage","Hermit","Highlight Path","Jorbs\u0027s Wanderer Trilogy","Minty Spire (QoL Compilation)","Potionbrewer","Rare Cards Sparkle","Relic Filter","Shade Mod","Spicy Shops","StSLib","The Blue Laboratory","The Disciple","The Dragon Tamer","The Hayseed","The Hierophant","The Judge","The Marked","The Necromancer","The Runesmith","The Valiant","TheFirefly","TheWitcher","Unceasing Turn Reminder"],"gold_per_floor":[167,167,167,247,247,346,406,484,509,626,737,851,964,1063,1075,1375,1387,1444,951,797,827,850,945,1047,1125,1152,1251,1358,1207,1309,1374,1374,1679,1849,1903,1953,1962,1441,1511,1613,1066,692,773,898,916,1018,1122,1266,1266,1723,1723,1798,1798,1400,795,897,897,1017,1165,1165,841,841,928,1004,673,673,996,996,1096,574,601,624,624,740,740,274,443,136,277,437,578,710,710,1051,1051,1157,1157,0,59,113,248,380,503,650,746,893,1193,1319,1319,1319,1670,1670,1754,1754],"floor_reached":103,"language":"ENG","playtime":9905,"items_purged":[],"score":3439,"play_id":"df52825d-802c-4c60-a524-d0e7040860a5","local_time":"20210125235217","daily_mods":["Diverse","Flight","Elite Swarm","Midas"],"is_ascension_mode":false,"campfire_choices":[{"floor":15.0,"key":"REST"},{"floor":32.0,"key":"REST"},{"floor":49.0,"key":"REST"},{"floor":57.0,"key":"REST"},{"floor":66.0,"key":"REST"},{"data":"1","floor":83.0,"key":"LIFT"},{"data":"2","floor":100,"key":"LIFT"}],"circlet_count":0,"master_deck":["hierophant:Kindle+1","Shade:Awaken+1","potionbrewer:ChokingPowder+1","stsjorbsmod:DeathThroes+1","stsjorbsmod:IvoryTower+1","SnafuTest:PowerEquilibrium+1","SnafuTest:PowerAlwaysAWay+1","Goo+5","Siphon_Strength+1","Exhume+1","White Noise+1","TheSimpletonMod:Swelter+1","HandOfGreed+1","Panache+1"],"relics":["Burning Blood","Hammer of Thor","Seething Fire","Anvil of the Gods","Black Star","thefirefly:LongRangeScanner","Membership Card","Omamori","Potion Belt","Singing Bowl","Juzu Bracelet","potionbrewer:SalesContract","Tiny Chest","Champion Belt","SnafuTest:BearRelic","potionbrewer:Torch","SnafuTest:CatRelic","Dream Catcher","Pear","Orichalcum","MawBank","Darkstone Periapt","Bronze Scales","Winged Necklace","potionbrewer:RamsHorn","Charon\u0027s Ashes","Ice Cream","Meat on the Bone","Matryoshka","Ornamental Fan","Incense Burner","Runic Cube","Pantograph","Medical Kit","Mercury Hourglass","Red Skull","Cauldron","Bag of Marbles","MealTicket","Pen Nib","War Paint","Toy Ornithopter","Prayer Wheel","Runesmith:Locket","Lantern","Du-Vu Doll","Calipers","Oddly Smooth Stone","Smiling Mask","Blood Vial","Kunai","Happy Flower","Runesmith:AutoHammer","Boot","CeramicFish","Akabeko","CaptainsWheel","Tiny House","Unceasing Top","Brimstone","Strawberry","PreservedInsect","Frozen Eye","potionbrewer:ToyAutogyro","Bottled Lightning","White Beast Statue","WordoMod:GasMask","Bottled Tornado","OrangePellets","Strange Spoon","Centennial Puzzle","Sling","HandDrill","Anchor","Bag of Preparation","Toxic Egg 2","Regal Pillow","Huge Egg","Vajra","Whetstone","Turnip","Runic Pyramid","Frozen Egg 2","Molten Egg 2","Chemical X","Orrery","Letter Opener","Bottled Flame","TheAbacus","DollysMirror","Self Forming Clay","InkBottle","Lee\u0027s Waffle","Gremlin Horn","Prayer Beads","Eternal Feather","ClockworkSouvenir","potionbrewer:WarMedal","Sundial","Shuriken","Question Card","Torii","Runesmith:Nanobots","Paper Frog","potionbrewer:MortarAndPestle","HornCleat","Bird Faced Urn","Ginger","Lizard Tail","TungstenRod","Girya","Shovel","Red Mask","FossilizedHelix","Old Coin"],"acts_visited":["Exordium","TheCity","TheBeyond","Exordium","TheCity","TheBeyond","Exordium"],"potions_floor_usage":[],"damage_taken":[{"damage":4.0,"enemies":"Cultist","floor":1.0,"turns":3.0},{"damage":0.0,"enemies":"Jaw Worm","floor":4.0,"turns":2.0},{"damage":0.0,"enemies":"3 Sentries","floor":6.0,"turns":2.0},{"damage":0.0,"enemies":"Gremlin Nob","floor":7.0,"turns":2.0},{"damage":0.0,"enemies":"3 Sentries","floor":8.0,"turns":2.0},{"damage":0.0,"enemies":"Lagavulin","floor":10.0,"turns":2.0},{"damage":6.0,"enemies":"Gremlin Nob","floor":11.0,"turns":2.0},{"damage":9.0,"enemies":"3 Sentries","floor":12.0,"turns":3.0},{"damage":0.0,"enemies":"Lagavulin","floor":13.0,"turns":2.0},{"damage":0.0,"enemies":"Gremlin Nob","floor":14.0,"turns":2.0},{"damage":13.0,"enemies":"Hexaghost","floor":16.0,"turns":3.0},{"damage":0.0,"enemies":"Spheric Guardian","floor":18.0,"turns":2.0},{"damage":0.0,"enemies":"2 Thieves","floor":21.0,"turns":1.0},{"damage":0.0,"enemies":"Book of Stabbing","floor":23.0,"turns":1.0},{"damage":0.0,"enemies":"Gremlin Leader","floor":24.0,"turns":1.0},{"damage":0.0,"enemies":"Book of Stabbing","floor":25.0,"turns":2.0},{"damage":0.0,"enemies":"Gremlin Leader","floor":27.0,"turns":1.0},{"damage":0.0,"enemies":"Slavers","floor":28.0,"turns":1.0},{"damage":0.0,"enemies":"Book of Stabbing","floor":30.0,"turns":1.0},{"damage":0.0,"enemies":"Snake Plant","floor":31.0,"turns":1.0},{"damage":0.0,"enemies":"Automaton","floor":33.0,"turns":2.0},{"damage":0.0,"enemies":"3 Shapes","floor":35.0,"turns":1.0},{"damage":0.0,"enemies":"Orb Walker","floor":36.0,"turns":1.0},{"damage":0.0,"enemies":"Jaw Worm Horde","floor":39.0,"turns":1.0},{"damage":0.0,"enemies":"Giant Head","floor":40.0,"turns":1.0},{"damage":0.0,"enemies":"Reptomancer","floor":44.0,"turns":1.0},{"damage":0.0,"enemies":"4 Shapes","floor":46.0,"turns":1.0},{"damage":0.0,"enemies":"Nemesis","floor":47.0,"turns":1.0},{"damage":0.0,"enemies":"Giant Head","floor":48.0,"turns":1.0},{"damage":0.0,"enemies":"Donu and Deca","floor":50.0,"turns":1.0},{"damage":0.0,"enemies":"Small Slimes","floor":52.0,"turns":1.0},{"damage":0.0,"enemies":"2 Louse","floor":56.0,"turns":1.0},{"damage":0.0,"enemies":"Gremlin Nob","floor":58.0,"turns":1.0},{"damage":0.0,"enemies":"3 Sentries","floor":59.0,"turns":1.0},{"damage":0.0,"enemies":"Cultist","floor":63.0,"turns":1.0},{"damage":0.0,"enemies":"Hexaghost","floor":67.0,"turns":1.0},{"damage":0.0,"enemies":"2 Thieves","floor":69.0,"turns":1.0},{"damage":0.0,"enemies":"Gremlin Leader","floor":74.0,"turns":1.0},{"damage":0.0,"enemies":"Slavers","floor":77.0,"turns":1.0},{"damage":0.0,"enemies":"Book of Stabbing","floor":79.0,"turns":1.0},{"damage":0.0,"enemies":"Slavers","floor":80.0,"turns":1.0},{"damage":0.0,"enemies":"Gremlin Leader","floor":81.0,"turns":1.0},{"damage":0.0,"enemies":"Book of Stabbing","floor":82.0,"turns":1.0},{"damage":0.0,"enemies":"Automaton","floor":84.0,"turns":1.0},{"damage":0.0,"enemies":"3 Shapes","floor":86.0,"turns":1.0},{"damage":0.0,"enemies":"3 Darklings","floor":89.0,"turns":1.0},{"damage":0.0,"enemies":"Reptomancer","floor":91.0,"turns":1.0},{"damage":0.0,"enemies":"Giant Head","floor":92.0,"turns":1.0},{"damage":0.0,"enemies":"Reptomancer","floor":93.0,"turns":1.0},{"damage":0.0,"enemies":"Nemesis","floor":94.0,"turns":1.0},{"damage":0.0,"enemies":"Sphere and 2 Shapes","floor":95.0,"turns":1.0},{"damage":0.0,"enemies":"Reptomancer","floor":96.0,"turns":1.0},{"damage":0.0,"enemies":"Nemesis","floor":98.0,"turns":1.0},{"damage":0,"enemies":"Time Eater","floor":101,"turns":2},{"damage":0,"enemies":"Small Slimes","floor":103,"turns":1}],"seed_played":"1716007997753198540","potions_obtained":[],"is_trial":true,"path_per_floor":["M","?","?","M","T","E","E","E","T","E","E","E","E","E","R","B",null,"M","$","$","M","T","E","E","E","T","E","E","$","E","M","R","B",null,"M","M","?","$","M","E","$","$","T","E","?","M","E","E","R","B",null,"M","?","$","$","M","R","E","E","T","$","?","M","T","$","R","B",null,"M","$","T","T","T","E","?","$","E","$","E","E","E","E","R","B",null,"M","?","?","M","T","E","E","E","E","M","E","T","E","?","R","B",null,"M"],"character_chosen":"IRONCLAD","items_purchased":["Violence","Pantograph","Medical Kit","Mercury Hourglass","Red Skull","Cauldron","Bag of Marbles","MealTicket","Boot","CeramicFish","Unceasing Top","Brimstone","Strawberry","PreservedInsect","Frozen Eye","thefirefly:Quine","HandOfGreed","White Beast Statue","WordoMod:GasMask","Bottled Tornado","OrangePellets","Strange Spoon","Centennial Puzzle","Sling","HandDrill","Anchor","Bag of Preparation","Frozen Egg 2","Molten Egg 2","Chemical X","Orrery","Letter Opener","Bottled Flame","TheAbacus","DollysMirror","Self Forming Clay","Panache+1","Lee\u0027s Waffle","Gremlin Horn","Prayer Beads","ClockworkSouvenir","potionbrewer:WarMedal","Sundial","Shuriken","Question Card","Torii","Runesmith:Nanobots","Ginger","Lizard Tail","TungstenRod","Girya","Shovel"],"campfire_rested":5,"item_purchase_floors":[19,19,19,19,19,19,20,20,29,29,38,38,38,38,38,38,38,41,41,41,41,41,42,42,42,42,42,54,54,54,54,55,55,55,55,55,55,61,61,61,65,65,65,70,70,70,70,76,76,76,78,78],"current_hp_per_floor":[82,82,82,84,84,84,86,98,98,100,102,101,106,108,110,105,112,114,114,114,116,116,118,120,122,122,124,126,126,128,132,134,136,143,147,151,151,158,162,164,164,164,164,164,143,155,165,172,174,176,176,180,180,190,190,194,196,198,200,200,207,211,215,215,215,217,219,110,114,114,114,114,114,116,116,116,118,118,120,122,124,126,126,128,128,132,132,132,136,136,138,140,142,144,148,150,150,152,152,152,154,154,158,158],"gold":1754,"neow_bonus":"","is_daily":false,"chose_seed":false,"campfire_upgraded":0,"win_rate":0.0,"timestamp":1611640337,"path_taken":["M","?","?","M","?","E","E","E","T","E","E","E","E","E","R","BOSS","M","$","?","M","?","E","E","E","T","E","E","$","E","?","R","BOSS","M","M","?","$","?","E","$","?","T","E","?","?","E","E","R","BOSS","M","?","$","?","?","R","E","E","T","?","?","M","?","$","R","BOSS","M","?","?","?","?","E","?","?","E","$","E","E","E","E","R","BOSS","M","?","?","?","?","E","E","E","E","?","E","?","E","?","R","BOSS","M"],"items_purchased_type":["Card","Relic","Relic","Relic","Relic","Relic","Relic","Relic","Relic","Relic","Relic","Relic","Relic","Relic","Relic","Card","Card","Relic","Relic","Relic","Relic","Relic","Relic","Relic","Relic","Relic","Relic","Relic","Relic","Relic","Relic","Relic","Relic","Relic","Relic","Relic","Card","Relic","Relic","Relic","Relic","Relic","Relic","Relic","Relic","Relic","Relic","Relic","Relic","Relic","Relic","Relic"],"build_version":"2020-12-22","purchased_purges":0,"victory":false,"max_hp_per_floor":[82,82,82,84,84,84,86,98,98,100,102,104,106,108,110,112,112,114,114,114,116,116,118,120,122,122,124,126,126,128,132,134,136,143,147,151,151,158,162,164,164,164,164,164,164,168,170,172,174,176,176,180,180,190,190,194,196,198,200,200,207,211,215,215,215,217,219,110,114,114,114,114,114,116,116,116,118,118,120,122,124,126,126,128,128,132,132,132,136,136,138,140,142,144,148,150,150,152,152,152,154,154,158,158],"card_choices":[{"not_picked":["Caltrops","Bone_Prison","BlueShift"],"picked":"Singing Bowl","floor":1.0},{"not_picked":["WaveOfTheHand","DTMod:Training","TheSimpletonMod:SaladShooter"],"picked":"Singing Bowl","floor":4.0},{"not_picked":["stsjorbsmod:HoldMonster","theMarked:Vacuum"],"picked":"SnafuTest:PayExoticTreasure","floor":6.0},{"not_picked":["WordoMod:GreatSeal","Unload","SnafuTest:PowerBloodLust"],"picked":"Singing Bowl","floor":7.0},{"not_picked":["SnafuTest:PowerEleganceEmbodiment","hierophant:DivineIntervention","LockedBell"],"picked":"Singing Bowl","floor":8.0},{"not_picked":["hermit:Gambit","Grand Finale","Fiend Fire"],"picked":"Singing Bowl","floor":10.0},{"not_picked":["thefirefly:Unweft","SnafuTest:BlackSunRise","Scrawl"],"picked":"Singing Bowl","floor":11.0},{"not_picked":["ekkoTheBoyWhoShatteredTime:GrandeFinale","Vault","SnafuTest:DecisiveOpportunity"],"picked":"Singing Bowl","floor":12.0},{"not_picked":["Runesmith:Supernova","hermit:RoundhouseKick","hierophant:BulkyChest"],"picked":"Singing Bowl","floor":13.0},{"not_picked":["Buffer","Runesmith:LightningRod","stsjorbsmod:Trauma"],"picked":"Singing Bowl","floor":14.0},{"not_picked":["Go for the Eyes","SnafuTest:BombNorthernWind","TheSimpletonMod:CullingStrike"],"picked":"Singing Bowl","floor":15.0},{"not_picked":["hierophant:Invocation","Shade:Consume","Shade:SelfBurial"],"picked":"Singing Bowl","floor":16.0},{"not_picked":["stsjorbsmod:TinyHut","theMarked:Frustration","LockedBlood"],"picked":"Singing Bowl","floor":18.0},{"not_picked":["theMarked:CreepingChasm","TheSimpletonMod:Ferment","hierophant:Sermon+1"],"picked":"Singing Bowl","floor":21.0},{"not_picked":["Runesmith:CraftIndustria","potionbrewer:BeatDown","ekkoTheBoyWhoShatteredTime:GrandeFinale"],"picked":"Singing Bowl","floor":23.0},{"not_picked":["Requiem","theMarked:SuspiciousRaven","Shade:OfferingToTheBeyond"],"picked":"Singing Bowl","floor":24.0},{"not_picked":["SnafuTest:PowerBloodLust","hermit:Magnum","TearPsyche"],"picked":"Singing Bowl","floor":25.0},{"not_picked":["SnafuTest:DecisiveOpportunity","Runesmith:LightningRod","hermit:Adapt"],"picked":"Singing Bowl","floor":27.0},{"not_picked":["Cloudkill","TheSimpletonMod:Mushrooms","stsjorbsmod:Fireball"],"picked":"Singing Bowl","floor":28.0},{"not_picked":["ekkoTheBoyWhoShatteredTime:TimeIndustry","Bombastic","RageCommand"],"picked":"Singing Bowl","floor":30.0},{"not_picked":["Echoward","hermit:EyeOfTheStorm","hermit:Coalescence"],"picked":"Singing Bowl","floor":31.0},{"not_picked":["thefirefly:RollBack","SnafuTest:PowerFireDamnation","stsjorbsmod:Firebolt"],"picked":"Singing Bowl","floor":31.0},{"not_picked":["Redo","Defragment","Strike_from_Beyond"],"picked":"Singing Bowl","floor":32.0},{"not_picked":["Runesmith:ReplicatingBarrier","Immolate","Establishment"],"picked":"Singing Bowl","floor":33.0},{"not_picked":["stsjorbsmod:Will","Cleave+1","SnafuTest:SmashingSlash"],"picked":"Singing Bowl","floor":34.0},{"not_picked":["DTMod:Feint+1","Blizzard","Fasting2"],"picked":"Singing Bowl","floor":35.0},{"not_picked":["Chainer+1","Double Energy","Shade:SkeletonHug"],"picked":"Singing Bowl","floor":35.0},{"not_picked":["TheSimpletonMod:Corn","Shade:CloudOfShrapnel+1","theMarked:Determination"],"picked":"Singing Bowl","floor":36.0},{"not_picked":["Catalyst+1","Underhanded Strike+1","SnafuTest:AncestralRitual+1"],"picked":"Singing Bowl","floor":36.0},{"not_picked":["Runesmith:NegativeSpace","DivineFavor+1","TheSimpletonMod:Pruning"],"picked":"Singing Bowl","floor":39.0},{"not_picked":["Static Discharge+1","FTL","hermit:PistolWhip"],"picked":"Singing Bowl","floor":39.0},{"not_picked":["stsjorbsmod:Banish","Glass Knife","Bullet Time"],"picked":"Singing Bowl","floor":40.0},{"not_picked":["DTMod:ShadowImage","ekkoTheBoyWhoShatteredTime:Chronobreak"],"picked":"SnafuTest:Celebration+1","floor":44.0},{"not_picked":["Scare+1","SnafuTest:PowerAlwaysOnRoads","Engulf+1"],"picked":"Singing Bowl","floor":46.0},{"not_picked":["DivineFavor+1","potionbrewer:ChokingPowder+1","WordoMod:BreakChains+1"],"picked":"Singing Bowl","floor":46.0},{"not_picked":["thefirefly:CreateClone","SnafuTest:PowerEquilibrium","Immolate"],"picked":"Singing Bowl","floor":47.0},{"not_picked":["ekkoTheBoyWhoShatteredTime:ProjectPreference","TheSimpletonMod:ResistantStrain","TheSimpletonMod:Photosynthesis"],"picked":"Singing Bowl","floor":48.0},{"not_picked":["Setup+1","hierophant:CoinFling","hierophant:Sermon+1"],"picked":"Singing Bowl","floor":49.0},{"not_picked":["Runesmith:GrandSlam","TheSimpletonMod:BuzzBomb","stsjorbsmod:ThirstingSword"],"picked":"Singing Bowl","floor":50.0},{"not_picked":["hermit:HoleUp+1","ekkoTheBoyWhoShatteredTime:SneakHit","TheSimpletonMod:PestManagement"],"picked":"Singing Bowl","floor":52.0},{"not_picked":["theMarked:ParalyzingBlade+1","stsjorbsmod:TrueStrike","SnafuTest:BombDimeritium+1"],"picked":"Singing Bowl","floor":52.0},{"not_picked":["Prostrate+1","Runesmith:Prism+1","thefirefly:AutoTargeting+1"],"picked":"Singing Bowl","floor":54.0},{"not_picked":["theMarked:EternalStudent+1","Shade:TouchOfTheGrave+1","SnafuTest:PowerCrimsonRitual+1"],"picked":"Singing Bowl","floor":54.0},{"not_picked":["SnafuTest:Shooting+1","theMarked:Maelstrom+1","DualSpirit+1"],"picked":"Singing Bowl","floor":54.0},{"not_picked":["SnafuTest:UndefeatedNarcissism+1","WordoMod:Retaliate+1","hermit:Ricochet+1"],"picked":"Singing Bowl","floor":54.0},{"not_picked":["thefirefly:CoveringFire+1","Runesmith:HammerAndChisel+1","SnafuTest:GraveDancingPaleFire+1"],"picked":"Singing Bowl","floor":54.0},{"not_picked":["WordoMod:MaliceSoul+1","Bone_Spikes+1","SnafuTest:SpellTelekinesis+1"],"picked":"Singing Bowl","floor":56.0},{"not_picked":["SnafuTest:PaySmithWorkshop+1","WordoMod:MementoMori+1","DTMod:BreakAttack+1"],"picked":"Singing Bowl","floor":56.0},{"not_picked":["ExoVibe+1","stsjorbsmod:LoseGrip+1","DTMod:Coolant+1"],"picked":"Singing Bowl","floor":57.0},{"not_picked":["SnafuTest:BlackSunReturn+1","hermit:FinalCanter+1","hierophant:Determination+1"],"picked":"Singing Bowl","floor":58.0},{"not_picked":["Overburn+1","SnafuTest:WarofClans+1","theMarked:TakeOffHeels+1"],"picked":"Singing Bowl","floor":59.0},{"not_picked":["HandOfGreed+1","Bandage Up+1","Swift Strike+1"],"picked":"Singing Bowl","floor":62.0},{"not_picked":["Panacea+1","Deep Breath+1","Jack Of All Trades+1"],"picked":"Singing Bowl","floor":62.0},{"not_picked":["Reflex+1","Runesmith:Discharge+1","DTMod:QuickFly+1"],"picked":"Singing Bowl","floor":63.0},{"not_picked":["hierophant:OrnateBuckler+1","Shade:Bite_Shade+1","potionbrewer:ChemicalWeapons+1"],"picked":"Singing Bowl","floor":63.0},{"not_picked":["SnafuTest:WitchHunt+1","ekkoTheBoyWhoShatteredTime:AfterimageBait+1","ekkoTheBoyWhoShatteredTime:LichBane+1"],"picked":"Singing Bowl","floor":66.0},{"not_picked":["ekkoTheBoyWhoShatteredTime:GrandeFinale+1","TheSimpletonMod:DesperatePlunge+1","OverTime+1"],"picked":"Singing Bowl","floor":67.0},{"not_picked":["SnafuTest:WeddingDance+1","stsjorbsmod:LocateObject+1","SnafuTest:PowerAlwaysOnRoads+1"],"picked":"Singing Bowl","floor":69.0},{"not_picked":["hierophant:ArchangelShield+1","stsjorbsmod:Message+1","hermit:Glare+1"],"picked":"Singing Bowl","floor":69.0},{"not_picked":["SnafuTest:GraveDancingPaleFire+1","Negative_Energy_Bomb+1","hierophant:BulkyChest+1","WordoMod:GreatSeal+1"],"picked":"Singing Bowl","floor":74.0},{"not_picked":["MasterReality+1","Shade:LastGasp+1","Feed+1","theMarked:Challenge+1"],"picked":"Singing Bowl","floor":77.0},{"not_picked":["Shade:UnbarTheGrave+1","stsjorbsmod:Trauma+1","Shade:SelfBurial+1","thefirefly:HyperspaceAssault+1"],"picked":"Singing Bowl","floor":79.0},{"not_picked":["DTMod:Prediction+1","ekkoTheBoyWhoShatteredTime:OverloadingWeapon+1","Blood_Magic+1","Bullet Time+1"],"picked":"Singing Bowl","floor":80.0},{"not_picked":["Alpha+1","hierophant:Determination+1","Glass Knife+1","potionbrewer:BeatDown+1"],"picked":"Singing Bowl","floor":81.0},{"not_picked":["Reaper+1","TheSimpletonMod:ErosionControl+1","SnafuTest:Decapitate+1","Runesmith:GrandSlam+1"],"picked":"Singing Bowl","floor":82.0},{"not_picked":["thefirefly:TachyonBeam+1","Bludgeon+1","potionbrewer:EquivalentExchange+1","Brutality+1"],"picked":"Singing Bowl","floor":84.0},{"not_picked":["potionbrewer:OneTwoPunch+1","SnafuTest:SpellTelekinesis+1","FlyingSleeves+1","Shade:CallOfTheGrave+1"],"picked":"Singing Bowl","floor":86.0},{"not_picked":["theMarked:WardOff+1","potionbrewer:VolatileSolution+1","TheSimpletonMod:CrackOfDawn+1","ClearTheMind+1"],"picked":"Singing Bowl","floor":86.0},{"not_picked":["potionbrewer:AnotherRound+1","ekkoTheBoyWhoShatteredTime:Resocharge+1","Headbutt+1","Runesmith:Firewall+1"],"picked":"Singing Bowl","floor":89.0},{"not_picked":["DTMod:ComboAttack+1","stsjorbsmod:Will+1","Hologram+1","stsjorbsmod:UnseenServant+1"],"picked":"Singing Bowl","floor":89.0},{"not_picked":["DTMod:RepeatStrike+1","potionbrewer:AlchemistForm+1","WordoMod:MorbidFascination+1","LockedFlame+1"],"picked":"Singing Bowl","floor":91.0},{"not_picked":["TheSimpletonMod:VolatileFumes+1","TheSimpletonMod:Spinach+1","Runesmith:DuctTape+1","hermit:Adapt+1"],"picked":"Singing Bowl","floor":92.0},{"not_picked":["Wraith Form v2+1","Die Die Die+1","Reaper+1","Immolate+1"],"picked":"Singing Bowl","floor":93.0},{"not_picked":["SnafuTest:Decapitate+1","SnafuTest:TradeOrTrick+1","theMarked:Defy+1","Salvation+1"],"picked":"Singing Bowl","floor":94.0},{"not_picked":["stsjorbsmod:BurningFlask+1","hermit:EyeOfTheStorm+1","stsjorbsmod:DoubleCheck+1","Runesmith:HammerThrow+1"],"picked":"Singing Bowl","floor":95.0},{"not_picked":["WideSmite+1","theMarked:CreepingChasm+1","WordoMod:Vulgarity+1","Meteor Strike+1"],"picked":"Singing Bowl","floor":95.0},{"not_picked":["Shade:LoseControl+1","Venomology+1","TheSimpletonMod:BuzzBomb+1","theMarked:Defy+1"],"picked":"Singing Bowl","floor":96.0},{"not_picked":["Runesmith:Supernova+1","theMarked:ChannelForce+1","ekkoTheBoyWhoShatteredTime:OverloadingWeapon+1","theMarked:Toughness+1"],"picked":"Singing Bowl","floor":98.0},{"not_picked":["Brutality+1","Shade:LichForm+1","Shade:SelfBurial+1","stsjorbsmod:Banish+1"],"picked":"Singing Bowl","floor":101},{"not_picked":["Engulf+1","theMarked:CreepingChasm+1","LockedTurtyl+1","stsjorbsmod:ParryingBlow+1"],"picked":"Singing Bowl","floor":103},{"not_picked":["hermit:SprayPray+1","hierophant:CoinFling+1","Perfected Strike+1","potionbrewer:LeftoverSpecimen+1"],"picked":"Singing Bowl","floor":103}],"player_experience":204217,"relics_obtained":[{"floor":5.0,"key":"Tiny Chest"},{"floor":6.0,"key":"Champion Belt"},{"floor":6.0,"key":"SnafuTest:BearRelic"},{"floor":7.0,"key":"SnafuTest:CatRelic"},{"floor":7.0,"key":"Dream Catcher"},{"floor":8.0,"key":"Pear"},{"floor":8.0,"key":"Orichalcum"},{"floor":9.0,"key":"MawBank"},{"floor":10.0,"key":"Darkstone Periapt"},{"floor":10.0,"key":"Bronze Scales"},{"floor":11.0,"key":"Winged Necklace"},{"floor":11.0,"key":"potionbrewer:RamsHorn"},{"floor":12.0,"key":"Charon\u0027s Ashes"},{"floor":12.0,"key":"Ice Cream"},{"floor":13.0,"key":"Meat on the Bone"},{"floor":13.0,"key":"Matryoshka"},{"floor":14.0,"key":"Ornamental Fan"},{"floor":14.0,"key":"Incense Burner"},{"floor":22.0,"key":"Pen Nib"},{"floor":22.0,"key":"War Paint"},{"floor":23.0,"key":"Toy Ornithopter"},{"floor":23.0,"key":"Prayer Wheel"},{"floor":24.0,"key":"Runesmith:Locket"},{"floor":24.0,"key":"Lantern"},{"floor":25.0,"key":"Du-Vu Doll"},{"floor":25.0,"key":"Calipers"},{"floor":26.0,"key":"Oddly Smooth Stone"},{"floor":26.0,"key":"Smiling Mask"},{"floor":27.0,"key":"Blood Vial"},{"floor":27.0,"key":"Kunai"},{"floor":28.0,"key":"Happy Flower"},{"floor":28.0,"key":"Runesmith:AutoHammer"},{"floor":30.0,"key":"Akabeko"},{"floor":30.0,"key":"CaptainsWheel"},{"floor":40.0,"key":"potionbrewer:ToyAutogyro"},{"floor":40.0,"key":"Bottled Lightning"},{"floor":43.0,"key":"Toxic Egg 2"},{"floor":44.0,"key":"Regal Pillow"},{"floor":44.0,"key":"Huge Egg"},{"floor":47.0,"key":"Vajra"},{"floor":48.0,"key":"Whetstone"},{"floor":48.0,"key":"Turnip"},{"floor":60.0,"key":"InkBottle"},{"floor":64.0,"key":"Eternal Feather"},{"floor":71.0,"key":"Paper Frog"},{"floor":72.0,"key":"potionbrewer:MortarAndPestle"},{"floor":73.0,"key":"HornCleat"},{"floor":90.0,"key":"FossilizedHelix"},{"floor":97.0,"key":"Old Coin"}],"event_choices":[{"damage_healed":0.0,"max_hp_gain":0.0,"max_hp_loss":0.0,"gold_gain":0.0,"event_name":"The Woman in Blue","player_choice":"Bought 0 Potions","floor":2.0,"gold_loss":0.0,"damage_taken":0.0},{"cards_removed":["theMarked:UnarmedFury"],"damage_healed":0.0,"max_hp_gain":0.0,"max_hp_loss":0.0,"gold_gain":0.0,"event_name":"Purifier","player_choice":"Purged","floor":3.0,"gold_loss":0.0,"damage_taken":0.0},{"cards_removed":["TheSimpletonMod:Swelter"],"damage_healed":0.0,"max_hp_gain":0.0,"max_hp_loss":0.0,"gold_gain":0.0,"event_name":"Falling","player_choice":"Removed Skill","floor":37.0,"gold_loss":0.0,"damage_taken":0.0},{"damage_healed":0.0,"max_hp_gain":0.0,"max_hp_loss":0.0,"gold_gain":0.0,"event_name":"Winding Halls","player_choice":"Embrace Madness","floor":45.0,"gold_loss":0.0,"damage_taken":21.0,"cards_obtained":["Madness","Madness"]},{"cards_removed":["stsjorbsmod:IvoryTower"],"damage_healed":0.0,"max_hp_gain":0.0,"max_hp_loss":0.0,"gold_gain":0.0,"event_name":"betterNote:BetterNote","player_choice":"Give","floor":53.0,"gold_loss":0.0,"damage_taken":0.0,"cards_obtained":["EmpoweringForce"]},{"damage_healed":0.0,"max_hp_gain":0.0,"max_hp_loss":0.0,"gold_gain":4.0,"event_name":"betterStone:BetterStone","player_choice":"1","floor":62.0,"gold_loss":0.0,"damage_taken":0.0},{"damage_healed":0.0,"max_hp_gain":0.0,"max_hp_loss":0.0,"gold_gain":0.0,"event_name":"The Mausoleum","player_choice":"Opened","floor":75.0,"gold_loss":0.0,"damage_taken":0.0,"relics_obtained":["Bird Faced Urn"],"cards_obtained":["Writhe"]},{"cards_removed":["Shade:DarkOfNight"],"damage_healed":0.0,"max_hp_gain":0.0,"max_hp_loss":0.0,"gold_gain":0.0,"event_name":"Falling","player_choice":"Removed Skill","floor":87.0,"gold_loss":0.0,"damage_taken":0.0},{"damage_healed":0.0,"max_hp_gain":0.0,"max_hp_loss":0.0,"gold_gain":0.0,"event_name":"Tomb of Lord Red Mask","player_choice":"Paid","floor":88.0,"gold_loss":1157.0,"damage_taken":0.0,"relics_obtained":["Red Mask"]},{"damage_healed":0,"gold_gain":0,"player_choice":"Ignored","damage_taken":0,"max_hp_gain":0,"max_hp_loss":0,"event_name":"Upgrade Shrine","floor":99,"gold_loss":0}],"is_beta":false,"boss_relics":[{"not_picked":["Busted Crown","Philosopher\u0027s Stone"],"picked":"Runic Cube"},{"not_picked":["Cursed Key","Pandora\u0027s Box"],"picked":"Tiny House"},{"not_picked":["Empty Cage","potionbrewer:BhaskarasWheel"],"picked":"Runic Pyramid"},{"not_picked":["GraspOfShadows"],"picked":"BlightedDurian"},{"not_picked":["Accursed"],"picked":"MetallicRebirth"},{"not_picked":["VoidEssence"],"picked":"Accursed"}],"items_purged_floors":[],"is_endless":true,"potions_floor_spawned":[1,4,7,13,23,28,31,33,36,44,46,47,48,50,52,56,58,59,63,67,69,74,77,79,80,81,82,84,86,89,91,92,93,94,95,96,98,101,103],"killed_by":"Small Slimes","ascension_level":0}}