{"host":"jumrmhf584hajrnz","time":1611679122,"event":{"mods":["BaseMod","Duelist Mod","GifTheSpireLib","Minty Spire (QoL Compilation)","Quick Restart","Replay The Spire","StSLib"],"gold_per_floor":[138,148,335,335,347,347,382,382,436,436,436],"floor_reached":10,"language":"ENG","playtime":582,"items_purged":[],"score":132,"play_id":"a89bdd59-da13-4c4c-8dfc-4cbc770e1c79","local_time":"20210126173842","is_ascension_mode":true,"campfire_choices":[{"floor":6.0,"key":"REST"},{"floor":8.0,"key":"RECALL"}],"circlet_count":0,"master_deck":["theDuelist:SevenColoredFish","theDuelist:SevenColoredFish","theDuelist:AquaSpirit","AscendersBane","theDuelist:CastleWalls","theDuelist:CastleWalls","theDuelist:IslandTurtle","theDuelist:IslandTurtle","theDuelist:RevivalJam","theDuelist:Sparks","theDuelist:Sparks","theDuelist:LostBlueBreaker","theDuelist:EvigishkiTetrogre","Enlightenment","theDuelist:GishkiPsychelone","theDuelist:AtlanteanAttackSquad","theDuelist:EvigishkiTetrogre"],"relics":["theDuelist:MillenniumPuzzle","theDuelist:CardPoolRelic","theDuelist:CardPoolBasicRelic","theDuelist:BoosterPackPoolRelic","theDuelist:CardPoolAddRelic","theDuelist:CardPoolMinusRelic","theDuelist:CardPoolSaveRelic","theDuelist:CardPoolOptionsRelic","Gremlin Food"],"acts_visited":["Exordium"],"potions_floor_usage":[],"damage_taken":[{"damage":2.0,"enemies":"Cultist","floor":1.0,"turns":4.0},{"damage":7.0,"enemies":"Small Slimes","floor":2.0,"turns":3.0},{"damage":0.0,"enemies":"Jaw Worm","floor":5.0,"turns":3.0},{"damage":42.0,"enemies":"Gremlin Nob","floor":7.0,"turns":4.0},{"damage":0,"enemies":"Lagavulin","floor":10,"turns":1}],"seed_played":"1674987787540026661","potions_obtained":[{"floor":5.0,"key":"theDuelist:FireBottle"},{"floor":7.0,"key":"theDuelist:WaterBottle"}],"is_trial":false,"path_per_floor":["M","M","?","?","M","R","E","R","T","E"],"character_chosen":"THE_DUELIST","items_purchased":[],"campfire_rested":1,"item_purchase_floors":[],"current_hp_per_floor":[61,54,31,31,31,52,10,10,10,10,10],"gold":436,"neow_bonus":"ONE_RANDOM_RARE_CARD","is_daily":false,"chose_seed":false,"campfire_upgraded":0,"win_rate":0.0,"timestamp":1611679122,"path_taken":["M","M","?","?","M","R","E","R","T","E"],"items_purchased_type":[],"build_version":"2020-12-22","purchased_purges":0,"victory":false,"max_hp_per_floor":[70,70,70,70,70,70,70,70,70,70,70],"card_choices":[{"not_picked":["theDuelist:MermaidKnight","theDuelist:GiantTurtle","theDuelist:FishSwaps","theDuelist:Cryomancer"],"picked":"theDuelist:EvigishkiTetrogre","floor":1.0},{"not_picked":["Chrysalis","Good Instincts","Sadistic Nature"],"picked":"Enlightenment","floor":2.0},{"not_picked":["theDuelist:SplashCapture","theDuelist:LostBlueBreaker"],"picked":"theDuelist:GishkiPsychelone","floor":3.0},{"not_picked":["theDuelist:Skystarray","theDuelist:OldWhiteTurtle","theDuelist:GemKnightAmethyst","theDuelist:AbyssWarrior"],"picked":"theDuelist:AtlanteanAttackSquad","floor":5.0},{"not_picked":["theDuelist:SevenColoredFish","theDuelist:IslandTurtle","theDuelist:VampireScarletScourge","theDuelist:VampireGrimson"],"picked":"theDuelist:EvigishkiTetrogre","floor":7.0}],"player_experience":1567369,"relics_obtained":[{"floor":7.0,"key":"Gremlin Food"}],"event_choices":[{"damage_healed":0.0,"max_hp_gain":0.0,"max_hp_loss":0.0,"gold_gain":0.0,"event_name":"Battle City","player_choice":"Leave","duelist":true,"floor":4.0,"gold_loss":0.0,"damage_taken":0.0}],"is_beta":false,"boss_relics":[],"items_purged_floors":[],"is_endless":false,"potions_floor_spawned":[5,7],"killed_by":"Lagavulin","ascension_level":20}}