{"host":"opgesw7sb5n0ordz","time":1611624246,"event":{"mods":["BaseMod","Better Note","Colored Powertips","Downfall","Minty Spire (QoL Compilation)","Relic Stats","StSLib","Unceasing Turn Reminder"],"gold_per_floor":[99,99,274,274,274,306,306,322,334,350,250,276,304,301,323,436,448,460,491,521,533,545,557,592,604,604,604],"floor_reached":25,"language":"ENG","playtime":1135,"items_purged":[],"score":229,"play_id":"ef817fc1-895d-4a05-8dbe-f7a89fb381c1","local_time":"20210125202406","is_ascension_mode":true,"campfire_choices":[{"floor":1,"key":"RECALL"},{"floor":11,"key":"REST"},{"data":"hexamod:EtherealExpedition","floor":18,"key":"SMITH"}],"circlet_count":0,"master_deck":["hexamod:Strike","hexamod:Strike","hexamod:Strike","hexamod:Strike","hexamod:Defend","hexamod:Defend","hexamod:Defend","hexamod:Defend","hexamod:Sear","hexamod:Float","hexamod:SuperheatedStrike","Doubt","hexamod:EtherealExpedition+1","hexamod:ThermalTransfer","hexamod:NecessarySacrifice+1","hexamod:FirstSeal","hexamod:EmpoweredFlame","hexamod:NightmareStrike","hexamod:Hexaguard","hexamod:SkipABeat","hexamod:Incineration","hexamod:FifthSeal","hexamod:SixthSeal","hexamod:Firestarter+1","hexamod:SpectralAdrenaline","downfall:Bewildered"],"relics":["hexamod:SpiritBrand","downfall:HeartsMalice","Torii","downfall:HeartBlessingRed","MawBank","Cursed Key","Ancient Tea Set","Omamori"],"acts_visited":["Exordium","TheCity"],"potions_floor_usage":[16,25,25,25],"damage_taken":[{"damage":0,"enemies":"2 Louse","floor":2,"turns":1},{"damage":0,"enemies":"Jaw Worm","floor":4,"turns":1},{"damage":0,"enemies":"Cultist","floor":5,"turns":1},{"damage":40,"enemies":"Lagavulin","floor":6,"turns":6},{"damage":14,"enemies":"Exordium Thugs","floor":8,"turns":5},{"damage":1,"enemies":"Blue Slaver","floor":9,"turns":3},{"damage":9,"enemies":"Large Slime","floor":10,"turns":6},{"damage":1,"enemies":"Red Slaver","floor":13,"turns":2},{"damage":0,"enemies":"downfall:FleeingMerchant","floor":14,"turns":4},{"damage":2,"enemies":"3 Louse","floor":15,"turns":3},{"damage":50,"enemies":"DF_ARCHETYPE_STREAMLINE","floor":16,"turns":11},{"damage":21,"enemies":"Spheric Guardian","floor":19,"turns":6},{"damage":35,"enemies":"Chosen and Byrds","floor":20,"turns":6},{"damage":35,"enemies":"Sentry and Sphere","floor":25,"turns":7}],"seed_played":"-242896872826848253","potions_obtained":[{"floor":6,"key":"EntropicBrew"},{"floor":8,"key":"PowerPotion"},{"floor":10,"key":"PowerPotion"},{"floor":16,"key":"hexamod:EctoCoolerPotion"},{"floor":23,"key":"Block Potion"}],"is_trial":false,"path_per_floor":["R","M","?","M","M","E","T","M","M","M","R","T","M","$","M","B",null,"R","M","M","?","?","?","T","M"],"character_chosen":"THE_SPIRIT","items_purchased":[],"campfire_rested":1,"item_purchase_floors":[],"current_hp_per_floor":[70,70,70,70,70,30,30,16,22,20,41,41,47,54,59,16,70,70,56,28,28,28,28,28,0,0,0],"gold":604,"neow_bonus":"THREE_ENEMY_KILL","is_daily":false,"chose_seed":false,"campfire_upgraded":1,"win_rate":0.0,"timestamp":1611624246,"path_taken":["R","M","?","M","M","E","T","M","M","M","R","?","?","$","M","BOSS","R","M","M","?","?","?","T","?"],"items_purchased_type":[],"build_version":"2020-12-22","purchased_purges":0,"victory":false,"max_hp_per_floor":[70,70,70,70,70,70,70,70,70,70,70,70,70,70,70,70,70,70,70,70,70,70,70,70,70,70,70],"relic_stats":{"Torii":21,"counters":[14,59],"MawBank":156,"Cursed Key":1,"obtain_stats":[{"Centennial Puzzle":6,"Torii":7,"downfall:HeartBlessingRed":11,"downfall:HeartsMalice":0,"Omamori":24,"MawBank":12,"Cursed Key":17,"Ancient Tea Set":21,"hexamod:SpiritBrand":0},{"Centennial Puzzle":4,"Torii":4,"downfall:HeartBlessingRed":7,"downfall:HeartsMalice":0,"Omamori":13,"MawBank":7,"Cursed Key":11,"Ancient Tea Set":13,"hexamod:SpiritBrand":0},{"Centennial Puzzle":6,"Torii":6,"downfall:HeartBlessingRed":20,"downfall:HeartsMalice":0,"Omamori":52,"MawBank":20,"Cursed Key":40,"Ancient Tea Set":52,"hexamod:SpiritBrand":0}]},"card_choices":[{"not_picked":["hexamod:Firestarter","hexamod:AdvancingGuard"],"picked":"hexamod:SuperheatedStrike","floor":2},{"not_picked":["hexamod:BurningTouch","hexamod:ThermalTransfer"],"picked":"hexamod:EtherealExpedition","floor":4},{"not_picked":["hexamod:SkipABeat","hexamod:ChargedBarrage"],"picked":"hexamod:ThermalTransfer","floor":5},{"not_picked":["hexamod:ApocalypseNow","hexamod:RetreatToShadows"],"picked":"hexamod:NecessarySacrifice","floor":6},{"not_picked":["hexamod:Incineration","hexamod:SpectersWail"],"picked":"hexamod:FirstSeal","floor":8},{"not_picked":["hexamod:HeatMetal","hexamod:GhostLash"],"picked":"hexamod:EmpoweredFlame","floor":9},{"not_picked":["hexamod:SpectersWail","hexamod:AdvancingGuard"],"picked":"hexamod:NightmareStrike","floor":10},{"not_picked":["hexamod:Rewind","hexamod:FastForward"],"picked":"hexamod:Hexaguard","floor":13},{"not_picked":["hexamod:UnleashSpirits","hexamod:ChargedBarrage"],"picked":"hexamod:SkipABeat","floor":14},{"not_picked":["hexamod:BurningTouch","hexamod:AdvancingGuard"],"picked":"hexamod:Incineration","floor":15},{"not_picked":["hexamod:TurnItUp","hexamod:Toasty"],"picked":"hexamod:FifthSeal","floor":16},{"not_picked":["hexamod:FirstSeal","hexamod:ThirdSeal"],"picked":"hexamod:SixthSeal","floor":19},{"not_picked":["hexamod:CatchUp","hexamod:BacktrackSmack"],"picked":"hexamod:Firestarter+1","floor":19},{"not_picked":["hexamod:NightmareStrike+1","hexamod:FifthSeal"],"picked":"hexamod:SpectralAdrenaline","floor":20}],"player_experience":746081,"relics_obtained":[{"floor":6,"key":"Centennial Puzzle"},{"floor":7,"key":"Torii"},{"floor":12,"key":"MawBank"},{"floor":24,"key":"Omamori"}],"event_choices":[{"damage_healed":0,"gold_gain":0,"player_choice":"Stole Relic","damage_taken":0,"relics_obtained":["Ancient Tea Set"],"max_hp_gain":0,"max_hp_loss":0,"event_name":"Addict","floor":21,"gold_loss":0,"cards_obtained":["Pride"]}],"is_beta":false,"boss_relics":[{"not_picked":["Empty Cage","Tiny House"],"picked":"Cursed Key"}],"items_purged_floors":[],"is_endless":false,"potions_floor_spawned":[6,8,10,15,16,20],"killed_by":"Sentry and Sphere","ascension_level":3}}