{"host":"8by3m8mve9y2rhh4","time":1611620998,"event":{"mods":["BaseMod","Minty Spire (QoL Compilation)","Quick Restart"],"gold_per_floor":[113,113,38,113,40,75,94,59,84,84,102,102,127,167,167,298,298,312,312,10,10,30,65,90,134,160,160,204,229,144,144,144,270,270,285,305,365,365,365,385,385,385,411,474,474,510,190,223,223,223,223,223,9,42,42,42],"floor_reached":55,"language":"ENG","playtime":4597,"items_purged":["Strike_G","Strike_G","Parasite"],"score":878,"play_id":"b2139a6d-6b68-4c98-a440-3b868d7d46c6","local_time":"20210126002958","is_ascension_mode":true,"campfire_choices":[{"floor":12,"key":"REST"},{"floor":15,"key":"REST"},{"floor":27,"key":"REST"},{"floor":32,"key":"REST"},{"floor":42,"key":"RECALL"},{"data":"A Thousand Cuts","floor":45,"key":"SMITH"},{"floor":49,"key":"REST"},{"data":"A Thousand Cuts","floor":52,"key":"SMITH"}],"circlet_count":0,"master_deck":["Defend_G","Defend_G+1","Defend_G","Defend_G","Survivor","Neutralize","Caltrops","Infinite Blades+1","Escape Plan","All Out Attack","Escape Plan+1","Cloak And Dagger","Footwork+1","Die Die Die","A Thousand Cuts+1","Blade Dance","Distraction","Prepared","Blade Dance","Cloak And Dagger","Adrenaline","Cloak And Dagger+1","Dodge and Roll","Caltrops+1","A Thousand Cuts+1","Cloak And Dagger+1","Infinite Blades"],"relics":["Empty Cage","Golden Idol","Dream Catcher","PreservedInsect","Bag of Marbles","Philosopher\u0027s Stone","Anchor","Oddly Smooth Stone","War Paint","Strawberry","Regal Pillow","Blood Vial","Busted Crown","Lizard Tail","Ginger","Orichalcum","Membership Card","Lantern","Juzu Bracelet","Pen Nib","Sling","Snake Skull"],"acts_visited":["Exordium","TheCity","TheBeyond","TheEnding"],"potions_floor_usage":[14,16,23,28,28,31,33,37,50,50,55,55,55],"damage_taken":[{"damage":1,"enemies":"Jaw Worm","floor":1,"turns":5},{"damage":28,"enemies":"3 Sentries","floor":6,"turns":12},{"damage":10,"enemies":"2 Louse","floor":7,"turns":4},{"damage":0,"enemies":"Small Slimes","floor":11,"turns":4},{"damage":6,"enemies":"Looter","floor":13,"turns":4},{"damage":6,"enemies":"Gremlin Nob","floor":14,"turns":4},{"damage":35,"enemies":"Slime Boss","floor":16,"turns":10},{"damage":2,"enemies":"Spheric Guardian","floor":18,"turns":4},{"damage":0,"enemies":"3 Byrds","floor":22,"turns":2},{"damage":43,"enemies":"Book of Stabbing","floor":23,"turns":4},{"damage":3,"enemies":"Centurion and Healer","floor":24,"turns":6},{"damage":10,"enemies":"Gremlin Leader","floor":25,"turns":5},{"damage":0,"enemies":"Slavers","floor":28,"turns":2},{"damage":12,"enemies":"Snake Plant","floor":29,"turns":4},{"damage":0,"enemies":"3 Cultists","floor":31,"turns":2},{"damage":40,"enemies":"Automaton","floor":33,"turns":11},{"damage":0,"enemies":"3 Shapes","floor":35,"turns":3},{"damage":0,"enemies":"Orb Walker","floor":36,"turns":3},{"damage":7,"enemies":"2 Orb Walkers","floor":37,"turns":4},{"damage":1,"enemies":"Writhing Mass","floor":40,"turns":7},{"damage":0,"enemies":"Mind Bloom Boss Battle","floor":44,"turns":7},{"damage":0,"enemies":"Giant Head","floor":46,"turns":6},{"damage":25,"enemies":"Nemesis","floor":48,"turns":5},{"damage":73,"enemies":"Awakened One","floor":50,"turns":11},{"damage":36,"enemies":"Shield and Spear","floor":54,"turns":4},{"damage":36,"enemies":"The Heart","floor":55,"turns":2}],"seed_played":"7309917863800219232","potions_obtained":[{"floor":1,"key":"Energy Potion"},{"floor":7,"key":"PowerPotion"},{"floor":13,"key":"SmokeBomb"},{"floor":14,"key":"Block Potion"},{"floor":24,"key":"SteroidPotion"},{"floor":25,"key":"AttackPotion"},{"floor":29,"key":"LiquidBronze"},{"floor":33,"key":"BlessingOfTheForge"},{"floor":36,"key":"Swift Potion"},{"floor":40,"key":"Swift Potion"},{"floor":44,"key":"Ancient Potion"}],"is_trial":false,"path_per_floor":["M","?","$","?","$","E","M","?","T","?","M","R","M","E","R","B",null,"M","?","$","?","M","E","M","E","T","R","E","M","?","M","R","B",null,"M","M","?","?","$","M","?","R","T","?","R","E","$","E","R","B",null,"R","$","E","B"],"character_chosen":"THE_SILENT","items_purchased":["Infinite Blades","Anchor","Blade Dance","Membership Card","Lantern","Infinite Blades","Pen Nib","Sling","SpeedPotion","EssenceOfSteel"],"campfire_rested":5,"item_purchase_floors":[5,20,20,47,47,47,53,53,53,53],"current_hp_per_floor":[69,65,65,54,54,26,16,32,32,32,32,51,45,39,58,23,65,63,63,63,63,63,20,17,7,14,35,35,23,23,25,61,23,72,72,72,65,65,65,66,66,66,66,68,68,70,69,44,69,30,69,69,69,33,0,0],"gold":42,"neow_bonus":"BOSS_RELIC","is_daily":false,"chose_seed":false,"campfire_upgraded":2,"win_rate":0.0,"timestamp":1611620998,"path_taken":["M","?","$","?","$","E","M","?","T","?","M","R","?","E","R","BOSS","M","?","$","?","M","E","M","E","T","R","E","?","?","M","R","BOSS","M","M","?","?","$","M","?","R","T","?","R","E","$","E","R","BOSS","R","$","E","BOSS"],"items_purchased_type":["Card","Relic","Card","Relic","Relic","Card","Relic","Relic","Potion","Potion"],"build_version":"2020-12-22","purchased_purges":3,"victory":false,"max_hp_per_floor":[70,65,65,65,65,65,65,65,65,65,65,65,65,65,65,65,65,65,65,65,65,65,65,65,65,72,72,72,72,72,72,72,72,72,72,72,72,72,72,72,72,72,72,72,72,72,69,69,69,69,69,69,69,69,69,69],"card_choices":[{"not_picked":["Finisher","Deflect"],"picked":"Caltrops","floor":1},{"not_picked":["Dagger Throw","Deflect"],"picked":"Escape Plan","floor":6},{"not_picked":["Skewer","Underhanded Strike"],"picked":"All Out Attack","floor":7},{"not_picked":["Deadly Poison","Outmaneuver"],"picked":"Escape Plan","floor":11},{"not_picked":["Poisoned Stab","Deflect"],"picked":"Cloak And Dagger","floor":12},{"not_picked":["Sucker Punch","Eviscerate"],"picked":"Footwork","floor":13},{"not_picked":["Underhanded Strike","Slice","Well Laid Plans"],"picked":"SKIP","floor":14},{"not_picked":["Skewer","Riddle With Holes"],"picked":"Die Die Die","floor":15},{"not_picked":["Grand Finale","Bullet Time"],"picked":"A Thousand Cuts","floor":16},{"not_picked":["Underhanded Strike","Flying Knee"],"picked":"Blade Dance","floor":18},{"not_picked":["Endless Agony+1","Flechettes+1"],"picked":"Dagger Spray+1","floor":22},{"not_picked":["Dagger Throw","Bouncing Flask","Quick Slash"],"picked":"SKIP","floor":23},{"not_picked":["Dagger Spray","Quick Slash"],"picked":"Cloak And Dagger","floor":24},{"not_picked":["Underhanded Strike","Accuracy"],"picked":"Adrenaline","floor":25},{"not_picked":["Quick Slash+1","Crippling Poison"],"picked":"Cloak And Dagger+1","floor":28},{"not_picked":["Crippling Poison+1","Calculated Gamble"],"picked":"Dodge and Roll","floor":29},{"not_picked":["Well Laid Plans","Dash+1"],"picked":"Caltrops+1","floor":32},{"not_picked":["Night Terror","Bullet Time"],"picked":"A Thousand Cuts","floor":33},{"not_picked":[],"picked":"Cloak And Dagger+1","floor":35},{"not_picked":["Acrobatics"],"picked":"SKIP","floor":36},{"not_picked":["Bouncing Flask+1"],"picked":"SKIP","floor":40},{"not_picked":["Phantasmal Killer"],"picked":"SKIP","floor":46},{"not_picked":["Underhanded Strike"],"picked":"SKIP","floor":48},{"not_picked":["Poisoned Stab"],"picked":"SKIP","floor":54}],"player_experience":727493,"relics_obtained":[{"floor":6,"key":"Dream Catcher"},{"floor":9,"key":"PreservedInsect"},{"floor":14,"key":"Bag of Marbles"},{"floor":23,"key":"Oddly Smooth Stone"},{"floor":25,"key":"War Paint"},{"floor":26,"key":"Strawberry"},{"floor":28,"key":"Regal Pillow"},{"floor":37,"key":"Lizard Tail"},{"floor":44,"key":"Ginger"},{"floor":46,"key":"Orichalcum"},{"floor":48,"key":"Juzu Bracelet"},{"floor":54,"key":"Snake Skull"}],"event_choices":[{"damage_healed":0,"gold_gain":0,"player_choice":"Lose Max HP","damage_taken":0,"relics_obtained":["Golden Idol"],"max_hp_gain":0,"max_hp_loss":5,"event_name":"Golden Idol","floor":2,"gold_loss":0},{"damage_healed":0,"gold_gain":75,"player_choice":"Gather Gold","damage_taken":11,"max_hp_gain":0,"max_hp_loss":0,"event_name":"World of Goop","floor":4,"gold_loss":0},{"damage_healed":16,"gold_gain":0,"player_choice":"Healed","damage_taken":0,"max_hp_gain":0,"max_hp_loss":0,"event_name":"The Cleric","floor":8,"gold_loss":35},{"damage_healed":0,"gold_gain":0,"player_choice":"Upgraded","damage_taken":0,"max_hp_gain":0,"max_hp_loss":0,"event_name":"Upgrade Shrine","floor":10,"gold_loss":0,"cards_upgraded":["Infinite Blades"]},{"damage_healed":0,"gold_gain":0,"cards_transformed":["Strike_G","Strike_G"],"player_choice":"Became Test Subject","damage_taken":0,"max_hp_gain":0,"max_hp_loss":0,"event_name":"Drug Dealer","floor":19,"gold_loss":0,"cards_obtained":["Distraction","Prepared"]},{"damage_healed":0,"gold_gain":0,"player_choice":"Upgraded","damage_taken":0,"max_hp_gain":0,"max_hp_loss":0,"event_name":"Upgrade Shrine","floor":21,"gold_loss":0,"cards_upgraded":["Footwork"]},{"damage_healed":0,"gold_gain":0,"player_choice":"Obtained Relic","damage_taken":0,"relics_obtained":["Blood Vial"],"max_hp_gain":0,"max_hp_loss":0,"event_name":"Addict","floor":30,"gold_loss":85},{"damage_healed":0,"gold_gain":0,"player_choice":"Fight","damage_taken":0,"max_hp_gain":0,"max_hp_loss":0,"event_name":"Mysterious Sphere","floor":37,"gold_loss":0},{"damage_healed":0,"gold_gain":0,"player_choice":"Ignored","damage_taken":0,"max_hp_gain":0,"max_hp_loss":0,"event_name":"Tomb of Lord Red Mask","floor":38,"gold_loss":0},{"cards_removed":["Dagger Spray"],"damage_healed":0,"gold_gain":0,"player_choice":"Removed Attack","damage_taken":0,"max_hp_gain":0,"max_hp_loss":0,"event_name":"Falling","floor":41,"gold_loss":0},{"damage_healed":0,"gold_gain":0,"player_choice":"Fight","damage_taken":0,"max_hp_gain":0,"max_hp_loss":0,"event_name":"MindBloom","floor":44,"gold_loss":0}],"is_beta":false,"boss_relics":[{"not_picked":["Runic Dome","Fusion Hammer"],"picked":"Philosopher\u0027s Stone"},{"not_picked":["Pandora\u0027s Box","HoveringKite"],"picked":"Busted Crown"}],"items_purged_floors":[3,20,47],"is_endless":false,"potions_floor_spawned":[1,7,13,14,24,25,29,33,36,40,44,48],"killed_by":"The Heart","ascension_level":1}}