{"host":"ebj6lkgm8suah319","time":1611631644,"event":{"mods":["2.2 Compatiblity","AchievementEnabler","BaseMod","Block Reminder","Colored Map","Colored Powertips","Minty Spire (QoL Compilation)","Quick Restart","Rare Cards Sparkle","Relic Stats","SuperFastMode"],"gold_per_floor":[14,14,14,29,44,44,88,88,111,150,173,191,191,191,191,315,315,331,331,331,406,15,56,56,95,119,119,44,44,75,75,75,200,200,223,242,242,19,43,43,81,43,69,88,88,88],"floor_reached":45,"language":"ENG","playtime":1509,"items_purged":["Writhe","Strike_G+1"],"score":556,"play_id":"05d80342-93a3-46b6-90c8-b18e5c5c0e80","local_time":"20210125222724","is_ascension_mode":true,"campfire_choices":[{"data":"Neutralize","floor":6.0,"key":"SMITH"},{"floor":8.0,"key":"REST"},{"floor":13.0,"key":"REST"},{"data":"Crippling Poison","floor":15.0,"key":"SMITH"},{"floor":29,"key":"REST"},{"data":"Apotheosis","floor":32,"key":"SMITH"},{"floor":40,"key":"REST"}],"circlet_count":0,"master_deck":["Strike_G+1","Strike_G+1","Strike_G+1","Defend_G+1","Defend_G+1","Defend_G+1","Defend_G+1","Defend_G+1","Survivor","Neutralize+1","Backflip","Dagger Throw","Sucker Punch","Predator","Crippling Poison+1","Leg Sweep","Venomology","Bouncing Flask+1","Tools of the Trade","Apotheosis+1","Night Terror","A Thousand Cuts","J.A.X.","Footwork","Backflip","Adrenaline","Dagger Throw","Terror+1","Noxious Fumes","Deadly Poison+1","Predator+1","Well Laid Plans","Dodge and Roll"],"relics":["Ring of the Snake","Lizard Tail","Golden Idol","Juzu Bracelet","Strawberry","Bronze Scales","Velvet Choker","Dream Catcher","PreservedInsect","Lantern","Oddly Smooth Stone","Pen Nib","Darkstone Periapt","Black Star","Membership Card","Singing Bowl","MealTicket"],"acts_visited":["Exordium","TheCity","TheBeyond"],"potions_floor_usage":[25,30,33,33,36,39,41,41,44,45,45],"damage_taken":[{"damage":0.0,"enemies":"Small Slimes","floor":1.0,"turns":4.0},{"damage":1.0,"enemies":"2 Louse","floor":4.0,"turns":3.0},{"damage":5.0,"enemies":"Cultist","floor":5.0,"turns":4.0},{"damage":35.0,"enemies":"Lagavulin","floor":7.0,"turns":9.0},{"damage":20.0,"enemies":"Gremlin Nob","floor":10.0,"turns":5.0},{"damage":10.0,"enemies":"Gremlin Gang","floor":11.0,"turns":6.0},{"damage":3.0,"enemies":"Exordium Wildlife","floor":12.0,"turns":4.0},{"damage":52.0,"enemies":"Slime Boss","floor":16.0,"turns":15.0},{"damage":0.0,"enemies":"Shell Parasite","floor":18.0,"turns":6.0},{"damage":14.0,"enemies":"Gremlin Leader","floor":23.0,"turns":7.0},{"damage":25,"enemies":"Book of Stabbing","floor":25,"turns":5},{"damage":13,"enemies":"Gremlin Leader","floor":30,"turns":6},{"damage":21,"enemies":"Collector","floor":33,"turns":13},{"damage":10,"enemies":"Orb Walker","floor":35,"turns":5},{"damage":1,"enemies":"3 Shapes","floor":36,"turns":5},{"damage":22,"enemies":"3 Darklings","floor":39,"turns":5},{"damage":34,"enemies":"Reptomancer","floor":41,"turns":6},{"damage":51,"enemies":"Jaw Worm Horde","floor":44,"turns":4},{"damage":25,"enemies":"Giant Head","floor":45,"turns":7}],"seed_played":"880370668592736012","potions_obtained":[{"floor":10.0,"key":"SteroidPotion"},{"floor":11.0,"key":"Dexterity Potion"},{"floor":12.0,"key":"Energy Potion"},{"floor":16.0,"key":"FairyPotion"},{"floor":23.0,"key":"Explosive Potion"},{"floor":30,"key":"Fire Potion"},{"floor":33,"key":"GhostInAJar"},{"floor":36,"key":"Weak Potion"}],"is_trial":false,"path_per_floor":["M","?","?","M","M","R","E","R","T","E","M","M","R","?","R","B",null,"M","?","?","?","$","E","?","E","T","?","$","R","E","?","R","B",null,"M","M","?","$","M","R","E","$","T","M","E"],"character_chosen":"THE_SILENT","items_purchased":["PreservedInsect","Apotheosis","Footwork","Membership Card","Noxious Fumes","Well Laid Plans"],"campfire_rested":4,"item_purchase_floors":[22,22,28,38,38,42],"current_hp_per_floor":[70,53,53,52,47,47,12,33,40,20,10,7,30,30,30,23,77,77,77,77,70,70,56,56,31,31,31,31,54,41,41,41,20,77,67,66,66,66,44,65,31,46,46,21,0,0],"gold":88,"neow_bonus":"ONE_RARE_RELIC","is_daily":false,"chose_seed":false,"campfire_upgraded":3,"win_rate":0.0,"timestamp":1611631644,"path_taken":["M","?","?","M","M","R","E","R","T","E","M","M","R","?","R","BOSS","M","?","?","?","$","E","?","E","T","?","$","R","E","?","R","BOSS","M","M","?","$","M","R","E","$","T","M","E"],"items_purchased_type":["Relic","Card","Card","Relic","Card","Card"],"build_version":"2020-12-22","purchased_purges":2,"victory":false,"max_hp_per_floor":[70,70,70,70,70,70,70,70,77,77,77,77,77,77,77,77,77,77,77,77,77,77,77,77,77,77,77,77,77,77,77,77,77,77,77,77,73,73,73,73,73,73,73,73,73,73],"relic_stats":{"Darkstone Periapt":0,"Singing Bowl":0,"counters":[19,119],"Golden Idol":133,"PreservedInsect":319,"Pen Nib":[7],"Juzu Bracelet":2,"Lizard Tail":38,"Dream Catcher":2,"Bronze Scales":[273],"MealTicket":15,"Black Star":1,"obtain_stats":[{"Darkstone Periapt":30,"Lantern":23,"Singing Bowl":41,"Golden Idol":2,"Velvet Choker":17,"Oddly Smooth Stone":25,"PreservedInsect":22,"Pen Nib":26,"Juzu Bracelet":7,"Lizard Tail":0,"Dream Catcher":20,"Strawberry":9,"Bronze Scales":10,"MealTicket":41,"Black Star":34,"Membership Card":38,"Ring of the Snake":0},{"Darkstone Periapt":12,"Lantern":10,"Singing Bowl":17,"Golden Idol":1,"Velvet Choker":8,"Oddly Smooth Stone":11,"PreservedInsect":9,"Pen Nib":11,"Juzu Bracelet":4,"Lizard Tail":0,"Dream Catcher":9,"Strawberry":4,"Bronze Scales":5,"MealTicket":17,"Black Star":13,"Membership Card":15,"Ring of the Snake":0},{"Darkstone Periapt":74,"Lantern":63,"Singing Bowl":108,"Golden Idol":4,"Velvet Choker":50,"Oddly Smooth Stone":68,"PreservedInsect":56,"Pen Nib":68,"Juzu Bracelet":20,"Lizard Tail":0,"Dream Catcher":56,"Strawberry":20,"Bronze Scales":25,"MealTicket":108,"Black Star":87,"Membership Card":97,"Ring of the Snake":0}],"Ring of the Snake":[38]},"card_choices":[{"not_picked":["Acrobatics","Prepared","Dodge and Roll"],"picked":"SKIP","floor":1.0},{"not_picked":["Catalyst","Choke"],"picked":"Backflip","floor":4.0},{"not_picked":["Tactician","Sucker Punch"],"picked":"Dagger Throw","floor":5.0},{"not_picked":["Catalyst","Outmaneuver"],"picked":"Sucker Punch","floor":7.0},{"not_picked":["Bane","Slice"],"picked":"Predator","floor":10.0},{"not_picked":["Acrobatics","Heel Hook"],"picked":"Crippling Poison","floor":11.0},{"not_picked":["Slice","Dodge and Roll"],"picked":"Leg Sweep","floor":12.0},{"not_picked":["Envenom","Die Die Die"],"picked":"Venomology","floor":16.0},{"not_picked":["Deflect+1","Backstab"],"picked":"Bouncing Flask+1","floor":18.0},{"not_picked":["Flechettes","PiercingWail+1"],"picked":"Night Terror","floor":23.0},{"not_picked":["Underhanded Strike","Poisoned Stab+1"],"picked":"A Thousand Cuts","floor":25},{"not_picked":["Backstab","Outmaneuver"],"picked":"Backflip","floor":29},{"not_picked":["Heel Hook","Phantasmal Killer","Riddle With Holes"],"picked":"SKIP","floor":30},{"not_picked":["A Thousand Cuts","Night Terror"],"picked":"Adrenaline","floor":33},{"not_picked":["Deflect+1","Slice"],"picked":"Dagger Throw","floor":35},{"not_picked":["Expertise","Endless Agony+1"],"picked":"Terror+1","floor":36},{"not_picked":["Deflect+1","Poisoned Stab"],"picked":"Deadly Poison+1","floor":39},{"not_picked":["Prepared","Quick Slash+1"],"picked":"Predator+1","floor":41},{"not_picked":["Riddle With Holes","Slice"],"picked":"Dodge and Roll","floor":44}],"player_experience":84868,"relics_obtained":[{"floor":7.0,"key":"Juzu Bracelet"},{"floor":9.0,"key":"Strawberry"},{"floor":10.0,"key":"Bronze Scales"},{"floor":23.0,"key":"Lantern"},{"floor":25,"key":"Oddly Smooth Stone"},{"floor":26,"key":"Pen Nib"},{"floor":30,"key":"Darkstone Periapt"},{"floor":41,"key":"Singing Bowl"},{"floor":41,"key":"MealTicket"}],"event_choices":[{"damage_healed":0.0,"max_hp_gain":0.0,"max_hp_loss":0.0,"gold_gain":0.0,"event_name":"Golden Idol","player_choice":"Take Damage","floor":2.0,"gold_loss":0.0,"damage_taken":17.0,"relics_obtained":["Golden Idol"]},{"damage_healed":0.0,"max_hp_gain":0.0,"max_hp_loss":0.0,"gold_gain":0.0,"event_name":"Liars Game","player_choice":"Ignored","floor":3.0,"gold_loss":0.0,"damage_taken":0.0},{"cards_removed":["Strike_G"],"damage_healed":0.0,"max_hp_gain":0.0,"max_hp_loss":0.0,"gold_gain":0.0,"event_name":"Bonfire Elementals","player_choice":"Offered Basic","floor":14.0,"gold_loss":0.0,"damage_taken":0.0},{"damage_healed":0.0,"max_hp_gain":0.0,"max_hp_loss":0.0,"gold_gain":0.0,"event_name":"Match and Keep!","player_choice":"1 cards matched","floor":19.0,"gold_loss":0.0,"damage_taken":0.0,"cards_obtained":["Tools of the Trade"]},{"damage_healed":0.0,"max_hp_gain":0.0,"max_hp_loss":0.0,"gold_gain":0.0,"event_name":"The Mausoleum","player_choice":"Opened","floor":20.0,"gold_loss":0.0,"damage_taken":0.0,"relics_obtained":["Dream Catcher"],"cards_obtained":["Writhe"]},{"damage_healed":0.0,"max_hp_gain":0.0,"max_hp_loss":0.0,"gold_gain":75.0,"event_name":"FaceTrader","player_choice":"Touch","floor":21.0,"gold_loss":0.0,"damage_taken":7.0},{"damage_healed":0.0,"max_hp_gain":0.0,"max_hp_loss":0.0,"gold_gain":0.0,"event_name":"Back to Basics","player_choice":"Simplicity","floor":24.0,"gold_loss":0.0,"damage_taken":0.0,"cards_upgraded":["Strike_G","Strike_G","Strike_G","Strike_G","Defend_G","Defend_G","Defend_G","Defend_G","Defend_G"]},{"damage_healed":0,"gold_gain":0,"player_choice":"Obtain J.A.X.","damage_taken":0,"max_hp_gain":0,"max_hp_loss":0,"event_name":"Drug Dealer","floor":27,"gold_loss":0,"cards_obtained":["J.A.X."]},{"damage_healed":0,"gold_gain":0,"player_choice":"Ignored","damage_taken":0,"max_hp_gain":0,"max_hp_loss":0,"event_name":"Vampires","floor":31,"gold_loss":0},{"damage_healed":0,"gold_gain":0,"player_choice":"Max HP","damage_taken":0,"max_hp_gain":0,"max_hp_loss":4,"event_name":"Winding Halls","floor":37,"gold_loss":0}],"is_beta":false,"boss_relics":[{"not_picked":["Busted Crown","Fusion Hammer"],"picked":"Velvet Choker"},{"not_picked":["WristBlade","Calling Bell"],"picked":"Black Star"}],"items_purged_floors":[22,38],"is_endless":false,"potions_floor_spawned":[10,11,12,16,23,30,33,35,36],"killed_by":"Giant Head","ascension_level":2}}