{"host":"9xv6exvwmlpefxuw","time":1611638276,"event":{"mods":["ATMod(阿瑾Mod)","AchievementEnabler","Act Like it!","Aspiration","BaseMod","Chen","Colored Powertips","Conspire","Downfall","Friendly Minions","Gensokyo","GifTheSpireLib","KinomotoSakuraMod(木之本樱)","Koishi","KomeijiMod","Lobotomy","LobotomyExtend","Marisa（F雨　魔理沙）","Minty Spire (QoL Compilation)","MostiFishMod","Pale of the Ancients","Rare Cards Sparkle","Reimu（博丽灵梦）","Remilia_Scarlet Moed（蕾米莉亚・斯卡雷特）3.3.5","Remilia（蕾米莉亚）","RumiaBox-露米娅的神秘盒子","StSLib","The Administrix","The Mystic","The Servant 0.9.4","WarShipGirlsR/战舰少女R mod","Yakumo Yukari mod","Youmu（魂魄妖梦）","Yuyuko","[IsaacMod]以撒尖塔","[功能]功能增强和修复MOD","【功能Mod】混沌之环修复补丁","【功能Mod】聪明的最终Boss","【遗物卡牌】REMEMod"],"gold_per_floor":[116,128,146,38,38,81,81,118,118,118,155,155,191,156,156,270,270,298,177,194,38,47,76,76,76,146,180,196,68,104,104,104,216,216,230,293,212,214,214,267,267,286,286,320,354,392,377,394,394],"floor_reached":48,"language":"ZHS","playtime":2646,"items_purged":["Strike_B","Strike_B","Strike_B","Strike_B","Defend_B","Defend_B","Trip","Defend_B+1","Coolheaded","Redo","Consume","Dualcast","DoctorFetus+1","Strike_B"],"score":941,"play_id":"c95ee281-231e-496a-92f2-97517c375a9d","local_time":"20210126131756","is_ascension_mode":true,"campfire_choices":[{"data":"Zap","floor":7.0,"key":"SMITH"},{"floor":10.0,"key":"REST"},{"data":"Fusion","floor":12.0,"key":"SMITH"},{"floor":15.0,"key":"REST"},{"data":"Capacitor","floor":41,"key":"SMITH"}],"circlet_count":0,"master_deck":["Zap+1","Coolheaded+1","Conserve Battery","MostiFishMod:KingOfFree","Self Repair","Fusion+1","MostiFishMod:ReadyAimFire+1","Coolheaded+1","Apotheosis+1","PerfectMaid+1","Defragment+1","Redo+1","Capacitor+1","Doom and Gloom+1","MostiFishMod:GatherIntelligence+1","aspiration:Polymerization"],"relics":["Cracked Core","AT_ATBox","HushsDoor","REME_ComplimentaryCards","DaveBox","HaiYi:Twilight","GuppysTail","HowToJump","SynthV:TestCard","CeramicFish","Tea:ReiMu","BelialBook","ZombieArmy","DianPoetry","War Paint","JellyFishMachine","GuppysPaw","GuppysHairball","Orichalcum","MealTicket","HandDrill","aspiration:StickyExplosives_weak","TuHaoJin","TimeFreeze","aspiration:ArtOfWarUpgrade","AT_SilvercatRing","ImprovedEquipment","AT_Kusabimaru","SalivaCoin","CombinedTypeHook","SecretRecord","Black Star","LastBattle","aspiration:Lifesprig","AT_BellDemon","Nunchaku","Orrery","DeadEye","BirthdayGift-Icosahedron","Boot","AnarchistCookbook","Toy Ornithopter","DoctorsRemote","conspire:InfiniteJournal","Question Card","Bottled Lightning","aspiration:FrozenJewel","Du-Vu Doll","AT_ArchangelStaff","GodSword3","aspiration:FaultyCoupler","AT_PhaseBoots","Vajra","Pen Nib","BrkXgEgg"],"acts_visited":["Exordium","TheCity","TheBeyond"],"potions_floor_usage":[46],"damage_taken":[{"damage":11.0,"enemies":"Jaw Worm","floor":1.0,"turns":3.0},{"damage":0.0,"enemies":"Small Slimes","floor":2.0,"turns":3.0},{"damage":0.0,"enemies":"2 Louse","floor":3.0,"turns":2.0},{"damage":33.0,"enemies":"3 Sentries","floor":6.0,"turns":10.0},{"damage":33.0,"enemies":"Gremlin Nob","floor":8.0,"turns":6.0},{"damage":22.0,"enemies":"Lagavulin","floor":11.0,"turns":6.0},{"damage":17.0,"enemies":"3 Sentries","floor":13.0,"turns":4.0},{"damage":16.0,"enemies":"Slime Boss","floor":16.0,"turns":7.0},{"damage":0.0,"enemies":"3 Byrds","floor":18.0,"turns":1.0},{"damage":0.0,"enemies":"2 Thieves","floor":20.0,"turns":1.0},{"damage":17.0,"enemies":"Slavers","floor":23.0,"turns":3.0},{"damage":0.0,"enemies":"Book of Stabbing","floor":27.0,"turns":3.0},{"damage":0.0,"enemies":"Centurion and Healer","floor":28.0,"turns":2.0},{"damage":0.0,"enemies":"Slavers","floor":30.0,"turns":2.0},{"damage":0.0,"enemies":"Automaton","floor":33.0,"turns":3.0},{"damage":0.0,"enemies":"3 Shapes","floor":35.0,"turns":2.0},{"damage":0.0,"enemies":"Hiden Room Battle","floor":36.0,"turns":2.0},{"damage":0.0,"enemies":"Orb Walker","floor":38.0,"turns":1.0},{"damage":0,"enemies":"Nemesis","floor":40,"turns":2},{"damage":0,"enemies":"Maw","floor":42,"turns":2},{"damage":0,"enemies":"Giant Head","floor":44,"turns":1},{"damage":0,"enemies":"Transient","floor":45,"turns":2},{"damage":0,"enemies":"Nemesis","floor":46,"turns":2},{"damage":66,"enemies":"Remilia_Smww","floor":48,"turns":8}],"seed_played":"2382195432080021682","potions_obtained":[{"floor":6.0,"key":"Ancient Potion"},{"floor":11.0,"key":"Dexterity Potion"},{"floor":11.0,"key":"Swift Potion"}],"is_trial":false,"path_per_floor":["M","M","M","$","?","E","R","E","T","R","E","R","E","?","R","B",null,"M","$","M","$","?","E","R","?","T","E","M","$","E","T","R","B",null,"M","?","$","M","$","E","R","M","T","E","M","E","$","?"],"character_chosen":"DEFECT","items_purchased":["CeramicFish","Tea:ReiMu","MostiFishMod:KingOfFree","GuppysPaw","GuppysHairball","Orichalcum","MealTicket","HandDrill","aspiration:StickyExplosives_weak","TuHaoJin","TimeFreeze","Apotheosis","AT_Kusabimaru","SalivaCoin","Trip","Coolheaded","Redo","Defragment","AT_BellDemon","Nunchaku","Orrery","BirthdayGift-Icosahedron","Boot","AnarchistCookbook","Vajra","Pen Nib","BrkXgEgg"],"campfire_rested":2,"item_purchase_floors":[4,4,4,17,17,19,19,19,21,21,21,21,29,29,29,29,29,29,37,37,37,39,39,39,47,47,47],"current_hp_per_floor":[64,64,64,64,64,33,33,9,9,31,18,18,10,28,50,46,55,55,55,55,55,55,40,40,40,40,49,55,55,55,55,55,55,55,55,55,55,55,55,55,55,55,55,55,55,55,55,0,0],"gold":394,"neow_bonus":"RANDOM_COMMON_RELIC","is_daily":false,"chose_seed":false,"campfire_upgraded":3,"win_rate":0.0,"timestamp":1611638276,"path_taken":["M","M","M","$","?","E","R","E","T","R","E","R","E","?","R","BOSS","M","$","?","$","?","E","R","?","T","E","?","$","E","?","R","BOSS","M","?","$","M","$","E","R","M","T","E","?","E","?","?"],"items_purchased_type":["Relic","Relic","Card","Relic","Relic","Relic","Relic","Relic","Relic","Relic","Relic","Card","Relic","Relic","Card","Card","Card","Card","Relic","Relic","Relic","Relic","Relic","Relic","Relic","Relic","Relic"],"build_version":"2020-12-22","purchased_purges":14,"victory":false,"max_hp_per_floor":[75,75,75,75,75,75,75,75,75,75,75,75,75,75,75,75,55,55,55,55,55,55,55,55,55,55,55,55,55,55,55,55,55,55,55,55,55,55,55,55,55,55,55,55,55,55,55,55,55],"card_choices":[{"not_picked":[],"picked":"DoctorFetus","floor":0.0},{"not_picked":["Barrage","Conserve Battery"],"picked":"Coolheaded","floor":1.0},{"not_picked":["Steam Power","Scrape","Heatsinks","Hologram"],"picked":"Conserve Battery","floor":2.0},{"not_picked":["Bomb","Rebound","Compile Driver","MostiFishMod:PushDownKick","Buffer"],"picked":"SKIP","floor":3.0},{"not_picked":["Sweeping Beam","Beam Cell","Blizzard","Ball Lightning"],"picked":"Self Repair","floor":6.0},{"not_picked":["MostiFishMod:IceShield","Hello World","Rip and Tear","Gash"],"picked":"Fusion","floor":8.0},{"not_picked":["Sweeping Beam","Redo","Streamline","Barrage"],"picked":"Consume","floor":11.0},{"not_picked":["Genetic Algorithm","Lockon","Storm","Sweeping Beam","MostiFishMod:StrandedSiren"],"picked":"SKIP","floor":13.0},{"not_picked":["AT_WaterDrop","MostiFishMod:Tomorrow","MostiFishMod:StarOceanB","Amplify"],"picked":"MostiFishMod:ReadyAimFire","floor":16.0},{"not_picked":["Fusion","Stack","Melter","Compile Driver+1"],"picked":"Coolheaded+1","floor":18.0},{"not_picked":["Compile Driver","MostiFishMod:Hijack","MostiFishMod:PushDownKick+1","Streamline","conspire:Rain"],"picked":"SKIP","floor":20.0},{"not_picked":["Cold Snap","Beam Cell","MostiFishMod:LinkProtocol","AT_ThreeBodyProblem","Gash"],"picked":"SKIP","floor":23.0},{"not_picked":["Steam","Cold Snap","ElectricPowerLearning","Compile Driver+1","Beam Cell"],"picked":"SKIP","floor":27.0},{"not_picked":["AT_WarpDrive+1","Barrage+1","Conserve Battery","MostiFishMod:LinkProtocol+1","AT_StudyProgram"],"picked":"SKIP","floor":28.0},{"not_picked":["Undo+1","Hello World","REME_Compress+1","Force Field"],"picked":"Redo+1","floor":30.0},{"not_picked":["Go for the Eyes","Rebound","Ball Lightning","Tempest","Chaos+1"],"picked":"SKIP","floor":35.0},{"not_picked":["Biased Cognition","Stack+1","AT_HeatAcrobatics","Rebound+1"],"picked":"Capacitor","floor":36.0},{"not_picked":["MostiFishMod:PushDownKick","AT_WarpDrive+1","Biased Cognition","Hologram"],"picked":"Doom and Gloom+1","floor":37.0},{"not_picked":["MostiFishMod:DawningShadow","Doom and Gloom","Compile Driver","MostiFishMod:Impulse+1","Streamline"],"picked":"SKIP","floor":38.0},{"not_picked":["Machine Learning","Self Repair","Redo","Stack+1"],"picked":"MostiFishMod:GatherIntelligence+1","floor":40},{"not_picked":["Ball Lightning","MostiFishMod:Impulse+1","Streamline","Cold Snap+1","Beam Cell+1"],"picked":"SKIP","floor":42},{"not_picked":["MostiFishMod:Hijack","Cold Snap+1","Gash","Stack","Fan","conspire:Rain+1"],"picked":"SKIP","floor":44},{"not_picked":["Stack","Ball Lightning","AT_ThreeBodyProblem","Melter+1","Leap"],"picked":"aspiration:Polymerization","floor":45},{"not_picked":["AT_EMC2","ElectricPowerLearning","Conserve Battery+1","Sweeping Beam","MostiFishMod:PushDownKick+1","Hologram+1","Stack+1","Streamline+1"],"picked":"SKIP","floor":46}],"player_experience":163074,"relics_obtained":[{"floor":1.0,"key":"SynthV:TestCard"},{"floor":6.0,"key":"BelialBook"},{"floor":8.0,"key":"ZombieArmy"},{"floor":11.0,"key":"DianPoetry"},{"floor":13.0,"key":"War Paint"},{"floor":23.0,"key":"Art of War"},{"floor":26.0,"key":"AT_SilvercatRing"},{"floor":27.0,"key":"ImprovedEquipment"},{"floor":30.0,"key":"CombinedTypeHook"},{"floor":31.0,"key":"SecretRecord"},{"floor":36.0,"key":"LastBattle"},{"floor":36.0,"key":"aspiration:Lifesprig"},{"floor":38.0,"key":"DeadEye"},{"floor":40,"key":"Toy Ornithopter"},{"floor":40,"key":"DoctorsRemote"},{"floor":40,"key":"conspire:InfiniteJournal"},{"floor":42,"key":"Question Card"},{"floor":43,"key":"Bottled Lightning"},{"floor":44,"key":"aspiration:FrozenJewel"},{"floor":44,"key":"Du-Vu Doll"},{"floor":44,"key":"AT_ArchangelStaff"},{"floor":45,"key":"GodSword3"},{"floor":46,"key":"aspiration:FaultyCoupler"},{"floor":46,"key":"AT_SpeedBoots"}],"event_choices":[{"damage_healed":0.0,"max_hp_gain":0.0,"max_hp_loss":0.0,"gold_gain":0.0,"event_name":"Golden Wing","player_choice":"Ignored","floor":5.0,"gold_loss":0.0,"damage_taken":0.0},{"damage_healed":18.0,"max_hp_gain":0.0,"max_hp_loss":0.0,"gold_gain":0.0,"event_name":"The Cleric","player_choice":"Healed","floor":14.0,"gold_loss":35.0,"damage_taken":0.0},{"cards_removed":["Defend_B"],"damage_healed":0.0,"max_hp_gain":0.0,"max_hp_loss":0.0,"gold_gain":0.0,"event_name":"Back to Basics","player_choice":"Elegance","floor":25.0,"gold_loss":0.0,"damage_taken":0.0},{"damage_healed":0.0,"max_hp_gain":0.0,"max_hp_loss":0.0,"gold_gain":0.0,"event_name":"HidenRoomEvent","player_choice":"Fight","floor":36.0,"gold_loss":0.0,"damage_taken":0.0}],"is_beta":false,"boss_relics":[{"not_picked":["aspiration:RitualDagger","TimeKeys"],"picked":"JellyFishMachine"},{"not_picked":[]},{"not_picked":["GreenFoldingFan","RedLine:ReiMu"],"picked":"Black Star"},{"not_picked":[]}],"items_purged_floors":[19,19,19,19,19,19,29,29,29,29,29,47,47,47],"is_endless":false,"potions_floor_spawned":[2,6,8,8,11,11,13,18,27,28,28,33,36,38,40,40],"killed_by":"Remilia_Smww","ascension_level":1}}