{"host":"wppa8gky53tnknhf","time":1611654013,"event":{"mods":["AchievementEnabler","Act Like it!","BaseMod","Beaked The Cultist","Better Third Choice","BetterRewards","Card Forge","Colored Powertips","Energized Spire","Hubris","Infinite Spire","Marked Mod","Minty Spire (QoL Compilation)","Permanent Neow","Quick Restart","Rare Cards Sparkle","Relic Stats","Reliquary","Remove Card Discount Mod","Replay The Spire","Spikes Relics","Spire Birthday Party","StSLib","Wandering Minibosses"],"gold_per_floor":[218,229,244,244,234,261,261,277,277,302,313,337,347,330,330,423,423,442,446,442,442,134,159,159,912,912,925,960,979,1014,909,909,1006,1006,1022,1033,1047,1064,1083,1115,1115,1115,1115,1130,1164,1183,1215,1229,1229,1229,1229],"floor_reached":50,"language":"ENG","playtime":1819,"items_purged":[],"score":835,"play_id":"7568594f-845c-43d4-a994-4ea5f7d37632","local_time":"20210126094013","is_ascension_mode":true,"campfire_choices":[{"floor":7,"key":"RECALL"},{"floor":15,"key":"REST"},{"floor":24,"key":"REST"},{"floor":42,"key":"REST"}],"circlet_count":0,"master_deck":["Strike_R+1","Strike_R+1","Strike_R+1","Strike_R+1","Strike_R+1","Defend_R+1","Defend_R+1","Defend_R+1","Defend_R+1","Bash+1","Flex+1","Pummel+1","Metallicize+1","Thunderclap+1","Sword Boomerang+1","Thunderclap+1","Pot Of Greed+1","Pot Of Greed+1","Cleave+1","Body Slam+1","Demon Form+1","Pummel+1","Perfected Strike+1","Disarm+1","Rage+1","infinitespire:OneForAll+1","Pot Of Greed+1","Perfected Strike+1","Rage+1","infinitespire:OneForAll+1","Pummel+1","Metallicize+1","Flame Barrier+1","Sword Boomerang+1","Body Slam+1","Body Slam+1","Heavy Blade+1","Berserk+1","Perfected Strike+1","Pot Of Greed+1","Sword Boomerang+1","Entrench+1"],"relics":["Burning Blood","Hammer of Thor","Seething Fire","Anvil of the Gods","Grinning Jar","MiniBlackHole","hubris:Backtick","hubris:IronBody","Chameleon Ring","infinitespire:CheckeredPen","wanderingMiniBosses:MasterThiefsPresence","hubris:TenFootPole","Akabeko","MealTicket","Black Star","infinitespire:EmpoweringShard","King of Hearts","Eternal Feather","infinitespire:Broken Mirror"],"acts_visited":["Exordium","TheCity","TheBeyond"],"potions_floor_usage":[6,6,14,20,23,23,30,32,32,38,40,40,47,48],"damage_taken":[{"damage":0,"enemies":"Small Slimes","floor":1,"turns":4},{"damage":0,"enemies":"Jaw Worm","floor":2,"turns":3},{"damage":6,"enemies":"Cultist","floor":3,"turns":3},{"damage":10,"enemies":"2 Fungi Beasts","floor":5,"turns":6},{"damage":0,"enemies":"3 Sentries","floor":6,"turns":6},{"damage":0,"enemies":"Blue Slaver","floor":8,"turns":3},{"damage":14,"enemies":"Lagavulin","floor":10,"turns":5},{"damage":6,"enemies":"Looter","floor":11,"turns":2},{"damage":0,"enemies":"Gremlin Nob","floor":12,"turns":2},{"damage":0,"enemies":"2 Fungi Beasts","floor":13,"turns":3},{"damage":26,"enemies":"Exordium Thugs","floor":14,"turns":6},{"damage":0,"enemies":"Slime Boss","floor":16,"turns":5},{"damage":0,"enemies":"Chosen","floor":18,"turns":4},{"damage":12,"enemies":"3 Byrds","floor":19,"turns":5},{"damage":20,"enemies":"Sentry and Sphere","floor":20,"turns":6},{"damage":1,"enemies":"Gremlin Leader","floor":23,"turns":7},{"damage":32,"enemies":"Snake Plant","floor":25,"turns":5},{"damage":1,"enemies":"Chosen and Byrds","floor":27,"turns":4},{"damage":16,"enemies":"Slavers","floor":28,"turns":4},{"damage":3,"enemies":"Snecko","floor":29,"turns":3},{"damage":20,"enemies":"Nightmare","floor":30,"turns":5},{"damage":45,"enemies":"Champ","floor":33,"turns":7},{"damage":0,"enemies":"Orb Walker","floor":35,"turns":2},{"damage":8,"enemies":"3 Darklings","floor":36,"turns":3},{"damage":47,"enemies":"Writhing Mass","floor":37,"turns":6},{"damage":5,"enemies":"Spire Growth","floor":38,"turns":4},{"damage":15,"enemies":"Sphere and 2 Shapes","floor":39,"turns":10},{"damage":2,"enemies":"Giant Head","floor":40,"turns":6},{"damage":2,"enemies":"Maw","floor":44,"turns":5},{"damage":37,"enemies":"Reptomancer","floor":45,"turns":6},{"damage":9,"enemies":"Transient","floor":46,"turns":5},{"damage":8,"enemies":"beaked:SuperParasite","floor":47,"turns":6},{"damage":32,"enemies":"Writhing Mass","floor":48,"turns":4},{"damage":58,"enemies":"Donu and Deca","floor":50,"turns":5}],"seed_played":"6551847043033436413","potions_obtained":[{"floor":2,"key":"BlessingOfTheForge"},{"floor":3,"key":"HeartOfIron"},{"floor":5,"key":"PowerPotion"},{"floor":11,"key":"Swift Potion"},{"floor":16,"key":"LifebloodPotion"},{"floor":18,"key":"HeartOfIron"},{"floor":19,"key":"Fire Potion"},{"floor":23,"key":"SpeedPotion"},{"floor":29,"key":"Explosive Potion"},{"floor":32,"key":"Fruit Juice"},{"floor":32,"key":"BloodPotion"},{"floor":36,"key":"Swift Potion"},{"floor":37,"key":"Explosive Potion"},{"floor":39,"key":"Elixir"},{"floor":45,"key":"Strength Potion"},{"floor":47,"key":"Explosive Potion"}],"is_trial":false,"path_per_floor":["M","M","M","$","M","E","R","M","T","E","M","E","M","M","R","B",null,"M","M","M","?","$","E","R","M","T","M","E","M","NM","$","R","B",null,"M","M","M","M","M","E","?","R","T","M","E","M","E","M","R","B"],"character_chosen":"IRONCLAD","items_purchased":["Chameleon Ring","Disarm","Metallicize","Flame Barrier"],"campfire_rested":3,"item_purchase_floors":[22,22,31,31],"current_hp_per_floor":[80,80,80,80,76,80,80,80,80,72,72,78,80,60,80,80,80,80,74,60,60,60,65,80,54,54,59,49,52,38,53,86,47,87,87,85,44,45,36,40,40,66,66,70,39,36,34,8,58,0,0],"gold":1229,"neow_bonus":"HUNDRED_GOLD","is_daily":false,"chose_seed":false,"campfire_upgraded":0,"win_rate":0.0,"timestamp":1611654013,"path_taken":["M","M","M","$","M","E","R","M","T","E","M","E","M","M","R","BOSS","M","M","M","?","$","E","R","M","T","M","E","M","NM","$","R","BOSS","M","M","M","M","M","E","?","R","T","M","E","M","E","M","R","BOSS"],"items_purchased_type":["Relic","Card","Card","Card"],"build_version":"2020-12-22","purchased_purges":0,"victory":false,"max_hp_per_floor":[80,80,80,80,80,80,80,80,80,80,80,80,80,80,80,80,80,80,80,80,80,80,80,80,80,80,80,80,80,80,80,87,87,87,87,87,87,87,87,87,87,87,87,87,87,87,87,87,87,87,87],"relic_stats":{"counters":[34,160],"MealTicket":15,"Eternal Feather":24,"Black Star":3,"obtain_stats":[{"wanderingMiniBosses:MasterThiefsPresence":25,"Eternal Feather":47,"Hammer of Thor":0,"King of Hearts":45,"Seething Fire":0,"infinitespire:CheckeredPen":23,"Burning Blood":0,"Akabeko":28,"hubris:Backtick":17,"Chameleon Ring":22,"Anvil of the Gods":0,"infinitespire:Broken Mirror":47,"MiniBlackHole":12,"MealTicket":30,"hubris:IronBody":17,"hubris:TenFootPole":26,"Black Star":34,"infinitespire:EmpoweringShard":43,"Grinning Jar":10},{"wanderingMiniBosses:MasterThiefsPresence":17,"Eternal Feather":32,"Hammer of Thor":0,"King of Hearts":30,"Seething Fire":0,"infinitespire:CheckeredPen":16,"Burning Blood":0,"Akabeko":19,"hubris:Backtick":12,"Chameleon Ring":15,"Anvil of the Gods":0,"infinitespire:Broken Mirror":32,"MiniBlackHole":9,"MealTicket":21,"hubris:IronBody":12,"hubris:TenFootPole":17,"Black Star":22,"infinitespire:EmpoweringShard":28,"Grinning Jar":7},{"wanderingMiniBosses:MasterThiefsPresence":75,"Eternal Feather":151,"Hammer of Thor":0,"King of Hearts":140,"Seething Fire":0,"infinitespire:CheckeredPen":70,"Burning Blood":0,"Akabeko":83,"hubris:Backtick":48,"Chameleon Ring":63,"Anvil of the Gods":0,"infinitespire:Broken Mirror":151,"MiniBlackHole":34,"MealTicket":91,"hubris:IronBody":48,"hubris:TenFootPole":75,"Black Star":98,"infinitespire:EmpoweringShard":129,"Grinning Jar":30}],"Burning Blood":156},"card_choices":[{"not_picked":["Wild Strike","Evolve"],"picked":"Flex","floor":1},{"not_picked":["Sword Boomerang","Sentinel"],"picked":"Pummel","floor":2},{"not_picked":["True Grit","Flex"],"picked":"Metallicize","floor":3},{"not_picked":["Searing Blow","Impervious"],"picked":"Thunderclap","floor":5},{"not_picked":["hubris:ReadiedAction","Pommel Strike"],"picked":"Sword Boomerang","floor":6},{"not_picked":["Headbutt","Dark Embrace"],"picked":"Thunderclap","floor":8},{"not_picked":["Havoc","Headbutt","ReplayReversal"],"picked":"SKIP","floor":10},{"not_picked":["Clothesline","ReplayTheSpireMod:Corrosion Curse","ReplayTheSpireMod:Strike From Hell"],"picked":"SKIP","floor":11},{"not_picked":["Sword Boomerang","Fiend Fire"],"picked":"Cleave","floor":12},{"not_picked":["hubris:ReadiedAction","Headbutt","ReplayTheSpireMod:Limb From Limb"],"picked":"SKIP","floor":13},{"not_picked":["Fire Breathing","Thunderclap"],"picked":"Body Slam","floor":14},{"not_picked":["Brutality","Immolate"],"picked":"Demon Form","floor":16},{"not_picked":["Fire Breathing","Clothesline","Anger"],"picked":"SKIP","floor":18},{"not_picked":["Twin Strike","Anger+1"],"picked":"Pummel","floor":19},{"not_picked":["Replay:Undeath\u0027s Touch+1","ReplayReversal+1"],"picked":"Perfected Strike","floor":20},{"not_picked":["Anger","Whirlwind"],"picked":"Rage","floor":23},{"not_picked":["Wild Strike","ReplayTheSpireMod:Stacked"],"picked":"infinitespire:OneForAll","floor":25},{"not_picked":["ReplayTheSpireMod:Strike From Hell","Cleave"],"picked":"Perfected Strike","floor":27},{"not_picked":["Juggernaut","Feel No Pain"],"picked":"Rage+1","floor":28},{"not_picked":["Uppercut+1","Perfected Strike"],"picked":"infinitespire:OneForAll","floor":29},{"not_picked":["Sword Boomerang","Wild Strike"],"picked":"Pummel","floor":30},{"not_picked":["ReplayTheSpireMod:Strike From Hell","Thunderclap+1"],"picked":"Sword Boomerang+1","floor":35},{"not_picked":["ReplayTheSpireMod:Limb From Limb","ReplayTheSpireMod:Stacked+1"],"picked":"Body Slam+1","floor":36},{"not_picked":["Pommel Strike+1","Searing Blow+1","Warcry"],"picked":"SKIP","floor":37},{"not_picked":["Replay:Many Hands","Perfected Strike+1"],"picked":"Body Slam+1","floor":38},{"not_picked":["Replay:Undeath\u0027s Touch+1","ReplayTheSpireMod:Strike From Hell+1","Armaments"],"picked":"SKIP","floor":39},{"not_picked":["Pommel Strike+1","Massacre","Headbutt+1"],"picked":"SKIP","floor":40},{"not_picked":["Armaments","Havoc"],"picked":"Heavy Blade+1","floor":44},{"not_picked":["Ghostly Armor","Wild Strike+1"],"picked":"Berserk","floor":45},{"not_picked":["ReplayTheSpireMod:Strike From Hell+1","Blood for Blood"],"picked":"Perfected Strike+1","floor":46},{"not_picked":["Headbutt","Impervious"],"picked":"Sword Boomerang+1","floor":47},{"not_picked":["Wild Strike","Second Wind+1"],"picked":"Entrench+1","floor":48}],"player_experience":775611,"relics_obtained":[{"floor":10,"key":"Grinning Jar"},{"floor":12,"key":"MiniBlackHole"},{"floor":23,"key":"infinitespire:CheckeredPen"},{"floor":25,"key":"wanderingMiniBosses:MasterThiefsPresence"},{"floor":26,"key":"hubris:TenFootPole"},{"floor":28,"key":"Akabeko"},{"floor":30,"key":"MealTicket"},{"floor":43,"key":"infinitespire:EmpoweringShard"},{"floor":45,"key":"King of Hearts"},{"floor":47,"key":"Eternal Feather"},{"floor":47,"key":"infinitespire:Broken Mirror"}],"event_choices":[{"damage_healed":0,"gold_gain":0,"player_choice":"Simplicity","damage_taken":0,"max_hp_gain":0,"max_hp_loss":0,"event_name":"betterThird:BetterWriting","floor":21,"gold_loss":0},{"damage_healed":0,"gold_gain":0,"player_choice":"Ignored","damage_taken":0,"max_hp_gain":0,"max_hp_loss":0,"event_name":"Purifier","floor":41,"gold_loss":0}],"is_beta":false,"boss_relics":[{"not_picked":["energizedSpire:HugeHouse","Replay:Ancient Bell"],"picked":"hubris:Backtick"},{"not_picked":["energizedSpire:StickyHand","energizedSpire:DecayingSkull"],"picked":"Black Star"}],"items_purged_floors":[],"is_endless":false,"potions_floor_spawned":[2,3,5,11,16,18,19,23,29,36,37,39,45,47],"killed_by":"Donu and Deca","ascension_level":1}}