{"host":"Tuck","time":1611696325,"event":{"mods":["BaseMod","Minty Spire (QoL Compilation)","StSLib"],"gold_per_floor":[116,171,171,100,120,120,146,146,199,233,233,213,247,260,260,360,360,374,384,134,163,163,195,220,255,337,370,203,228,82,158,158,260,260,276,276,291,307,98,127,127,161,184,213,213,240,115,215,215,215,215,215,42,74,74],"floor_reached":56,"language":"ENG","playtime":6434,"items_purged":["Strike_G","Strike_G","Strike_G","Strike_G","Strike_G"],"score":1996,"play_id":"3605f5bd-918d-4488-92f6-1dc6b6b2b7bb","local_time":"20210126142525","is_ascension_mode":true,"campfire_choices":[{"data":"Bouncing Flask","floor":6,"key":"SMITH"},{"data":"Accuracy","floor":8,"key":"SMITH"},{"data":"Dodge and Roll","floor":11,"key":"SMITH"},{"data":"Footwork","floor":15,"key":"SMITH"},{"floor":32,"key":"DIG"},{"floor":41,"key":"DIG"},{"floor":45,"key":"DIG"},{"floor":49,"key":"RECALL"},{"floor":52,"key":"DIG"}],"circlet_count":0,"master_deck":["Defend_G","Defend_G","Defend_G","Defend_G","Defend_G","Survivor","Neutralize+1","Blur","Footwork+1","Accuracy+1","Blade Dance+1","Bouncing Flask+1","Dodge and Roll+1","Riddle With Holes+1","Footwork+1","Malaise","Tools of the Trade+1","Predator+1","Noxious Fumes","PiercingWail","Bullet Time","Choke","Envenom","Footwork","Backflip","PiercingWail","Envenom","Well Laid Plans","Night Terror","Noxious Fumes","Crippling Poison","Acrobatics","Blur","A Thousand Cuts","Leg Sweep+1","Night Terror","Acrobatics","Malaise","PiercingWail","Noxious Fumes","Envenom","Apotheosis+1","Envenom","Caltrops","Backflip","Blade Dance","Panache","Noxious Fumes","Bouncing Flask+1"],"relics":["Coffee Dripper","Mummified Hand","TungstenRod","Centennial Puzzle","Tiny Chest","Boot","HoveringKite","Membership Card","Red Mask","WingedGreaves","HornCleat","Art of War","Meat on the Bone","Whetstone","Ninja Scroll","Shovel","Turnip","Orrery","Eternal Feather","Tingsha","Black Star","Nunchaku","Happy Flower","Juzu Bracelet","FossilizedHelix","Strawberry","Bird Faced Urn","Bronze Scales","Regal Pillow","Sundial","Pen Nib","Oddly Smooth Stone","Unceasing Top","Medical Kit","Letter Opener","Calipers","Anchor"],"acts_visited":["Exordium","TheCity","TheBeyond","TheEnding"],"potions_floor_usage":[21,23,27],"damage_taken":[{"damage":2,"enemies":"Small Slimes","floor":1,"turns":4},{"damage":0,"enemies":"Cultist","floor":5,"turns":3},{"damage":6,"enemies":"Gremlin Nob","floor":7,"turns":3},{"damage":1,"enemies":"3 Sentries","floor":10,"turns":8},{"damage":2,"enemies":"Gremlin Nob","floor":13,"turns":4},{"damage":0,"enemies":"Jaw Worm","floor":14,"turns":3},{"damage":0,"enemies":"The Guardian","floor":16,"turns":9},{"damage":0,"enemies":"3 Byrds","floor":18,"turns":5},{"damage":0,"enemies":"Spheric Guardian","floor":19,"turns":4},{"damage":0,"enemies":"Masked Bandits","floor":21,"turns":5},{"damage":0,"enemies":"Book of Stabbing","floor":23,"turns":5},{"damage":0,"enemies":"Gremlin Leader","floor":24,"turns":6},{"damage":0,"enemies":"Slavers","floor":25,"turns":5},{"damage":0,"enemies":"Gremlin Leader","floor":27,"turns":5},{"damage":0,"enemies":"Slavers","floor":29,"turns":5},{"damage":0,"enemies":"Collector","floor":33,"turns":9},{"damage":0,"enemies":"Orb Walker","floor":35,"turns":2},{"damage":7,"enemies":"3 Darklings","floor":37,"turns":5},{"damage":2,"enemies":"Jaw Worm Horde","floor":38,"turns":6},{"damage":1,"enemies":"Nemesis","floor":40,"turns":7},{"damage":0,"enemies":"Giant Head","floor":42,"turns":7},{"damage":0,"enemies":"Nemesis","floor":44,"turns":6},{"damage":0,"enemies":"Reptomancer","floor":46,"turns":9},{"damage":0,"enemies":"Donu and Deca","floor":50,"turns":6},{"damage":0,"enemies":"Shield and Spear","floor":54,"turns":6},{"damage":0,"enemies":"The Heart","floor":55,"turns":9}],"seed_played":"2635178284324757548","potions_obtained":[{"floor":1,"key":"AttackPotion"},{"floor":5,"key":"FairyPotion"},{"floor":12,"key":"GhostInAJar"},{"floor":21,"key":"DistilledChaos"},{"floor":24,"key":"SteroidPotion"},{"floor":27,"key":"Poison Potion"}],"is_trial":false,"path_per_floor":["M","$","?","$","M","R","E","R","T","E","R","?","E","M","R","B",null,"M","M","$","?","?","E","E","E","T","E","$","E","$","T","R","B",null,"M","?","M","M","$","E","R","E","T","E","R","E","$","?","R","B",null,"R","$","E","B",null],"character_chosen":"THE_SILENT","items_purchased":["Mummified Hand","Footwork","Block Potion","Accuracy","TungstenRod","GhostInAJar","Membership Card","Noxious Fumes","Footwork","Backflip","PiercingWail","Well Laid Plans","Orrery","Blur","PiercingWail","Noxious Fumes","Nunchaku","Medical Kit","Caltrops","Backflip","Blade Dance","Panache","Noxious Fumes","PowerPotion"],"campfire_rested":0,"item_purchase_floors":[2,2,2,4,4,4,20,20,28,28,28,30,30,30,39,39,39,47,47,47,53,53,53,53],"current_hp_per_floor":[68,68,68,68,68,68,62,62,62,61,61,61,59,59,59,59,70,70,70,70,70,70,70,70,70,70,70,70,70,70,70,70,70,70,70,70,63,61,61,60,70,77,77,77,77,77,77,77,77,77,77,77,77,77,77],"gold":74,"neow_bonus":"BOSS_RELIC","is_daily":false,"chose_seed":false,"campfire_upgraded":4,"win_rate":0.0,"timestamp":1611696325,"path_taken":["M","$","?","?","M","R","E","R","T","E","R","?","E","M","R","BOSS","M","M","$","?","?","E","E","E","T","E","$","E","$","?","R","BOSS","M","?","M","?","$","E","R","E","T","E","R","E","$","?","R","BOSS","R","$","E","BOSS"],"items_purchased_type":["Relic","Card","Potion","Card","Relic","Potion","Relic","Card","Card","Card","Card","Card","Relic","Card","Card","Card","Relic","Relic","Card","Card","Card","Card","Card","Potion"],"build_version":"2020-12-18","purchased_purges":5,"victory":true,"max_hp_per_floor":[70,70,70,70,70,70,70,70,70,70,70,70,70,70,70,70,70,70,70,70,70,70,70,70,70,70,70,70,70,70,70,70,70,70,70,70,70,70,70,70,70,77,77,77,77,77,77,77,77,77,77,77,77,77,77],"card_choices":[{"not_picked":["Eviscerate","Sucker Punch"],"picked":"Blur","floor":1},{"not_picked":["Backflip","Deflect"],"picked":"Bouncing Flask","floor":5},{"not_picked":["Underhanded Strike","Reflex","Choke"],"picked":"SKIP","floor":7},{"not_picked":["Acrobatics","Dagger Spray"],"picked":"Dodge and Roll","floor":10},{"not_picked":["All Out Attack","Deadly Poison"],"picked":"Riddle With Holes","floor":13},{"not_picked":["Dash","Well Laid Plans"],"picked":"Footwork","floor":14},{"not_picked":["Doppelganger","Tools of the Trade"],"picked":"Malaise","floor":16},{"not_picked":["Expertise","Riddle With Holes"],"picked":"Predator+1","floor":18},{"not_picked":["Deadly Poison+1","Dagger Throw+1","Sucker Punch"],"picked":"SKIP","floor":19},{"not_picked":["Infinite Blades","All Out Attack+1"],"picked":"PiercingWail","floor":23},{"not_picked":["Flying Knee","Escape Plan"],"picked":"Bullet Time","floor":24},{"not_picked":["Riddle With Holes","Dagger Spray"],"picked":"Choke","floor":25},{"not_picked":["Skewer+1","Dash"],"picked":"Envenom","floor":27},{"not_picked":["Acrobatics","Backstab"],"picked":"Envenom","floor":29},{"not_picked":["PiercingWail","Dagger Spray"],"picked":"Night Terror","floor":30},{"not_picked":["Tactician","Quick Slash+1"],"picked":"Noxious Fumes","floor":30},{"not_picked":["Terror","Backflip"],"picked":"Crippling Poison","floor":30},{"not_picked":["Flying Knee","Bane"],"picked":"Acrobatics","floor":30},{"not_picked":["Corpse Explosion","Storm of Steel"],"picked":"A Thousand Cuts","floor":33},{"not_picked":["Finisher","Terror"],"picked":"Leg Sweep+1","floor":35},{"not_picked":["Dagger Spray+1","Bane+1"],"picked":"Acrobatics","floor":37},{"not_picked":["Cloak And Dagger+1","Deadly Poison+1"],"picked":"Malaise","floor":38},{"not_picked":["Die Die Die","Reflex","Dagger Spray"],"picked":"SKIP","floor":40},{"not_picked":["Sucker Punch+1","Slice","Doppelganger"],"picked":"SKIP","floor":42},{"not_picked":["Slice","Prepared+1"],"picked":"Envenom","floor":44},{"not_picked":["Outmaneuver+1","Distraction"],"picked":"Envenom","floor":46},{"not_picked":["Dagger Spray","Deadly Poison"],"picked":"Bouncing Flask+1","floor":54}],"player_experience":2274775,"relics_obtained":[{"floor":7,"key":"Centennial Puzzle"},{"floor":10,"key":"Tiny Chest"},{"floor":13,"key":"Boot"},{"floor":21,"key":"Red Mask"},{"floor":23,"key":"Art of War"},{"floor":24,"key":"Meat on the Bone"},{"floor":25,"key":"Whetstone"},{"floor":26,"key":"Ninja Scroll"},{"floor":27,"key":"Shovel"},{"floor":29,"key":"Turnip"},{"floor":31,"key":"Eternal Feather"},{"floor":32,"key":"Tingsha"},{"floor":40,"key":"Happy Flower"},{"floor":40,"key":"Juzu Bracelet"},{"floor":41,"key":"FossilizedHelix"},{"floor":42,"key":"Strawberry"},{"floor":42,"key":"Bird Faced Urn"},{"floor":43,"key":"Bronze Scales"},{"floor":44,"key":"Regal Pillow"},{"floor":44,"key":"Sundial"},{"floor":45,"key":"Pen Nib"},{"floor":46,"key":"Oddly Smooth Stone"},{"floor":46,"key":"Unceasing Top"},{"floor":52,"key":"Letter Opener"},{"floor":54,"key":"Calipers"},{"floor":54,"key":"Anchor"}],"event_choices":[{"damage_healed":0,"gold_gain":0,"player_choice":"Upgraded","damage_taken":0,"max_hp_gain":0,"max_hp_loss":0,"event_name":"Upgrade Shrine","floor":3,"gold_loss":0,"cards_upgraded":["Footwork"]},{"damage_healed":0,"gold_gain":0,"player_choice":"Bought 1 Potion","damage_taken":0,"max_hp_gain":0,"max_hp_loss":0,"event_name":"The Woman in Blue","floor":12,"gold_loss":0},{"damage_healed":0,"gold_gain":0,"player_choice":"Fought Bandits","damage_taken":0,"max_hp_gain":0,"max_hp_loss":0,"event_name":"Masked Bandits","floor":21,"gold_loss":0},{"damage_healed":0,"gold_gain":0,"player_choice":"Opened","damage_taken":0,"relics_obtained":["HornCleat"],"max_hp_gain":0,"max_hp_loss":0,"event_name":"The Mausoleum","floor":22,"gold_loss":0},{"damage_healed":0,"gold_gain":0,"player_choice":"Copied","damage_taken":0,"max_hp_gain":0,"max_hp_loss":0,"event_name":"Duplicator","floor":36,"gold_loss":0,"cards_obtained":["Night Terror"]},{"damage_healed":0,"gold_gain":100,"player_choice":"Pray","damage_taken":0,"max_hp_gain":0,"max_hp_loss":0,"event_name":"Golden Shrine","floor":48,"gold_loss":0}],"is_beta":true,"boss_relics":[{"not_picked":["Runic Dome","Velvet Choker"],"picked":"HoveringKite"},{"not_picked":["Busted Crown","Astrolabe"],"picked":"Black Star"}],"items_purged_floors":[2,4,20,28,39],"is_endless":false,"potions_floor_spawned":[1,5,16,21,24,27,37,38,42,46],"ascension_level":1}}