{"host":"t0dtoggyaif518ut","time":1611675110,"event":{"mods":["AchievementEnabler","BaseMod","Best Route Mod","Bestiary","Better Altar","Better Match","Better Note","Better Sensory Stone","Better Silent Start","Better Skull","Better Third Choice","Better Vampires","Block Reminder","Colored Powertips","Dark Map","Displayed Cursed Tome","Energized Spire","Gold Saver","Ironclad Rager","Minty Spire (QoL Compilation)","Practice Mode","Quick Restart","RNG Fix","Random Character Button","Relic Stats","Reworked Bosses","StSLib","Treasure Hunter"],"gold_per_floor":[274,274,50,0,15,47,47,59,59,104,130,150,150,182,182,183,183],"floor_reached":16,"language":"RUS","playtime":740,"items_purged":[],"score":243,"play_id":"a88e1742-f164-4276-a415-fe4ebbaa78a4","local_time":"20210126223150","is_ascension_mode":true,"campfire_choices":[{"floor":7,"key":"REST"},{"data":"TH:ElvenBoots","floor":13,"key":"SMITH"},{"data":"Whirlwind","floor":15,"key":"SMITH"}],"circlet_count":0,"master_deck":["AscendersBane","Strike_R","Strike_R","Strike_R","Strike_R","Strike_R","Defend_R","Defend_R","Defend_R","Defend_R","Bash","Anger","Whirlwind+1","TH:TreasureMap","Immolate","TH:ElvenBoots+1","TH:PixieDust","TH:CopperCoins","Pommel Strike","Shrug It Off","TH:CursedSword"],"relics":["Burning Blood","Anchor","Question Card","White Beast Statue","HornCleat","Dream Catcher","Bag of Marbles","Potion Belt"],"acts_visited":["Exordium"],"potions_floor_usage":[12,14,14,16],"damage_taken":[{"damage":10,"enemies":"Cultist","floor":1,"turns":5},{"damage":0,"enemies":"2 Louse","floor":5,"turns":2},{"damage":40,"enemies":"Gremlin Nob","floor":6,"turns":5},{"damage":2,"enemies":"Jaw Worm","floor":8,"turns":2},{"damage":0,"enemies":"3 Sentries","floor":11,"turns":4},{"damage":0,"enemies":"Exordium Thugs","floor":12,"turns":3},{"damage":46,"enemies":"Lagavulin","floor":14,"turns":7},{"damage":44,"enemies":"Hexaghost","floor":16,"turns":9}],"seed_played":"5685037684163355818","potions_obtained":[{"floor":1,"key":"Weak Potion"},{"floor":5,"key":"Swift Potion"},{"floor":12,"key":"PowerPotion"},{"floor":14,"key":"PowerPotion"}],"is_trial":false,"path_per_floor":["M","?","$","?","M","E","R","M","T","T","E","M","R","E","R","B"],"character_chosen":"IRONCLAD","items_purchased":["Whirlwind","Anchor"],"campfire_rested":1,"item_purchase_floors":[3,3],"current_hp_per_floor":[60,65,65,65,71,37,65,69,69,69,75,81,81,41,41,0,0],"gold":183,"neow_bonus":"TWENTY_PERCENT_HP_BONUS","is_daily":false,"chose_seed":false,"campfire_upgraded":2,"win_rate":0.0,"timestamp":1611675110,"path_taken":["M","?","$","?","M","E","R","M","T","?","E","M","R","E","R","BOSS"],"items_purchased_type":["Card","Relic"],"build_version":"2020-12-22","purchased_purges":0,"victory":false,"max_hp_per_floor":[89,94,94,94,94,94,94,94,94,94,94,94,94,94,94,94,94],"relic_stats":{"Dream Catcher":0,"counters":[8,37],"Question Card":16,"obtain_stats":[{"Potion Belt":14,"Anchor":3,"Dream Catcher":10,"HornCleat":9,"Bag of Marbles":11,"Question Card":4,"Burning Blood":0,"White Beast Statue":6},{"Potion Belt":7,"Anchor":1,"Dream Catcher":4,"HornCleat":4,"Bag of Marbles":5,"Question Card":1,"Burning Blood":0,"White Beast Statue":3},{"Potion Belt":28,"Anchor":5,"Dream Catcher":14,"HornCleat":14,"Bag of Marbles":18,"Question Card":5,"Burning Blood":0,"White Beast Statue":12}],"Burning Blood":42},"card_choices":[{"not_picked":["Combust","Armaments"],"picked":"Anger","floor":1},{"not_picked":["Cleave","Clash","Sword Boomerang","Clothesline"],"picked":"SKIP","floor":5},{"not_picked":["TH:ArmorSpikes","TH:DeckOfManyThings"],"picked":"TH:TreasureMap","floor":6},{"not_picked":["Dropkick","Blood for Blood","Anger"],"picked":"Immolate","floor":6},{"not_picked":["Dark Embrace","Infernal Blade","Sword Boomerang","Shockwave"],"picked":"SKIP","floor":8},{"not_picked":["TH:PixieDust","TH:CopperCoins"],"picked":"TH:ElvenBoots","floor":9},{"not_picked":["TH:DeckOfManyThings","TH:ArmorSpikes"],"picked":"TH:PixieDust","floor":10},{"not_picked":["TH:TreasureMap","TH:PixieDust"],"picked":"TH:CopperCoins","floor":11},{"not_picked":["Wild Strike","Offering","Thunderclap"],"picked":"Pommel Strike","floor":11},{"not_picked":["Armaments","Iron Wave","Twin Strike"],"picked":"Shrug It Off","floor":12},{"not_picked":["TH:EnergyPotion","TH:Mimic"],"picked":"TH:CursedSword","floor":14},{"not_picked":["Body Slam","Reckless Charge","Cleave","True Grit"],"picked":"SKIP","floor":14}],"player_experience":300413,"relics_obtained":[{"floor":6,"key":"White Beast Statue"},{"floor":9,"key":"HornCleat"},{"floor":10,"key":"Dream Catcher"},{"floor":11,"key":"Bag of Marbles"},{"floor":14,"key":"Potion Belt"}],"event_choices":[{"damage_healed":0,"gold_gain":0,"player_choice":"Donut","damage_taken":0,"max_hp_gain":5,"max_hp_loss":0,"event_name":"Big Fish","floor":2,"gold_loss":0},{"damage_healed":0,"gold_gain":0,"player_choice":"Paid Gold","damage_taken":0,"relics_obtained":["Question Card"],"max_hp_gain":0,"max_hp_loss":0,"event_name":"WeMeetAgain","floor":4,"gold_loss":50}],"is_beta":false,"boss_relics":[],"items_purged_floors":[],"is_endless":false,"potions_floor_spawned":[1,5,8,11,12,14],"killed_by":"Hexaghost","ascension_level":14}}