{"host":"jlw4slqoq862puwo","time":1611695428,"event":{"mods":["BaseMod","DeckTracker","Dota2Spire","Highlight Path","Minty Spire (QoL Compilation)","Quick Restart","StSLib","SuperFastMode"],"gold_per_floor":[116,116,127,139,149,149,174,189,201,201,214,214,243,261,261,278,278,381,381,381,479,479,491,15,15,26,26,26,60,76,89,89,139,39,39,68,81,112,130,130,228,228,228,328,328,340,351,351,370,370,370,398,123,133,158,187,187,213,213,239,258,258,258,258],"floor_reached":65,"language":"ENG","playtime":1904,"items_purged":["Strike_B","Strike_B","Strike_B"],"score":1840,"play_id":"b7d691ac-b529-416c-bbad-488b79edb5c8","local_time":"20210126221028","is_ascension_mode":false,"campfire_choices":[{"data":"Zap","floor":6,"key":"SMITH"},{"data":"Dualcast","floor":12,"key":"SMITH"},{"data":"Loop","floor":17,"key":"SMITH"},{"data":"Creative AI","floor":20,"key":"SMITH"},{"data":"Coolheaded","floor":28,"key":"SMITH"},{"data":"Seek","floor":35,"key":"SMITH"},{"data":"Biased Cognition","floor":40,"key":"SMITH"},{"data":"Biased Cognition","floor":43,"key":"SMITH"},{"data":"Biased Cognition","floor":51,"key":"SMITH"},{"data":"Heatsinks","floor":57,"key":"SMITH"},{"data":"Capacitor","floor":59,"key":"SMITH"},{"data":"Lockon","floor":62,"key":"SMITH"},{"data":"Reboot","floor":63,"key":"SMITH"}],"circlet_count":0,"master_deck":["Defend_B","Defend_B","Defend_B","Defend_B","Zap+1","Dualcast+1","Go for the Eyes","Sweeping Beam","Chill","Loop+1","Coolheaded","Glacier","All For One","Compile Driver","Barrage","Creative AI+1","Seek+1","Conserve Battery","Reboot+1","Coolheaded+1","Chill+1","Capacitor+1","Biased Cognition+1","Lockon+1","Biased Cognition+1","Biased Cognition+1","White Noise+1","Biased Cognition+1","Heatsinks+1","Parasite"],"relics":["Cracked Core","Ancient Tea Set","Blood Vial","Nunchaku","Dota2Spire:RefresherOrb","Black Star","OrangePellets","Dota2Spire:AghanimScepter","Pocketwatch","Vajra","HornCleat","Orichalcum","Dota2Spire:Vanguard","Dota2Spire:Butterfly","Calipers","Dream Catcher","Potion Belt","Snecko Eye","Dota2Spire:Bloodstone","Dota2Spire:MaskOfMadness","Strawberry","Medical Kit","Dota2Spire:BladeMail","Sundial","Gambling Chip","Dota2Spire:EtherealBlade","Dota2Spire:ArmletOfMordiggian","Dota2Spire:LotusOrb","Boot"],"acts_visited":["Exordium","TheCity","TheBeyond"],"potions_floor_usage":[7,13,18,18,61],"damage_taken":[{"damage":1,"enemies":"Jaw Worm","floor":1,"turns":3},{"damage":0,"enemies":"Cultist","floor":3,"turns":3},{"damage":0,"enemies":"Small Slimes","floor":4,"turns":3},{"damage":0,"enemies":"Exordium Wildlife","floor":5,"turns":2},{"damage":20,"enemies":"Gremlin Nob","floor":7,"turns":5},{"damage":1,"enemies":"Red Slaver","floor":8,"turns":4},{"damage":0,"enemies":"Exordium Thugs","floor":9,"turns":5},{"damage":8,"enemies":"Looter","floor":11,"turns":3},{"damage":11,"enemies":"Lagavulin","floor":13,"turns":5},{"damage":1,"enemies":"Blue Slaver","floor":14,"turns":4},{"damage":0,"enemies":"Exordium Thugs","floor":16,"turns":4},{"damage":22,"enemies":"Slime Boss","floor":18,"turns":6},{"damage":4,"enemies":"Slime Boss","floor":21,"turns":6},{"damage":0,"enemies":"3 Byrds","floor":23,"turns":5},{"damage":9,"enemies":"Spheric Guardian","floor":26,"turns":4},{"damage":2,"enemies":"Gremlin Leader","floor":29,"turns":6},{"damage":0,"enemies":"Centurion and Healer","floor":30,"turns":7},{"damage":0,"enemies":"Chosen and Byrds","floor":31,"turns":5},{"damage":0,"enemies":"Slavers","floor":36,"turns":5},{"damage":0,"enemies":"Snecko","floor":37,"turns":6},{"damage":0,"enemies":"Gremlin Leader","floor":38,"turns":6},{"damage":0,"enemies":"Centurion and Healer","floor":39,"turns":4},{"damage":0,"enemies":"Collector","floor":41,"turns":10},{"damage":0,"enemies":"Collector","floor":44,"turns":7},{"damage":0,"enemies":"Orb Walker","floor":46,"turns":3},{"damage":0,"enemies":"3 Shapes","floor":47,"turns":4},{"damage":0,"enemies":"Transient","floor":49,"turns":5},{"damage":0,"enemies":"Nemesis","floor":52,"turns":5},{"damage":0,"enemies":"Writhing Mass","floor":54,"turns":5},{"damage":0,"enemies":"Giant Head","floor":56,"turns":6},{"damage":0,"enemies":"Nemesis","floor":58,"turns":9},{"damage":0,"enemies":"Reptomancer","floor":60,"turns":6},{"damage":0,"enemies":"3 Darklings","floor":61,"turns":6},{"damage":0,"enemies":"Time Eater","floor":64,"turns":4}],"seed_played":"4342521373323135124","potions_obtained":[{"floor":1,"key":"Weak Potion"},{"floor":4,"key":"Energy Potion"},{"floor":9,"key":"SteroidPotion"},{"floor":14,"key":"ColorlessPotion"},{"floor":16,"key":"SkillPotion"},{"floor":18,"key":"SneckoOil"},{"floor":21,"key":"SmokeBomb"},{"floor":29,"key":"PowerPotion"},{"floor":31,"key":"Block Potion"},{"floor":39,"key":"Swift Potion"},{"floor":41,"key":"Dexterity Potion"},{"floor":52,"key":"Fruit Juice"},{"floor":61,"key":"Energy Potion"}],"is_trial":false,"path_per_floor":["M","?","M","M","M","R","E","M","M","T","M","R","E","M","?","M","R","B",null,"R","B",null,"M","$","?","M","T","R","E","M","M","T","T","$","R","E","M","E","M","R","B",null,"R","B",null,"M","M","?","M","?","R","E","$","M","T","E","R","E","R","E","M","R","R","B",null],"character_chosen":"DEFECT","items_purchased":["OrangePellets","Dota2Spire:AghanimScepter","Medical Kit"],"campfire_rested":0,"item_purchase_floors":[24,24,53],"current_hp_per_floor":[81,81,81,81,81,81,61,60,60,60,54,54,45,46,51,53,53,33,33,33,31,87,87,87,87,78,78,78,78,80,82,82,82,82,82,84,86,87,87,87,87,87,87,87,87,87,87,83,83,83,83,90,90,90,90,90,90,90,90,90,95,95,95,95],"gold":258,"neow_bonus":"TEN_PERCENT_HP_BONUS","is_daily":false,"chose_seed":false,"campfire_upgraded":13,"win_rate":0.0,"timestamp":1611695428,"path_taken":["M","?","?","M","M","R","E","M","M","T","M","R","E","M","?","M","R","BOSS","R","BOSS","M","$","?","?","?","R","E","M","M","T","T","?","R","E","M","E","?","R","BOSS","R","BOSS","M","M","?","M","?","R","E","$","M","T","E","R","E","R","E","M","R","R","BOSS"],"items_purchased_type":["Relic","Relic","Relic"],"build_version":"2020-12-22","purchased_purges":3,"victory":true,"max_hp_per_floor":[82,82,82,82,82,82,82,82,82,82,82,82,82,82,87,87,87,87,87,87,87,87,87,87,87,87,87,87,87,87,87,87,87,87,87,87,87,87,87,87,87,87,87,87,87,87,87,83,83,83,83,90,90,90,90,90,90,90,90,90,95,95,95,95],"card_choices":[{"not_picked":["Hologram","Compile Driver"],"picked":"Go for the Eyes","floor":1},{"not_picked":["Barrage","Reinforced Body"],"picked":"Sweeping Beam","floor":3},{"not_picked":["BootSequence","Redo"],"picked":"Chill","floor":4},{"not_picked":["Gash","Stack","Reprogram"],"picked":"SKIP","floor":5},{"not_picked":["Compile Driver","Reinforced Body"],"picked":"Loop","floor":7},{"not_picked":["Leap","Stack"],"picked":"Coolheaded","floor":8},{"not_picked":["Streamline","Coolheaded"],"picked":"Glacier","floor":9},{"not_picked":["Streamline","Force Field"],"picked":"All For One","floor":11},{"not_picked":["Streamline","Go for the Eyes","Glacier"],"picked":"SKIP","floor":13},{"not_picked":["Genetic Algorithm","Glacier"],"picked":"Compile Driver","floor":14},{"not_picked":["Glacier","Static Discharge"],"picked":"Barrage","floor":16},{"not_picked":["Rainbow","Biased Cognition"],"picked":"Creative AI","floor":18},{"not_picked":["All For One","Creative AI"],"picked":"Seek","floor":21},{"not_picked":["Redo+1","Go for the Eyes"],"picked":"Conserve Battery","floor":23},{"not_picked":["Hologram+1","Barrage"],"picked":"Coolheaded","floor":26},{"not_picked":["Self Repair","Compile Driver"],"picked":"Chill+1","floor":29},{"not_picked":["Sweeping Beam","Melter"],"picked":"Capacitor","floor":30},{"not_picked":["Conserve Battery","Sweeping Beam","Beam Cell"],"picked":"SKIP","floor":31},{"not_picked":["Glacier+1","Aggregate"],"picked":"Biased Cognition","floor":36},{"not_picked":["Hologram","Leap"],"picked":"Lockon","floor":37},{"not_picked":["Creative AI","Cold Snap","BootSequence"],"picked":"SKIP","floor":38},{"not_picked":["Compile Driver","Hologram","Coolheaded"],"picked":"SKIP","floor":39},{"not_picked":["Creative AI","All For One"],"picked":"Biased Cognition","floor":41},{"not_picked":["Machine Learning","Seek"],"picked":"Biased Cognition","floor":44},{"not_picked":["Scrape","Go for the Eyes","Sweeping Beam"],"picked":"SKIP","floor":46},{"not_picked":["Double Energy+1","Streamline+1","Darkness+1"],"picked":"SKIP","floor":47},{"not_picked":["Conserve Battery","Go for the Eyes"],"picked":"White Noise+1","floor":49},{"not_picked":["Lockon","Fission"],"picked":"Heatsinks","floor":52},{"not_picked":["Darkness","Steam","Conserve Battery"],"picked":"SKIP","floor":54},{"not_picked":["Conserve Battery","Gash+1","Go for the Eyes"],"picked":"SKIP","floor":56},{"not_picked":["Genetic Algorithm+1","Scrape","Biased Cognition"],"picked":"SKIP","floor":58},{"not_picked":["Coolheaded","Compile Driver","Streamline+1"],"picked":"SKIP","floor":60},{"not_picked":["Gash+1","Streamline","Cold Snap+1"],"picked":"SKIP","floor":61}],"player_experience":2690,"relics_obtained":[{"floor":7,"key":"Ancient Tea Set"},{"floor":10,"key":"Blood Vial"},{"floor":13,"key":"Nunchaku"},{"floor":27,"key":"Pocketwatch"},{"floor":29,"key":"Vajra"},{"floor":29,"key":"HornCleat"},{"floor":32,"key":"Orichalcum"},{"floor":33,"key":"Dota2Spire:Vanguard"},{"floor":36,"key":"Dota2Spire:Butterfly"},{"floor":36,"key":"Calipers"},{"floor":38,"key":"Dream Catcher"},{"floor":38,"key":"Potion Belt"},{"floor":52,"key":"Dota2Spire:MaskOfMadness"},{"floor":52,"key":"Strawberry"},{"floor":55,"key":"Dota2Spire:BladeMail"},{"floor":56,"key":"Sundial"},{"floor":56,"key":"Gambling Chip"},{"floor":58,"key":"Dota2Spire:EtherealBlade"},{"floor":58,"key":"Dota2Spire:ArmletOfMordiggian"},{"floor":60,"key":"Dota2Spire:LotusOrb"},{"floor":60,"key":"Boot"}],"event_choices":[{"cards_removed":["Strike_B"],"damage_healed":0,"gold_gain":0,"player_choice":"Purged","damage_taken":0,"max_hp_gain":0,"max_hp_loss":0,"event_name":"Purifier","floor":2,"gold_loss":0},{"damage_healed":0,"gold_gain":0,"player_choice":"Donut","damage_taken":0,"max_hp_gain":5,"max_hp_loss":0,"event_name":"Big Fish","floor":15,"gold_loss":0},{"damage_healed":0,"gold_gain":0,"player_choice":"1 cards matched","damage_taken":0,"max_hp_gain":0,"max_hp_loss":0,"event_name":"Match and Keep!","floor":25,"gold_loss":0,"cards_obtained":["Reboot"]},{"damage_healed":0,"gold_gain":0,"player_choice":"Max HP","damage_taken":0,"max_hp_gain":0,"max_hp_loss":4,"event_name":"Winding Halls","floor":48,"gold_loss":0},{"damage_healed":0,"gold_gain":0,"player_choice":"Copied","damage_taken":0,"max_hp_gain":0,"max_hp_loss":0,"event_name":"Duplicator","floor":50,"gold_loss":0,"cards_obtained":["Biased Cognition"]}],"is_beta":false,"boss_relics":[{"not_picked":["Sozu","Fusion Hammer"],"picked":"Dota2Spire:RefresherOrb"},{"not_picked":["SlaversCollar","Cursed Key"],"picked":"Black Star"},{"not_picked":["SacredBark","Velvet Choker"],"picked":"Snecko Eye"},{"not_picked":["Coffee Dripper","FrozenCore"],"picked":"Dota2Spire:Bloodstone"}],"items_purged_floors":[24,34,53],"is_endless":false,"potions_floor_spawned":[1,4,9,14,16,18,21,29,31,39,41,52,58,61],"ascension_level":0}}