{"host":"ia9e4s524g7bamk7","time":1611689394,"event":{"mods":["AchievementEnabler","BaseMod","Minty Spire (QoL Compilation)","Slay-I"],"gold_per_floor":[118,293,293,293,313,346,365,386,432,432,432,117,117,160,160,283,283,299,398,417,18,38,38,53,53,77,77,118,155,167,197,209,344,356,386,398,428,440,452,502,514,561,573,585,2,18,53,62,62,62,62,62,12,46,46],"floor_reached":56,"language":"ENG","playtime":8566,"items_purged":["Strike_B","Streamline","Doubt","Melter+1"],"score":1758,"play_id":"d9e3a30d-e4f3-4f23-a373-a39406dad22b","local_time":"20210126202954","is_ascension_mode":true,"campfire_choices":[{"data":"Dualcast","floor":10.0,"key":"SMITH"},{"floor":15.0,"key":"REST"},{"floor":23.0,"key":"REST"},{"data":"Defragment","floor":25.0,"key":"SMITH"},{"floor":27.0,"key":"REST"},{"floor":32.0,"key":"REST"},{"floor":41.0,"key":"RECALL"},{"floor":44.0,"key":"REST"},{"data":"Finesse","floor":49,"key":"SMITH"},{"floor":52,"key":"REST"}],"circlet_count":0,"master_deck":["Zap+1","Dualcast+1","Coolheaded+1","Purity+1","Echo Form+1","Defragment+1","BootSequence+1","Force Field+1","Skim+1","Genetic Algorithm+1","Coolheaded+1","Conserve Battery+1","Conserve Battery+1","Conserve Battery+1","Steam Power+1","Defragment+1","Finesse+1"],"relics":["Cracked Core","NeowsBlessing","Golden Idol","Letter Opener","Art of War","Medical Kit","Smiling Mask","Pandora\u0027s Box","PreservedInsect","Happy Flower","Orichalcum","MawBank","Runic Dome","HornCleat","Mark of the Bloom","Molten Egg 2","CeramicFish","Ornamental Fan","Sundial","FossilizedHelix","Blood Vial","Bronze Scales"],"acts_visited":["Exordium","TheCity","TheBeyond","TheEnding"],"potions_floor_usage":[47,55],"damage_taken":[{"damage":0.0,"enemies":"2 Louse","floor":1.0,"turns":1.0},{"damage":0.0,"enemies":"Small Slimes","floor":5.0,"turns":1.0},{"damage":0.0,"enemies":"Lagavulin","floor":6.0,"turns":1.0},{"damage":1.0,"enemies":"Jaw Worm","floor":7.0,"turns":4.0},{"damage":21.0,"enemies":"Exordium Wildlife","floor":8.0,"turns":4.0},{"damage":18.0,"enemies":"Gremlin Nob","floor":14.0,"turns":3.0},{"damage":8.0,"enemies":"The Guardian","floor":16.0,"turns":10.0},{"damage":0.0,"enemies":"Spheric Guardian","floor":18.0,"turns":1.0},{"damage":14.0,"enemies":"Shell Parasite","floor":20.0,"turns":4.0},{"damage":34.0,"enemies":"Snecko","floor":22.0,"turns":11.0},{"damage":14.0,"enemies":"Snake Plant","floor":24.0,"turns":9.0},{"damage":5.0,"enemies":"Gremlin Leader","floor":28.0,"turns":8.0},{"damage":25.0,"enemies":"3 Cultists","floor":29.0,"turns":6.0},{"damage":0.0,"enemies":"Snecko","floor":31.0,"turns":11.0},{"damage":0.0,"enemies":"Automaton","floor":33.0,"turns":24.0},{"damage":15.0,"enemies":"3 Shapes","floor":35.0,"turns":6.0},{"damage":4.0,"enemies":"Orb Walker","floor":37.0,"turns":6.0},{"damage":0.0,"enemies":"Giant Head","floor":40.0,"turns":11.0},{"damage":0.0,"enemies":"Nemesis","floor":42.0,"turns":11.0},{"damage":0.0,"enemies":"Spire Growth","floor":46.0,"turns":3.0},{"damage":0,"enemies":"Reptomancer","floor":47,"turns":4},{"damage":0,"enemies":"Donu and Deca","floor":50,"turns":3},{"damage":0,"enemies":"Shield and Spear","floor":54,"turns":3},{"damage":36,"enemies":"The Heart","floor":55,"turns":5}],"seed_played":"-556111065920298067","potions_obtained":[{"floor":5.0,"key":"Energy Potion"},{"floor":8.0,"key":"SkillPotion"},{"floor":22.0,"key":"DuplicationPotion"},{"floor":35.0,"key":"Ancient Potion"},{"floor":46.0,"key":"SkillPotion"}],"is_trial":false,"path_per_floor":["M","?","?","?","M","E","M","M","T","R","?","$","T","E","R","B",null,"M","?","M","$","M","R","M","R","T","R","E","M","?","M","R","B",null,"M","T","M","?","?","E","R","E","T","R","$","M","E","?","R","B",null,"R","$","E","B",null],"character_chosen":"DEFECT","items_purchased":["Medical Kit","Purity","PreservedInsect","Happy Flower","Conserve Battery","Sundial","FossilizedHelix"],"campfire_rested":6,"item_purchase_floors":[12,12,21,21,21,45,45],"current_hp_per_floor":[75,75,69,62,62,62,61,40,40,40,26,26,26,8,28,20,57,57,57,43,43,9,29,15,15,15,35,30,5,5,5,25,35,61,66,66,69,69,69,69,69,69,69,69,69,69,69,69,69,69,69,69,69,69,33],"gold":46,"neow_bonus":"THREE_ENEMY_KILL","is_daily":false,"chose_seed":false,"campfire_upgraded":3,"win_rate":0.0,"timestamp":1611689394,"path_taken":["M","?","?","?","M","E","M","M","T","R","?","$","?","E","R","BOSS","M","?","M","$","M","R","M","R","T","R","E","M","?","M","R","BOSS","M","?","?","?","?","E","R","E","T","R","$","M","E","?","R","BOSS","R","$","E","BOSS"],"items_purchased_type":["Relic","Card","Relic","Relic","Card","Relic","Relic"],"build_version":"2020-12-22","purchased_purges":4,"victory":true,"max_hp_per_floor":[75,75,69,69,69,69,69,69,69,69,69,69,69,69,69,69,69,69,69,69,69,69,69,69,69,69,69,69,69,69,69,69,69,69,69,69,69,69,69,69,69,69,69,69,69,69,69,69,69,69,69,69,69,69,69],"card_choices":[{"not_picked":["Steam Power","Go for the Eyes"],"picked":"Ball Lightning","floor":1.0},{"not_picked":["Chill","Loop","Blizzard"],"picked":"SKIP","floor":5.0},{"not_picked":["Compile Driver","Gash","Coolheaded"],"picked":"SKIP","floor":6.0},{"not_picked":["Stack","Genetic Algorithm"],"picked":"Coolheaded","floor":7.0},{"not_picked":["Beam Cell","Conserve Battery"],"picked":"Melter","floor":8.0},{"not_picked":["Scrape","Go for the Eyes"],"picked":"Echo Form","floor":14.0},{"not_picked":["Sweeping Beam","Aggregate+1","Barrage+1"],"picked":"SKIP","floor":18.0},{"not_picked":["Go for the Eyes","FTL"],"picked":"Coolheaded","floor":20.0},{"not_picked":["Heatsinks","Barrage+1"],"picked":"Conserve Battery","floor":22.0},{"not_picked":["Chill","Hologram","Turbo"],"picked":"SKIP","floor":24.0},{"not_picked":["Compile Driver","Storm+1","All For One"],"picked":"SKIP","floor":28.0},{"not_picked":["Turbo","Rebound+1"],"picked":"Conserve Battery","floor":29.0},{"not_picked":["Steam","Stack"],"picked":"Self Repair+1","floor":31.0},{"not_picked":["Recycle","Compile Driver","Hologram+1"],"picked":"SKIP","floor":35.0},{"not_picked":["Compile Driver+1","Steam","Beam Cell"],"picked":"SKIP","floor":37.0},{"not_picked":["Turbo","Lockon+1"],"picked":"Defragment+1","floor":40.0},{"not_picked":["Coolheaded+1","Chaos","Stack"],"picked":"SKIP","floor":42.0},{"not_picked":["Stack","Cold Snap+1","Ball Lightning+1"],"picked":"SKIP","floor":46.0},{"not_picked":["Compile Driver+1","Chill+1","Rebound+1"],"picked":"SKIP","floor":47},{"not_picked":["Enlightenment","HandOfGreed+1"],"picked":"Finesse","floor":48},{"not_picked":["Capacitor+1","Hello World+1","Redo"],"picked":"SKIP","floor":54}],"player_experience":200933,"relics_obtained":[{"floor":6.0,"key":"Letter Opener"},{"floor":9.0,"key":"Art of War"},{"floor":14.0,"key":"Smiling Mask"},{"floor":26.0,"key":"Orichalcum"},{"floor":28.0,"key":"MawBank"},{"floor":36.0,"key":"HornCleat"},{"floor":40.0,"key":"Molten Egg 2"},{"floor":42.0,"key":"CeramicFish"},{"floor":43.0,"key":"Ornamental Fan"},{"floor":47,"key":"Blood Vial"},{"floor":54,"key":"Bronze Scales"}],"event_choices":[{"damage_healed":0.0,"max_hp_gain":0.0,"max_hp_loss":0.0,"gold_gain":175.0,"event_name":"Liars Game","player_choice":"AGREE","floor":2.0,"gold_loss":0.0,"damage_taken":0.0,"cards_obtained":["Doubt"]},{"damage_healed":0.0,"max_hp_gain":0.0,"max_hp_loss":6.0,"gold_gain":0.0,"event_name":"Golden Idol","player_choice":"Lose Max HP","floor":3.0,"gold_loss":0.0,"damage_taken":0.0,"relics_obtained":["Golden Idol"]},{"cards_removed":["Strike_B"],"damage_healed":0.0,"max_hp_gain":0.0,"max_hp_loss":0.0,"gold_gain":0.0,"event_name":"Golden Wing","player_choice":"Card Removal","floor":4.0,"gold_loss":0.0,"damage_taken":7.0},{"damage_healed":0.0,"max_hp_gain":0.0,"max_hp_loss":0.0,"gold_gain":0.0,"event_name":"Shining Light","player_choice":"Entered Light","floor":11.0,"gold_loss":0.0,"damage_taken":14.0,"cards_upgraded":["Defend_B","Strike_B"]},{"damage_healed":0.0,"max_hp_gain":0.0,"max_hp_loss":0.0,"gold_gain":99.0,"event_name":"Nest","player_choice":"Stole From Cult","floor":19.0,"gold_loss":0.0,"damage_taken":0.0},{"damage_healed":0.0,"max_hp_gain":0.0,"max_hp_loss":0.0,"gold_gain":0.0,"cards_transformed":["Ball Lightning"],"event_name":"Transmorgrifier","player_choice":"Transformed","floor":30.0,"gold_loss":0.0,"damage_taken":0.0,"cards_obtained":["Steam Power"]},{"damage_healed":0.0,"max_hp_gain":0.0,"max_hp_loss":0.0,"gold_gain":0.0,"event_name":"MindBloom","player_choice":"Upgrade","floor":38.0,"gold_loss":0.0,"damage_taken":0.0,"cards_upgraded":["Zap","Coolheaded","Melter","Purity","Echo Form","BootSequence","Force Field","Skim","Genetic Algorithm","Coolheaded","Conserve Battery","Conserve Battery","Conserve Battery","Steam Power"],"relics_obtained":["Mark of the Bloom"]},{"cards_removed":["Self Repair"],"damage_healed":0.0,"max_hp_gain":0.0,"max_hp_loss":0.0,"gold_gain":0.0,"event_name":"Falling","player_choice":"Removed Power","floor":39.0,"gold_loss":0.0,"damage_taken":0.0},{"damage_healed":0,"gold_gain":0,"player_choice":"Memory 1","damage_taken":0,"max_hp_gain":0,"max_hp_loss":0,"event_name":"SensoryStone","floor":48,"gold_loss":0}],"is_beta":false,"boss_relics":[{"not_picked":["Ectoplasm","Coffee Dripper"],"picked":"Pandora\u0027s Box"},{"not_picked":["SlaversCollar","Snecko Eye"],"picked":"Runic Dome"}],"items_purged_floors":[12,21,45,53],"is_endless":false,"potions_floor_spawned":[5,8,22,35,46],"ascension_level":5}}