{"host":"n9oz7eo077gsfu2d","time":1611699535,"event":{"mods":["2.2 Compatiblity","BaseMod","Colored Map","Custom Start","DeckTracker","KOR Keyword Fix","Minty Spire (QoL Compilation)","StSLib","SuperFastMode"],"gold_per_floor":[214,224,224,236,186,186,186,186,186,156,232,248,262,280,280,409,409,423,423,278,377,377,421,421,435,435,435,453,472,208,208,208,333,333,347,370,384,57,78,78,114,114,114,129,129,185,248,323,323,323],"floor_reached":51,"language":"KOR","playtime":2016,"items_purged":["Defend_G","Strike_G","Strike_G"],"score":793,"play_id":"a03a22b5-bb7c-4134-ad74-11388bc2674c","local_time":"20210127071855","is_ascension_mode":true,"campfire_choices":[{"data":"Neutralize","floor":6.0,"key":"SMITH"},{"floor":8.0,"key":"REST"},{"data":"Blade Dance","floor":15.0,"key":"SMITH"},{"data":"Dagger Spray","floor":24.0,"key":"SMITH"},{"data":"After Image","floor":27.0,"key":"SMITH"},{"data":"Accuracy","floor":32.0,"key":"SMITH"},{"data":"Accuracy","floor":40,"key":"SMITH"},{"data":"Blade Dance","floor":42,"key":"SMITH"},{"floor":49,"key":"REST"}],"circlet_count":0,"master_deck":["Strike_G","Defend_G","Defend_G","Survivor","Neutralize+1","Deflect","Slice","Blade Dance+1","After Image+1","Footwork","Reflex","Storm of Steel","Dagger Spray+1","Distraction+1","Backstab","Accuracy+1","Bandage Up","Backstab+1","Accuracy+1","Cloak And Dagger","Blade Dance+1","PiercingWail+1","Slice"],"relics":["Ring of the Snake","Golden Idol","Shuriken","Paper Crane","Empty Cage","Incense Burner","White Beast Statue","Vajra","Sozu","Frozen Eye","Strawberry","Girya","StoneCalendar","Lizard Tail","Frozen Egg 2"],"acts_visited":["Exordium","TheCity","TheBeyond"],"potions_floor_usage":[50],"damage_taken":[{"damage":11.0,"enemies":"Jaw Worm","floor":1.0,"turns":7.0},{"damage":0.0,"enemies":"2 Louse","floor":2.0,"turns":3.0},{"damage":0.0,"enemies":"Small Slimes","floor":4.0,"turns":3.0},{"damage":0.0,"enemies":"Looter","floor":10.0,"turns":4.0},{"damage":4.0,"enemies":"Exordium Thugs","floor":12.0,"turns":7.0},{"damage":11.0,"enemies":"Large Slime","floor":13.0,"turns":9.0},{"damage":1.0,"enemies":"Looter","floor":14.0,"turns":2.0},{"damage":13.0,"enemies":"The Guardian","floor":16.0,"turns":10.0},{"damage":10.0,"enemies":"Spheric Guardian","floor":18.0,"turns":5.0},{"damage":3.0,"enemies":"Gremlin Leader","floor":23.0,"turns":6.0},{"damage":0.0,"enemies":"Shell Parasite","floor":25.0,"turns":5.0},{"damage":11.0,"enemies":"Snecko","floor":28.0,"turns":4.0},{"damage":6.0,"enemies":"3 Cultists","floor":29.0,"turns":5.0},{"damage":20.0,"enemies":"Collector","floor":33.0,"turns":8.0},{"damage":0.0,"enemies":"3 Shapes","floor":35.0,"turns":2.0},{"damage":14,"enemies":"3 Darklings","floor":36,"turns":5},{"damage":11,"enemies":"Maw","floor":37,"turns":6},{"damage":7,"enemies":"Writhing Mass","floor":39,"turns":6},{"damage":0,"enemies":"Giant Head","floor":41,"turns":5},{"damage":9,"enemies":"3 Darklings","floor":44,"turns":4},{"damage":13,"enemies":"2 Orb Walkers","floor":46,"turns":4},{"damage":0,"enemies":"Mind Bloom Boss Battle","floor":47,"turns":3},{"damage":56,"enemies":"Time Eater","floor":50,"turns":10}],"seed_played":"1923298255902709267","potions_obtained":[{"floor":2.0,"key":"ColorlessPotion"},{"floor":14.0,"key":"Weak Potion"},{"floor":18.0,"key":"Regen Potion"},{"floor":19.0,"key":"EssenceOfSteel"},{"floor":28.0,"key":"SpeedPotion"},{"floor":33.0,"key":"SpeedPotion"}],"is_trial":false,"path_per_floor":["M","M","?","M","?","R","?","R","T","M","T","M","M","M","R","B",null,"M","?","$","?","?","E","R","M","T","R","M","M","$","T","R","B",null,"M","M","M","$","M","R","E","R","T","M","?","?","?","T","R","B",null],"character_chosen":"THE_SILENT","items_purchased":["Footwork","Accuracy","Bandage Up","Frozen Eye","Blade Dance"],"campfire_rested":2,"item_purchase_floors":[20,30,30,38,38],"current_hp_per_floor":[59,59,64,64,64,64,46,68,68,68,68,64,53,52,52,39,75,65,65,65,65,65,62,62,62,62,62,51,45,45,45,45,44,75,75,65,58,58,55,55,66,66,66,61,61,52,52,52,76,24],"gold":323,"neow_bonus":"HUNDRED_GOLD","is_daily":false,"chose_seed":false,"campfire_upgraded":7,"win_rate":0.0,"timestamp":1611699535,"path_taken":["M","M","?","M","?","R","?","R","T","M","?","?","M","M","R","BOSS","M","?","?","?","?","E","R","M","T","R","M","M","$","?","R","BOSS","M","M","M","$","M","R","E","R","T","?","?","?","?","?","R","BOSS"],"items_purchased_type":["Card","Card","Card","Relic","Card"],"build_version":"2020-12-22","purchased_purges":3,"victory":true,"max_hp_per_floor":[70,70,75,75,75,75,75,75,75,75,75,75,75,75,75,75,75,75,75,75,75,75,75,75,75,75,75,75,75,75,75,75,75,75,75,75,75,75,75,75,82,82,82,82,82,82,82,82,82,82],"card_choices":[{"not_picked":["Underhanded Strike","Flying Knee","Sucker Punch"],"picked":"SKIP","floor":1.0},{"not_picked":["Acrobatics","Riddle With Holes","Prepared"],"picked":"SKIP","floor":2.0},{"not_picked":["All Out Attack","Dodge and Roll"],"picked":"Deflect","floor":4.0},{"not_picked":["Expertise","Masterful Stab"],"picked":"Slice","floor":10.0},{"not_picked":["Backstab","Deflect"],"picked":"Deadly Poison","floor":12.0},{"not_picked":["Bane","Heel Hook"],"picked":"Blade Dance","floor":13.0},{"not_picked":["Outmaneuver","Dodge and Roll","Dagger Throw"],"picked":"SKIP","floor":14.0},{"not_picked":["Unload","Burst"],"picked":"After Image","floor":16.0},{"not_picked":["Outmaneuver+1","Tactician","Dagger Throw+1"],"picked":"SKIP","floor":18.0},{"not_picked":["Choke","Quick Slash+1"],"picked":"Dagger Spray","floor":23.0},{"not_picked":["PiercingWail","Dodge and Roll"],"picked":"Distraction+1","floor":25.0},{"not_picked":["Terror","Flying Knee"],"picked":"Backstab","floor":28.0},{"not_picked":["Skewer","Sucker Punch","Dagger Throw"],"picked":"SKIP","floor":29.0},{"not_picked":["After Image","Malaise"],"picked":"A Thousand Cuts","floor":33.0},{"not_picked":["Backflip+1","Dash"],"picked":"Backstab+1","floor":35.0},{"not_picked":["Eviscerate+1","Outmaneuver+1"],"picked":"Accuracy","floor":36},{"not_picked":["Dagger Throw","Dodge and Roll+1"],"picked":"Cloak And Dagger","floor":37},{"not_picked":["Dagger Spray","Backflip","Outmaneuver"],"picked":"SKIP","floor":39},{"not_picked":["Dagger Spray+1","Calculated Gamble"],"picked":"PiercingWail+1","floor":41},{"not_picked":["Deadly Poison","Catalyst","Poisoned Stab"],"picked":"SKIP","floor":44},{"not_picked":["Crippling Poison+1","Heel Hook+1"],"picked":"Slice","floor":46}],"player_experience":108062,"relics_obtained":[{"floor":9.0,"key":"Shuriken"},{"floor":11.0,"key":"Paper Crane"},{"floor":23.0,"key":"Incense Burner"},{"floor":26.0,"key":"White Beast Statue"},{"floor":31.0,"key":"Vajra"},{"floor":41,"key":"Strawberry"},{"floor":43,"key":"Girya"},{"floor":46,"key":"StoneCalendar"},{"floor":47,"key":"Lizard Tail"},{"floor":48,"key":"Frozen Egg 2"}],"event_choices":[{"damage_healed":0.0,"max_hp_gain":5.0,"max_hp_loss":0.0,"gold_gain":0.0,"event_name":"Big Fish","player_choice":"Donut","floor":3.0,"gold_loss":0.0,"damage_taken":0.0},{"cards_removed":["Strike_G"],"damage_healed":0.0,"max_hp_gain":0.0,"max_hp_loss":0.0,"gold_gain":0.0,"event_name":"The Cleric","player_choice":"Card Removal","floor":5.0,"gold_loss":50.0,"damage_taken":0.0},{"damage_healed":0.0,"max_hp_gain":0.0,"max_hp_loss":0.0,"gold_gain":0.0,"event_name":"Golden Idol","player_choice":"Take Damage","floor":7.0,"gold_loss":0.0,"damage_taken":18.0,"relics_obtained":["Golden Idol"]},{"damage_healed":0.0,"max_hp_gain":0.0,"max_hp_loss":0.0,"gold_gain":0.0,"event_name":"Lab","player_choice":"Got Potions","floor":19.0,"gold_loss":0.0,"damage_taken":0.0},{"damage_healed":0.0,"max_hp_gain":0.0,"max_hp_loss":0.0,"gold_gain":99.0,"event_name":"Nest","player_choice":"Stole From Cult","floor":21.0,"gold_loss":0.0,"damage_taken":0.0},{"damage_healed":0.0,"max_hp_gain":0.0,"max_hp_loss":0.0,"gold_gain":0.0,"cards_transformed":["Strike_G","Defend_G"],"event_name":"Drug Dealer","player_choice":"Became Test Subject","floor":22.0,"gold_loss":0.0,"damage_taken":0.0,"cards_obtained":["Reflex","Storm of Steel"]},{"cards_removed":["A Thousand Cuts"],"damage_healed":0,"gold_gain":0,"player_choice":"Removed Power","damage_taken":0,"max_hp_gain":0,"max_hp_loss":0,"event_name":"Falling","floor":45,"gold_loss":0},{"damage_healed":0,"gold_gain":0,"player_choice":"Fight","damage_taken":0,"max_hp_gain":0,"max_hp_loss":0,"event_name":"Mysterious Sphere","floor":46,"gold_loss":0},{"damage_healed":0,"gold_gain":0,"player_choice":"Fight","damage_taken":0,"max_hp_gain":0,"max_hp_loss":0,"event_name":"MindBloom","floor":47,"gold_loss":0}],"is_beta":false,"boss_relics":[{"not_picked":["Tiny House","Astrolabe"],"picked":"Empty Cage"},{"not_picked":["Black Star","Pandora\u0027s Box"],"picked":"Sozu"}],"items_purged_floors":[20,30,38],"is_endless":false,"potions_floor_spawned":[2,14,18,28,29,33,35,36,37,39,41,44,46,47],"ascension_level":1}}