{"host":"wwmqne3dwir10erh","time":1611705213,"event":{"mods":["BaseMod","Better Note","Hubris","Mimic Mod","Minty Spire (QoL Compilation)","Replay The Spire","StSLib"],"gold_per_floor":[114,114,125,144,156,183,183,212,212,226,237,251,216,229,229,330,330,341,357,537,46,46,46,80,80,80,106,118,144,187,219,231,346,358,389,71,0,15,30,30,64,64,111,142,162,162,162],"floor_reached":46,"language":"ENG","playtime":2598,"items_purged":["Spreading Infection"],"score":637,"play_id":"3e8817e9-362e-4c21-ae13-c7a49f98a0aa","local_time":"20210126185333","is_ascension_mode":true,"campfire_choices":[{"data":"Neutralize","floor":7.0,"key":"SMITH"},{"data":"hubris:Counter","floor":15.0,"key":"SMITH"},{"floor":23.0,"key":"REST"},{"data":"Defend_G","floor":25.0,"key":"SMITH"},{"floor":32.0,"key":"REST"},{"data":"Malaise","floor":40,"key":"SMITH"}],"circlet_count":0,"master_deck":["Strike_G+1","Strike_G+1","Strike_G+1","Strike_G+1","Strike_G+1","Defend_G+1","Defend_G+1","Defend_G","Defend_G","Survivor","Neutralize","Dash","Neutralize+1","Panacea","Escape Plan","Riddle With Holes","Heel Hook","Dagger Spray","Poisoned Stab","Parasite","Glass Knife","hubris:Counter+1","Masterful Stab","Tools of the Trade","Blade Dance+1","Tools of the Trade","Infinite Blades","Apotheosis+1","hubris:Sniper","Masterful Stab","Dagger Throw+1","ReplayTheSpireMod:Speed Training","Malaise+1","Acrobatics+1","Tools of the Trade","Dodge and Roll+1","Prepared+1","Eviscerate"],"relics":["Cursed Key","Replay:Bottled Eggs","Kunai","Matryoshka","hubris:Stopwatch","Simple Rune","DollysMirror","Pet Ghost","hubris:ToyBattleship","MawBank","Smiling Mask","Eternal Feather","ChewingGum","Omamori","Red Mask","Quantum Egg","Vajra","Replay:Mystery Machine","Replay:Baseball"],"acts_visited":["Exordium","TheCity","TheBeyond"],"potions_floor_usage":[33,33,44],"damage_taken":[{"damage":0.0,"enemies":"Jaw Worm","floor":1.0,"turns":4.0},{"damage":0.0,"enemies":"Cultist","floor":3.0,"turns":4.0},{"damage":7.0,"enemies":"Small Slimes","floor":4.0,"turns":3.0},{"damage":0.0,"enemies":"3 Louse","floor":5.0,"turns":4.0},{"damage":8.0,"enemies":"Gremlin Nob","floor":6.0,"turns":4.0},{"damage":0.0,"enemies":"Replay:BlueRogue","floor":8.0,"turns":5.0},{"damage":0.0,"enemies":"2 Fungi Beasts","floor":10.0,"turns":3.0},{"damage":0.0,"enemies":"Exordium Thugs","floor":11.0,"turns":3.0},{"damage":4.0,"enemies":"Looter","floor":12.0,"turns":2.0},{"damage":0.0,"enemies":"3 Louse","floor":14.0,"turns":2.0},{"damage":25.0,"enemies":"Hexaghost","floor":16.0,"turns":11.0},{"damage":7.0,"enemies":"3 Byrds","floor":18.0,"turns":4.0},{"damage":0.0,"enemies":"Spheric Guardian","floor":19.0,"turns":3.0},{"damage":14.0,"enemies":"Gremlin Leader","floor":24.0,"turns":6.0},{"damage":5.0,"enemies":"Centurion and Healer","floor":27.0,"turns":6.0},{"damage":2.0,"enemies":"Chosen and Byrds","floor":29.0,"turns":4.0},{"damage":24.0,"enemies":"Slavers","floor":30.0,"turns":5.0},{"damage":5.0,"enemies":"Snake Plant","floor":31.0,"turns":4.0},{"damage":53,"enemies":"Collector","floor":33,"turns":10},{"damage":21,"enemies":"3 Darklings","floor":35,"turns":5},{"damage":1,"enemies":"Orb Walker","floor":38,"turns":4},{"damage":10,"enemies":"Jaw Worm Horde","floor":39,"turns":5},{"damage":14,"enemies":"Nemesis","floor":41,"turns":7},{"damage":29,"enemies":"Reptomancer","floor":44,"turns":6},{"damage":0,"enemies":"Maw","floor":45,"turns":7},{"damage":20,"enemies":"2 Orb Walkers","floor":46,"turns":2}],"seed_played":"-8989406629745774992","potions_obtained":[{"floor":1.0,"key":"Poison Potion"},{"floor":5.0,"key":"Strength Potion"},{"floor":6.0,"key":"Block Potion"},{"floor":10.0,"key":"FearPotion"},{"floor":11.0,"key":"BlessingOfTheForge"},{"floor":31.0,"key":"Toxic Potion"},{"floor":35,"key":"Toxic Potion"}],"is_trial":false,"path_per_floor":["M","?","M","M","M","E","R","E","T","M","M","M","?","M","R","B",null,"M","M","?","$","?","R","E","R","T","M","?","M","E","M","R","B",null,"M","$","?","M","M","R","E","$","T","E","M","?"],"character_chosen":"THE_SILENT","items_purchased":["Simple Rune","DollysMirror","Pet Ghost","Infinite Blades","Omamori","Tools of the Trade"],"campfire_rested":2,"item_purchase_floors":[21,21,21,21,36,36],"current_hp_per_floor":[70,70,70,63,63,55,55,55,55,55,55,51,68,68,68,43,70,63,63,44,44,44,65,51,51,51,46,46,44,20,15,54,1,70,49,49,49,48,38,59,45,45,45,16,16,0,0],"gold":162,"neow_bonus":"BOSS_RELIC","is_daily":false,"chose_seed":false,"campfire_upgraded":4,"win_rate":0.0,"timestamp":1611705213,"path_taken":["M","?","?","M","M","E","R","E","T","M","M","M","?","M","R","BOSS","M","M","?","$","?","R","E","R","T","M","?","M","E","M","R","BOSS","M","$","?","M","M","R","E","$","T","E","M","?"],"items_purchased_type":["Relic","Relic","Relic","Card","Relic","Card"],"build_version":"2020-12-22","purchased_purges":1,"victory":false,"max_hp_per_floor":[70,70,70,70,70,70,70,70,70,70,70,70,70,70,70,70,70,70,70,70,70,70,70,70,70,70,70,70,70,70,70,70,70,70,70,70,70,70,70,70,70,70,70,70,70,70,70],"card_choices":[{"not_picked":["hubris:SlightOfHand","Slice"],"picked":"Dash","floor":1.0},{"not_picked":["Bane","Reflex"],"picked":"Riddle With Holes","floor":3.0},{"not_picked":["Bane","Outmaneuver"],"picked":"Heel Hook","floor":4.0},{"not_picked":["Flying Knee","PiercingWail","ReplayTheSpireMod:Tripwire"],"picked":"SKIP","floor":5.0},{"not_picked":["Skewer","Riddle With Holes"],"picked":"Dagger Spray","floor":6.0},{"not_picked":["Bane","Leg Sweep"],"picked":"Poisoned Stab","floor":8.0},{"not_picked":["Prepared","hubris:SlightOfHand","Backstab"],"picked":"SKIP","floor":10.0},{"not_picked":["Calculated Gamble","Cloak And Dagger"],"picked":"Glass Knife","floor":11.0},{"not_picked":["Dodge and Roll","Deadly Poison"],"picked":"hubris:Counter","floor":12.0},{"not_picked":["Deadly Poison","Slice"],"picked":"Masterful Stab","floor":14.0},{"not_picked":["A Thousand Cuts","Adrenaline"],"picked":"Tools of the Trade","floor":16.0},{"not_picked":["Dodge and Roll","Quick Slash"],"picked":"Blade Dance+1","floor":18.0},{"not_picked":["Flying Knee","Outmaneuver","Fluid Movement"],"picked":"SKIP","floor":19.0},{"not_picked":["Deadly Poison","Crippling Poison"],"picked":"hubris:Sniper","floor":24.0},{"not_picked":["Calculated Gamble","Sucker Punch","Hidden Blade"],"picked":"SKIP","floor":27.0},{"not_picked":["hubris:SlightOfHand","Distraction"],"picked":"Dagger Throw+1","floor":29.0},{"not_picked":["Leg Sweep","hubris:SlightOfHand"],"picked":"ReplayTheSpireMod:Speed Training","floor":30.0},{"not_picked":["Dodge and Roll","Dash+1","Concentrate"],"picked":"SKIP","floor":31.0},{"not_picked":["Night Terror","Grand Finale"],"picked":"Malaise","floor":33},{"not_picked":["Replay:Poison Smokescreen+1","Flying Knee"],"picked":"Acrobatics+1","floor":35},{"not_picked":["Dodge and Roll+1","PiercingWail+1","Flying Knee"],"picked":"SKIP","floor":38},{"not_picked":["PiercingWail+1","Flying Knee"],"picked":"Dodge and Roll+1","floor":38},{"not_picked":["Expertise","Replay:Poison Smokescreen"],"picked":"Prepared+1","floor":39},{"not_picked":["hubris:TrickCloak+1","Acrobatics+1"],"picked":"Eviscerate","floor":41},{"not_picked":["Setup","ReplayTheSpireMod:Shiv Toss","Sucker Punch+1"],"picked":"SKIP","floor":44},{"not_picked":["Reflex","Deadly Poison+1","Bane+1"],"picked":"SKIP","floor":45}],"player_experience":2114338,"relics_obtained":[{"floor":6.0,"key":"Replay:Bottled Eggs"},{"floor":8.0,"key":"Kunai"},{"floor":9.0,"key":"Matryoshka"},{"floor":24.0,"key":"hubris:ToyBattleship"},{"floor":26.0,"key":"MawBank"},{"floor":26.0,"key":"Smiling Mask"},{"floor":30.0,"key":"Eternal Feather"},{"floor":41,"key":"Quantum Egg"},{"floor":43,"key":"Vajra"},{"floor":43,"key":"Replay:Mystery Machine"},{"floor":44,"key":"Replay:Baseball"}],"event_choices":[{"damage_healed":0.0,"max_hp_gain":0.0,"max_hp_loss":0.0,"gold_gain":0.0,"event_name":"Match and Keep!","player_choice":"3 cards matched","floor":2.0,"gold_loss":0.0,"damage_taken":0.0,"cards_obtained":["Neutralize","Panacea","Escape Plan"]},{"damage_healed":17.0,"max_hp_gain":0.0,"max_hp_loss":0.0,"gold_gain":0.0,"event_name":"The Cleric","player_choice":"Healed","floor":13.0,"gold_loss":35.0,"damage_taken":0.0},{"damage_healed":0.0,"max_hp_gain":0.0,"max_hp_loss":0.0,"gold_gain":180.0,"event_name":"Knowing Skull","player_choice":"GOLD GOLD ","floor":20.0,"potions_obtained":[],"gold_loss":0.0,"damage_taken":19.0,"cards_obtained":[]},{"cards_removed":["Apotheosis"],"damage_healed":0.0,"max_hp_gain":0.0,"max_hp_loss":0.0,"gold_gain":0.0,"event_name":"betterNote:BetterNote","player_choice":"Take \u0026 Give","floor":22.0,"gold_loss":0.0,"damage_taken":0.0,"cards_obtained":["Apotheosis"]},{"damage_healed":0.0,"max_hp_gain":0.0,"max_hp_loss":0.0,"gold_gain":0.0,"cards_transformed":["Defend_G"],"event_name":"Transmorgrifier","player_choice":"Transformed","floor":28.0,"gold_loss":0.0,"damage_taken":0.0,"cards_obtained":["Masterful Stab"]},{"damage_healed":0,"gold_gain":0,"player_choice":"Paid","damage_taken":0,"relics_obtained":["Red Mask"],"max_hp_gain":0,"max_hp_loss":0,"event_name":"Tomb of Lord Red Mask","floor":37,"gold_loss":71},{"damage_healed":0,"gold_gain":0,"player_choice":"Fight","damage_taken":0,"max_hp_gain":0,"max_hp_loss":0,"event_name":"Mysterious Sphere","floor":46,"gold_loss":0}],"is_beta":false,"boss_relics":[{"not_picked":["Painkiller Herb","Pandora\u0027s Box"],"picked":"hubris:Stopwatch"},{"not_picked":["Empty Cage","Runic Pyramid"],"picked":"ChewingGum"}],"items_purged_floors":[36],"is_endless":false,"potions_floor_spawned":[1,5,6,10,11,19,31,35],"killed_by":"2 Orb Walkers","ascension_level":1}}