{"host":"6r341r9cz00j2qc1","time":1611659168,"event":{"mods":["BaseMod","Better Third Choice","GungeonMod","Hermit","Lobotomy","LobotomyExtend","Minty Spire (QoL Compilation)","Replay The Spire","Shop Mod","StSLib"],"gold_per_floor":[114,180,180,255,255,289,289,301,353,353,61,61,61,71,71,174,224,241,84,84,104,104,104,104,104,128,128,77,90,109,129,129,229,229,240,259,219,231,250,250,268,268,349,399,399,229,229,278,278,278],"floor_reached":51,"language":"ENG","playtime":5059,"items_purged":[],"score":716,"play_id":"49b70f10-54fc-437e-9fea-11240d43e4b0","local_time":"20210126120608","is_ascension_mode":false,"campfire_choices":[{"floor":7,"key":"REST"},{"data":"hermit:Grudge","floor":13,"key":"SMITH"},{"floor":15,"key":"DIG"},{"data":"hermit:Reprieve","floor":40,"key":"SMITH"},{"data":"hermit:Determination","floor":49,"key":"SMITH"}],"circlet_count":0,"master_deck":["LongBird","ApocalypseBird","PunishingBird","BigBird","Funeral","Woodsman","hermit:Strike_Hermit","hermit:Strike_Hermit","hermit:Strike_Hermit","hermit:Strike_Hermit","hermit:Defend_Hermit","hermit:Defend_Hermit+1","hermit:Defend_Hermit","hermit:Defend_Hermit","hermit:Snapshot","hermit:Covet","Doubt","Scorched","hermit:Desperado","hermit:SprayPray","hermit:ShadowCloak+1","hermit:FromBeyond+1","hermit:LowProfile","Wellcheers","hermit:SprayPray","hermit:Misfire","Shame","hermit:Desperado","hermit:Desperado","FieryBird","hermit:Glare+1","hermit:BodyArmor+1","Rudolta","Parasite","Parasite","hermit:HighCaliber+1","Bloodbath","Writhe","hermit:Coalescence+1","hermit:Determination+1","hermit:Glare+1","Parasite"],"relics":["hermit:Momento","CogitoBucket","RabbitCall","LetterFromLob","Ring of Misfortune","ReplayTheSpireMod:Ring of Addiction","Toy Ornithopter","Chameleon Ring","Logging_r","Thread and Needle","DemoMod:Metronome","White Beast Statue","Mummified Hand","SkinProphecy","Potion Belt","Bronze Scales","ReplayFunnel","HonorFeather","SolemnVow_r","Cursed Key","TreeSap","Lamp_r","Twilight","ReplayTheSpireMod:Shallot","Justitia_r","Durian","MerchantsRug","DemoMod:ResourcefulSack"],"acts_visited":["Exordium","TheCity","TheBeyond"],"potions_floor_usage":[6,10,16,18,21,21,27,27,27,29,31,33,33,35,38,39,41,42,42,42,48,51,51,51],"damage_taken":[{"damage":0,"enemies":"2 Louse","floor":1,"turns":3},{"damage":16,"enemies":"3 Sentries","floor":6,"turns":10},{"damage":0,"enemies":"Small Slimes","floor":8,"turns":2},{"damage":0,"enemies":"Jaw Worm","floor":14,"turns":1},{"damage":9,"enemies":"Hexaghost","floor":16,"turns":11},{"damage":0,"enemies":"Spheric Guardian","floor":18,"turns":1},{"damage":0,"enemies":"3 Byrds","floor":21,"turns":3},{"damage":53,"enemies":"3 Byrds","floor":27,"turns":4},{"damage":15,"enemies":"Shelled Parasite and Fungi","floor":29,"turns":4},{"damage":23,"enemies":"Snake Plant","floor":30,"turns":3},{"damage":0,"enemies":"Cultist and Chosen","floor":31,"turns":4},{"damage":50,"enemies":"Collector","floor":33,"turns":7},{"damage":0,"enemies":"3 Shapes","floor":35,"turns":3},{"damage":9,"enemies":"Orb Walker","floor":36,"turns":8},{"damage":14,"enemies":"Spire Growth","floor":38,"turns":3},{"damage":43,"enemies":"Writhing Mass","floor":39,"turns":8},{"damage":8,"enemies":"4 Shapes","floor":41,"turns":4},{"damage":25,"enemies":"Spire Growth","floor":42,"turns":9},{"damage":34,"enemies":"Mind Bloom Boss Battle","floor":44,"turns":6},{"damage":33,"enemies":"2 Orb Walkers","floor":48,"turns":4},{"damage":24,"enemies":"Donu and Deca","floor":50,"turns":7},{"damage":79,"enemies":"Malkuth","floor":51,"turns":9},{"damage":48,"enemies":"Netzach","floor":51,"turns":8},{"damage":198,"enemies":"Geburah","floor":51,"turns":11},{"damage":166,"enemies":"Binah","floor":51,"turns":9}],"seed_played":"1408118930208084120","potions_obtained":[{"floor":1,"key":"Reflective Coating"},{"floor":5,"key":"Explosive Potion"},{"floor":5,"key":"Strength Potion"},{"floor":8,"key":"Toxic Potion"},{"floor":10,"key":"EntropicBrew"},{"floor":16,"key":"SteroidPotion"},{"floor":18,"key":"LiquidMemories"},{"floor":21,"key":"LiquidBronze"},{"floor":23,"key":"SkillPotion"},{"floor":23,"key":"Strength Potion"},{"floor":29,"key":"AttackPotion"},{"floor":30,"key":"Fire Potion"},{"floor":31,"key":"Toxic Potion"},{"floor":32,"key":"Doom Potion"},{"floor":32,"key":"EssenceOfSteel"},{"floor":33,"key":"Strength Potion"},{"floor":35,"key":"Doom Potion"},{"floor":36,"key":"PowerPotion"},{"floor":38,"key":"Explosive Potion"},{"floor":39,"key":"Fire Potion"},{"floor":41,"key":"SkillPotion"},{"floor":42,"key":"Venom Potion"},{"floor":44,"key":"Swift Potion"},{"floor":45,"key":"FairyPotion"},{"floor":48,"key":"Energy Potion"}],"is_trial":false,"path_per_floor":["M","?","?","?","?","E","R","M","T","R","$","M","R","M","R","B",null,"M","$","?","M","?","R","?","T","T","?","$","M","M","M","R","B",null,"M","M","?","M","M","R","M","M","T","?","R","$","?","?","R","B",null],"character_chosen":"HERMIT","items_purchased":["White Beast Statue","hermit:Grudge","Potion Belt","FearPotion","hermit:Determination","MerchantsRug"],"campfire_rested":1,"item_purchase_floors":[11,11,19,28,46,46],"current_hp_per_floor":[75,75,75,64,64,53,75,75,75,73,73,73,73,71,71,71,76,76,76,76,78,78,78,78,86,86,88,88,90,77,94,94,79,96,100,102,102,96,83,106,108,110,110,105,117,115,115,105,117,114],"gold":278,"neow_bonus":"","is_daily":false,"chose_seed":false,"campfire_upgraded":3,"win_rate":0.0,"timestamp":1611659168,"path_taken":["M","?","?","?","?","E","R","?","T","R","$","M","R","M","R","BOSS","M","$","?","?","?","R","?","?","T","?","?","M","?","M","R","BOSS","M","?","?","M","?","R","M","M","T","?","R","$","?","?","R","BOSS"],"items_purchased_type":["Relic","Card","Relic","Potion","Card","Relic"],"build_version":"2020-12-22","purchased_purges":0,"victory":true,"max_hp_per_floor":[75,75,75,75,75,75,75,75,75,73,73,73,73,71,71,71,76,76,76,76,78,78,78,78,86,86,88,88,90,92,94,94,96,96,100,102,102,104,106,106,108,110,110,117,117,115,115,117,117,119],"card_choices":[{"not_picked":["CrumblingArmor","WallGazer"],"picked":"Woodsman","floor":1},{"not_picked":["hermit:ItchyTrigger","hermit:BigShot"],"picked":"hermit:BodyArmor","floor":1},{"not_picked":["ShyLook","DreamingCurrent"],"picked":"Scorched","floor":6},{"not_picked":["hermit:Coalescence","hermit:GhostlyPresence"],"picked":"hermit:Desperado","floor":6},{"not_picked":["ShyLook","BeautyBeast"],"picked":"PunishingBird","floor":8},{"not_picked":["hermit:Manifest","hermit:Gambit"],"picked":"hermit:SprayPray","floor":8},{"not_picked":["VoidDream","WallGazer","LittleHelper"],"picked":"Singing Bowl","floor":14},{"not_picked":["hermit:Horror","hermit:Ricochet"],"picked":"hermit:ShadowCloak","floor":14},{"not_picked":["Alriune","HappyTeddy","FairyFestival"],"picked":"Singing Bowl","floor":16},{"not_picked":["Bloodbath","FieryBird"],"picked":"WhitesApple","floor":16},{"not_picked":["hermit:FatalDesire","hermit:Adapt"],"picked":"hermit:FromBeyond","floor":16},{"not_picked":["hermit:Horror","hermit:Cheat"],"picked":"hermit:LowProfile","floor":17},{"not_picked":["OSAHOGD","FairyFestival"],"picked":"Wellcheers","floor":18},{"not_picked":["hermit:Dive","hermit:CalledShot"],"picked":"hermit:SprayPray","floor":18},{"not_picked":["ShyLook","CrumblingArmor"],"picked":"Funeral","floor":21},{"not_picked":["hermit:CalledShot","hermit:Quickdraw"],"picked":"hermit:Misfire","floor":21},{"not_picked":["NakedNest","MeatLantern","Murderer"],"picked":"Singing Bowl","floor":29},{"not_picked":["hermit:Purgatory","hermit:TakeCover"],"picked":"hermit:Desperado","floor":29},{"not_picked":["LaLuna","MeatLantern","UniverseFragment"],"picked":"Singing Bowl","floor":30},{"not_picked":["Mercenary","WhiteNight"],"picked":"QueenOfHatred","floor":30},{"not_picked":["hermit:LuckOfTheDraw","hermit:Gambit"],"picked":"hermit:Desperado","floor":30},{"not_picked":["LittlePrince","OldLady"],"picked":"FieryBird","floor":31},{"not_picked":["hermit:Desperado+1","hermit:RoundhouseKick"],"picked":"hermit:Glare+1","floor":31},{"not_picked":["HappyTeddy","Freischutz","Porccubus"],"picked":"Singing Bowl","floor":33},{"not_picked":["hermit:Gambit","hermit:Magnum"],"picked":"hermit:BlackWind","floor":33},{"not_picked":["UniverseFragment","MeatLantern","HappyTeddy"],"picked":"Singing Bowl","floor":35},{"not_picked":["Mercenary","HeroicMonk"],"picked":"BigBird","floor":35},{"not_picked":["hermit:Snipe+1","hermit:LowProfile"],"picked":"hermit:BodyArmor+1","floor":35},{"not_picked":["GreedKing","CrumblingArmor"],"picked":"Rudolta","floor":36},{"not_picked":["hermit:Coalescence+1","hermit:Maintenance","hermit:Dive"],"picked":"SKIP","floor":36},{"not_picked":["NothingThere","CENSORED","GreedKing"],"picked":"Singing Bowl","floor":38},{"not_picked":["hermit:Ricochet","hermit:Showdown"],"picked":"hermit:Reprieve","floor":38},{"not_picked":["Yin","WhiteNight","MeltingLove"],"picked":"Singing Bowl","floor":39},{"not_picked":["hermit:Manifest","hermit:Ricochet","hermit:Vantage"],"picked":"SKIP","floor":39},{"not_picked":["OSAHOGD","Porccubus"],"picked":"LongBird","floor":41},{"not_picked":["hermit:TakeAim+1","hermit:ItchyTrigger+1"],"picked":"hermit:HighCaliber+1","floor":41},{"not_picked":["GreedKing","Murderer"],"picked":"Bloodbath","floor":42},{"not_picked":["hermit:HeroicBravado","hermit:Showdown"],"picked":"hermit:Headshot+1","floor":42},{"not_picked":["Porccubus","Mercenary","QueenBee"],"picked":"Singing Bowl","floor":44},{"not_picked":["hermit:BigShot+1","hermit:TakeCover+1"],"picked":"hermit:Coalescence+1","floor":44},{"not_picked":["Scarecrow","LaLuna","WallGazer"],"picked":"Singing Bowl","floor":48},{"not_picked":["hermit:Snipe+1","hermit:HighCaliber+1"],"picked":"hermit:Glare+1","floor":48}],"player_experience":462699,"relics_obtained":[{"floor":1,"key":"LetterFromLob"},{"floor":5,"key":"Ring of Misfortune"},{"floor":5,"key":"ReplayTheSpireMod:Ring of Addiction"},{"floor":5,"key":"Toy Ornithopter"},{"floor":5,"key":"Chameleon Ring"},{"floor":6,"key":"Thread and Needle"},{"floor":9,"key":"DemoMod:Metronome"},{"floor":15,"key":"Mummified Hand"},{"floor":25,"key":"Pear"},{"floor":26,"key":"ReplayFunnel"},{"floor":42,"key":"Twilight"},{"floor":43,"key":"ReplayTheSpireMod:Shallot"},{"floor":44,"key":"Durian"},{"floor":48,"key":"DemoMod:ResourcefulSack"}],"event_choices":[{"damage_healed":0,"gold_gain":66,"player_choice":"Gained Gold","damage_taken":0,"max_hp_gain":0,"max_hp_loss":0,"event_name":"Golden Wing","floor":2,"gold_loss":0},{"damage_healed":0,"gold_gain":0,"player_choice":"Leave","damage_taken":0,"max_hp_gain":0,"max_hp_loss":0,"event_name":"The Cleric","floor":3,"gold_loss":0},{"damage_healed":0,"gold_gain":75,"player_choice":"Gold","damage_taken":11,"max_hp_gain":0,"max_hp_loss":0,"event_name":"betterThird:BetterGoop","floor":4,"gold_loss":0},{"damage_healed":0,"gold_gain":0,"player_choice":"Upgraded","damage_taken":0,"max_hp_gain":0,"max_hp_loss":0,"event_name":"Upgrade Shrine","floor":20,"gold_loss":0,"cards_upgraded":["hermit:FromBeyond"]},{"damage_healed":0,"gold_gain":0,"player_choice":"Stole Relic","damage_taken":0,"relics_obtained":["Bronze Scales"],"max_hp_gain":0,"max_hp_loss":0,"event_name":"Addict","floor":24,"gold_loss":0,"cards_obtained":["Shame"]},{"damage_healed":0,"gold_gain":0,"player_choice":"Upgrade","damage_taken":0,"max_hp_gain":0,"max_hp_loss":0,"event_name":"Designer","floor":37,"gold_loss":40,"cards_upgraded":["hermit:ShadowCloak"]},{"damage_healed":0,"gold_gain":0,"player_choice":"Fight","damage_taken":0,"max_hp_gain":0,"max_hp_loss":0,"event_name":"MindBloom","floor":44,"gold_loss":0},{"damage_healed":0,"gold_gain":0,"player_choice":"Fight","damage_taken":0,"max_hp_gain":0,"max_hp_loss":0,"event_name":"Mysterious Sphere","floor":48,"gold_loss":0}],"is_beta":false,"boss_relics":[{"not_picked":["Abe\u0027s Treasure","ReplayTheSpireMod:DimensionalGlitch"],"picked":"Tiny House"},{"not_picked":["Coffee Dripper","Replay:Bronze Core"],"picked":"Cursed Key"}],"items_purged_floors":[],"is_endless":false,"potions_floor_spawned":[1,8,14,16,18,21,27,29,30,31,33,35,36,38,39,41,42,44,48,51,51,51,51],"ascension_level":0}}