{"host":"08z5bj28eube4vug","time":1611638798,"event":{"mods":["2.2 Compatiblity","Abigail Mod","Act Like it!","BaseMod","Beaked The Cultist","Bestiary","Friendly Minions","Gensokyo","GungeonMod","Hallownest","Kiyohime????","Koishi","Lobotomy","Marisa????????","Minty Spire (QoL Compilation)","Prisma Mod","Remilia??????","Replay The Spire","StSLib","Td1madao Mod","The Alterego","The Bug Knight","The Jungle","The Sage","The Senshi","The Servant 0.9.4","Waifu the Spire","WarShipGirlsR/????R mod","Yuri Mod"],"gold_per_floor":[364,379,14,0,19,19,94,120,120,136,136,153,153,167,167,272,272,288,302,19,31,331,331,81,81,106,131,131,131,149,167,167,266,266,285,335,354,354,58,58,83,94,140,210,210,224,0,0,0,0],"floor_reached":51,"language":"ENG","playtime":4181,"items_purged":["Wraith"],"score":978,"play_id":"094773ee-df2f-4096-b1e1-28dc5a618220","local_time":"20210126082638","is_ascension_mode":true,"campfire_choices":[{"data":"LeisurelyOfLord","floor":6.0,"key":"SMITH"},{"data":"ScarletDream","floor":11.0,"key":"SMITH"},{"data":"Stigmanizer","floor":13.0,"key":"SMITH"},{"data":"BlasphemousPunishment","floor":15.0,"key":"SMITH"},{"data":"UnstableMagic","floor":23,"key":"SMITH"},{"data":"GremboGang","floor":25,"key":"SMITH"},{"data":"TwelveNightmare","floor":29,"key":"SMITH"},{"data":"Stigmanizer","floor":32,"key":"SMITH"},{"data":"QueenOfMidnight","floor":40,"key":"SMITH"},{"data":"FitfulNightmare","floor":45,"key":"SMITH"},{"data":"MastersStateliness","floor":49,"key":"SMITH"}],"circlet_count":0,"master_deck":["Strike_RM","Strike_RM","Strike_RM","Strike_RM","Defend_RM","Defend_RM","Defend_RM","Defend_RM","RedMoon","ScarletShoot","Hallucinations","LeisurelyOfLord+1","BlasphemousPunishment+1","SuperhumanBloodyKnife+1","Stigmanizer+1","VampireKiss","TransientEternity","AfternoonTea","ScarletDream+1","StarOfDavid","TwelveNightmare+1","TricksterDevil","PrismaMod:IllyaInstallRuler","VampireClaw+1","MiserableFate+1","ScarletImprint","ScarletImprint","UnstableMagic+1","Greed_TH","GremboGang+1","MillenniumVampire","Stigmanizer+1","QueenOfMidnight+1","FitfulNightmare+1","UnstableMagic+1","AfternoonTea+1","AfternoonTea+1","MastersStateliness+1"],"relics":["ScarletHat","DemoMod:MemoryAlloy","PreservedInsect","DemoMod:PinkGuonStone","beaked:SacredDeck","Bag of Marbles","Regal Pillow","DemoMod:MonsterBlood","ReplayTheSpireMod:Lightbulb","ChewingGum","Calipers","Blood Vial","FairyMaid","HollowMod:PaleOreRelic","Gremlin Horn","Red Mask"],"acts_visited":["Exordium","TheCity","TheBeyond"],"potions_floor_usage":[19,20,30,31,36,42,50],"damage_taken":[{"damage":2.0,"enemies":"Jaw Worm","floor":1.0,"turns":6.0},{"damage":1.0,"enemies":"Small Slimes","floor":2.0,"turns":4.0},{"damage":0.0,"enemies":"2 Louse","floor":5.0,"turns":2.0},{"damage":27.0,"enemies":"Lagavulin","floor":8.0,"turns":5.0},{"damage":10.0,"enemies":"2 Fungi Beasts","floor":10.0,"turns":3.0},{"damage":0.0,"enemies":"Large Slime","floor":12.0,"turns":1.0},{"damage":0.0,"enemies":"Exordium Thugs","floor":14.0,"turns":1.0},{"damage":12.0,"enemies":"Fading Forest","floor":16.0,"turns":11.0},{"damage":15.0,"enemies":"Chosen","floor":18.0,"turns":4.0},{"damage":5,"enemies":"3 Byrds","floor":19,"turns":2},{"damage":0,"enemies":"3 Cultists","floor":21,"turns":3},{"damage":16,"enemies":"Replay:Snechameleon","floor":27,"turns":4},{"damage":4,"enemies":"Cultist and Chosen","floor":30,"turns":4},{"damage":0,"enemies":"Shelled Parasite and Fungi","floor":31,"turns":3},{"damage":52,"enemies":"Automaton","floor":33,"turns":9},{"damage":10,"enemies":"3 Shapes","floor":35,"turns":6},{"damage":24,"enemies":"Mind Bloom Boss Battle","floor":36,"turns":3},{"damage":0,"enemies":"Orb Walker","floor":37,"turns":3},{"damage":42,"enemies":"Giant Head","floor":41,"turns":7},{"damage":52,"enemies":"Transient","floor":42,"turns":5},{"damage":10,"enemies":"Maw","floor":46,"turns":7},{"damage":28,"enemies":"Donu and Deca","floor":50,"turns":6}],"seed_played":"6878332791921942180","potions_obtained":[{"floor":8.0,"key":"LiquidBronze"},{"floor":10.0,"key":"DuplicationPotion"},{"floor":14.0,"key":"Elixir"},{"floor":19,"key":"AttackPotion"},{"floor":21,"key":"Fire Potion"},{"floor":30,"key":"sagemod:Wine"},{"floor":35,"key":"DuplicationPotion"},{"floor":46,"key":"ColorlessPotion"}],"is_trial":false,"path_per_floor":["M","M","$","?","M","R","?","E","T","M","R","M","R","M","R","B",null,"M","M","$","M","?","R","?","R","T","E","?","R","M","M","R","B",null,"M","?","M","?","$","R","E","M","T","T","R","M","?","$","R","B",null],"character_chosen":"REMILIA","items_purchased":["DemoMod:MemoryAlloy","SuperhumanBloodyKnife+1","Stigmanizer","Bag of Marbles","ScarletImprint","Fruit Juice","Blood Vial","PowerPotion"],"campfire_rested":0,"item_purchase_floors":[3,3,3,20,20,20,39,39],"current_hp_per_floor":[66,65,65,65,67,67,60,44,51,41,41,51,51,51,51,68,79,72,67,72,72,72,72,67,67,67,58,58,58,62,68,68,42,84,76,75,76,76,61,61,67,98,98,98,98,98,93,93,93,98],"gold":0,"neow_bonus":"TWO_FIFTY_GOLD","is_daily":false,"chose_seed":false,"campfire_upgraded":11,"win_rate":0.0,"timestamp":1611638798,"path_taken":["M","M","$","?","M","R","?","E","T","M","R","?","R","M","R","BOSS","M","M","$","M","?","R","?","R","T","E","?","R","M","M","R","BOSS","M","?","M","?","$","R","E","M","T","?","R","?","?","?","R","BOSS"],"items_purchased_type":["Relic","Card","Card","Relic","Card","Potion","Relic","Potion"],"build_version":"2020-12-22","purchased_purges":1,"victory":true,"max_hp_per_floor":[75,75,75,75,75,75,75,75,82,82,82,82,82,82,82,82,82,82,82,87,87,87,87,87,87,87,94,94,94,94,98,98,98,98,98,98,98,98,98,98,98,98,98,98,98,98,98,98,98,98],"card_choices":[{"not_picked":["UnstableMagic","ForbiddenFruit"],"picked":"LeisurelyOfLord","floor":1.0},{"not_picked":["BloodHunter","ScarletNetherworld"],"picked":"BlasphemousPunishment","floor":2.0},{"not_picked":[],"picked":"VampireKiss","floor":4.0},{"not_picked":[],"picked":"TransientEternity","floor":4.0},{"not_picked":["ReincarnationDial","ForbiddenFruit","BlasphemousPunishment"],"picked":"SKIP","floor":5.0},{"not_picked":["StarOfDavid","ScarletImprint"],"picked":"AfternoonTea","floor":8.0},{"not_picked":["FavorOfDestiny","VampireKiss"],"picked":"ScarletDream","floor":10.0},{"not_picked":["VampireSweep","NightDance"],"picked":"StarOfDavid","floor":12.0},{"not_picked":["VampireKiss","BlasphemousPunishment"],"picked":"TwelveNightmare","floor":14.0},{"not_picked":["BloodyHallows","QueenOfMidnight"],"picked":"TricksterDevil","floor":16.0},{"not_picked":["DiffusionOfMisfortune","StarOfDavid"],"picked":"VampireClaw+1","floor":18.0},{"not_picked":["BloodySeventeenLaser","DiffusionOfMisfortune"],"picked":"MiserableFate+1","floor":19},{"not_picked":["DiffusionOfMisfortune","MillenniumVampire+1"],"picked":"UnstableMagic","floor":21},{"not_picked":["FavorOfDestiny+1","ScarletNetherworld"],"picked":"MillenniumVampire","floor":27},{"not_picked":["VampireKiss","BlasphemousPunishment","FavorOfDestiny"],"picked":"SKIP","floor":30},{"not_picked":["CeilingFear","BombardNight"],"picked":"Stigmanizer","floor":31},{"not_picked":["BloodyCatastrophe","TransientEternity"],"picked":"QueenOfMidnight","floor":33},{"not_picked":["EmergencyRegeneration","NightLord"],"picked":"FitfulNightmare","floor":35},{"not_picked":["UnderTheZenith","RedNightlessCastle"],"picked":"UnstableMagic+1","floor":36},{"not_picked":["MastersStateliness","HellCatastrophe"],"picked":"AfternoonTea+1","floor":37},{"not_picked":["NightDance+1","Septette+1"],"picked":"AfternoonTea+1","floor":41},{"not_picked":["ScarletGensokyo","DiffusionOfMisfortune+1","EternalNight+1"],"picked":"SKIP","floor":42},{"not_picked":["VampireKiss+1","BombardNight"],"picked":"MastersStateliness","floor":46}],"player_experience":844072,"relics_obtained":[{"floor":8.0,"key":"PreservedInsect"},{"floor":9.0,"key":"DemoMod:PinkGuonStone"},{"floor":26,"key":"Regal Pillow"},{"floor":27,"key":"DemoMod:MonsterBlood"},{"floor":36,"key":"Calipers"},{"floor":41,"key":"FairyMaid"},{"floor":43,"key":"HollowMod:PaleOreRelic"},{"floor":44,"key":"Gremlin Horn"}],"event_choices":[{"damage_healed":0.0,"max_hp_gain":0.0,"max_hp_loss":0.0,"gold_gain":75.0,"event_name":"FaceTrader","player_choice":"Touch","floor":7.0,"gold_loss":0.0,"damage_taken":7.0},{"damage_healed":0,"gold_gain":0,"player_choice":"Fight","damage_taken":0,"max_hp_gain":0,"max_hp_loss":0,"event_name":"MindBloom","floor":36,"gold_loss":0},{"damage_healed":0,"gold_gain":0,"player_choice":"Ignored","damage_taken":0,"max_hp_gain":0,"max_hp_loss":0,"event_name":"OrinTheCat","floor":38,"gold_loss":0},{"damage_healed":0,"gold_gain":0,"player_choice":"Paid","damage_taken":0,"relics_obtained":["Red Mask"],"max_hp_gain":0,"max_hp_loss":0,"event_name":"Tomb of Lord Red Mask","floor":47,"gold_loss":224}],"is_beta":false,"boss_relics":[{"not_picked":["Snecko Eye","Cursed Key"],"picked":"beaked:SacredDeck"},{"not_picked":["Snecko Heart","Astrolabe"],"picked":"ChewingGum"}],"items_purged_floors":[39],"is_endless":false,"potions_floor_spawned":[8,10,14,19,21,30,35,46],"ascension_level":8}}