{"host":"hka8b3f4pkvnp4ei","time":1611660612,"event":{"mods":["BaseMod","Minty Spire (QoL Compilation)","Quick Restart","Replay The Spire","StSLib"],"gold_per_floor":[118,168,93,93,112,138,138,138,138,154,182,207,207,234,234,354,354,345,360,112,112,112,145,145,186,186,230,248,6,46,46,46,174,174,194,69,119,79,94,94,130,130,130,130,130,171,195,233,233,233,233,233,31,64,64,64,64],"floor_reached":56,"language":"ZHS","playtime":3611,"items_purged":["Strike_G","Strike_G","Strike_G","Defend_G+1"],"score":1620,"play_id":"3484ad93-eb2d-432d-a747-0bca46906663","local_time":"20210126193012","is_ascension_mode":true,"campfire_choices":[{"data":"Cloak And Dagger","floor":8.0,"key":"SMITH"},{"data":"Reflex","floor":32.0,"key":"SMITH"},{"floor":40.0,"key":"RECALL"},{"data":"Wraith Form v2","floor":42.0,"key":"SMITH"},{"data":"Survey Options","floor":45.0,"key":"SMITH"},{"data":"Expertise","floor":49.0,"key":"SMITH"},{"data":"Finesse","floor":52,"key":"SMITH"}],"circlet_count":0,"master_deck":["Defend_G+1","Defend_G+1","Defend_G+1","Survivor","Neutralize+1","Cloak And Dagger+1","Heel Hook+1","PiercingWail","Replay:Bag of Tricks+1","Reflex+1","Expertise+1","Wraith Form v2+1","Deflect+1","Survey Options+1","Finesse+1","Tactician+1","Acrobatics"],"relics":["Ring of the Snake","NeowsBlessing","Shuriken","Akabeko","White Beast Statue","Replay:Bottled Eggs","Strawberry","Lantern","Tiny Chest","Golden Idol","SacredBark","Guide Book","Mercury Hourglass","Chameleon Ring","Iron Hammer","Ornamental Fan","Kunai","Quantum Egg","Snecko Scales","Bronze Scales","Incense Burner","Calipers","Replay:WaspNest","Replay:Arrowhead"],"acts_visited":[],"potions_floor_usage":[55,55],"damage_taken":[{"damage":0.0,"enemies":"Cultist","floor":1.0,"turns":1.0},{"damage":0.0,"enemies":"2 Louse","floor":5.0,"turns":1.0},{"damage":0.0,"enemies":"Lagavulin","floor":6.0,"turns":1.0},{"damage":0.0,"enemies":"Jaw Worm","floor":10.0,"turns":3.0},{"damage":0.0,"enemies":"Replay:BlueRogue","floor":11.0,"turns":4.0},{"damage":0.0,"enemies":"Lagavulin","floor":14.0,"turns":6.0},{"damage":0.0,"enemies":"The Guardian","floor":16.0,"turns":12.0},{"damage":5.0,"enemies":"2 Thieves","floor":18.0,"turns":4.0},{"damage":8.0,"enemies":"Chosen","floor":19.0,"turns":5.0},{"damage":5.0,"enemies":"Replay:Snechameleon","floor":23.0,"turns":5.0},{"damage":0.0,"enemies":"Book of Stabbing","floor":25.0,"turns":6.0},{"damage":0.0,"enemies":"Slavers","floor":27.0,"turns":6.0},{"damage":0.0,"enemies":"Snake Plant","floor":28.0,"turns":4.0},{"damage":0.0,"enemies":"Book of Stabbing","floor":30.0,"turns":3.0},{"damage":0.0,"enemies":"Automaton","floor":33.0,"turns":11.0},{"damage":0.0,"enemies":"3 Shapes","floor":35.0,"turns":3.0},{"damage":0.0,"enemies":"3 Darklings","floor":39.0,"turns":3.0},{"damage":0.0,"enemies":"R_Hoarder","floor":41.0,"turns":4.0},{"damage":0.0,"enemies":"Reptomancer","floor":46.0,"turns":4.0},{"damage":0.0,"enemies":"Spire Growth","floor":47.0,"turns":3.0},{"damage":0.0,"enemies":"Nemesis","floor":48.0,"turns":3.0},{"damage":0,"enemies":"Donu and Deca","floor":50,"turns":8},{"damage":0,"enemies":"Shield and Spear","floor":54,"turns":4},{"damage":0,"enemies":"The Heart","floor":55,"turns":5}],"seed_played":"7595784165026945298","potions_obtained":[{"floor":5.0,"key":"BlessingOfTheForge"},{"floor":10.0,"key":"Weak Potion"},{"floor":11.0,"key":"Cursed Concoction"},{"floor":14.0,"key":"Regen Potion"},{"floor":18.0,"key":"EssenceOfSteel"},{"floor":25.0,"key":"Weak Potion"},{"floor":27.0,"key":"PowerPotion"},{"floor":30.0,"key":"Energy Potion"},{"floor":33.0,"key":"Weak Potion"},{"floor":38.0,"key":"EssenceOfSteel"},{"floor":41.0,"key":"LiquidBronze"},{"floor":47.0,"key":"Elixir"}],"is_trial":false,"path_per_floor":["M","?","$","?","M","E","?","R","T","M","E","T","?","E","R","B",null,"M","M","$","?","$","E","?","E","T","E","M","$","E","?","R","B",null,"M","$","T","?","M","R","E","R","T","?","R","E","M","E","R","B",null,"R","$","E","B",null],"character_chosen":"THE_SILENT","items_purchased":["Guide Book","Kunai","Acrobatics"],"campfire_rested":0,"item_purchase_floors":[20,29,53],"current_hp_per_floor":[70,53,53,53,53,53,53,53,53,53,53,60,53,53,34,34,77,72,64,64,64,64,59,59,59,59,59,59,59,59,59,59,59,77,77,77,77,77,77,77,77,77,77,67,67,67,67,67,67,67,77,77,77,77,77,77,77],"gold":64,"neow_bonus":"THREE_ENEMY_KILL","is_daily":false,"chose_seed":false,"campfire_upgraded":6,"win_rate":0.0,"timestamp":1611660612,"path_taken":["M","?","$","?","?","E","?","R","T","M","E","?","?","E","R","BOSS","M","M","$","?","$","E","?","E","T","E","M","$","E","?","R","BOSS","M","$","?","?","?","R","E","R","T","?","R","E","M","E","R","BOSS","R","$","E","BOSS"],"items_purchased_type":["Relic","Relic","Card"],"build_version":"2020-12-22","purchased_purges":4,"victory":false,"max_hp_per_floor":[70,70,70,70,70,70,70,70,70,70,70,77,77,77,77,77,77,77,77,77,77,77,77,77,77,77,77,77,77,77,77,77,77,77,77,77,77,77,77,77,77,77,77,77,77,77,77,77,77,77,77,77,77,77,77,77,77],"card_choices":[{"not_picked":["Backflip","Riddle With Holes","Dagger Spray"],"picked":"SKIP","floor":1.0},{"not_picked":["Prepared","Riddle With Holes"],"picked":"Cloak And Dagger","floor":5.0},{"not_picked":["Quick Slash","Heel Hook","Toxin Wave"],"picked":"SKIP","floor":6.0},{"not_picked":["Quick Slash","Toxin Wave"],"picked":"Heel Hook","floor":6.0},{"not_picked":["Backflip","Acrobatics"],"picked":"Replay:Bag of Tricks","floor":10.0},{"not_picked":["Prepared","Blur"],"picked":"Reflex","floor":11.0},{"not_picked":["Quick Slash","Night Terror"],"picked":"Expertise","floor":14.0},{"not_picked":["Dagger Throw+1","Dagger Spray+1","Dodge and Roll"],"picked":"SKIP","floor":18.0},{"not_picked":["All Out Attack","Deflect","Cloak And Dagger"],"picked":"SKIP","floor":19.0},{"not_picked":["Sucker Punch","Hidden Blade","Bullet Time"],"picked":"SKIP","floor":23.0},{"not_picked":["Blade Dance","Hidden Blade+1","Crippling Poison"],"picked":"SKIP","floor":25.0},{"not_picked":["Blade Dance+1","Finisher","ReplayTheSpireMod:Scrap Shanks"],"picked":"SKIP","floor":27.0},{"not_picked":["Dodge and Roll","Hidden Blade","Eviscerate"],"picked":"SKIP","floor":28.0},{"not_picked":["Bane","Hidden Blade"],"picked":"Wraith Form v2","floor":30.0},{"not_picked":["Blade Dance+1","Leg Sweep+1","Bane"],"picked":"SKIP","floor":35.0},{"not_picked":["Bane","Blade Dance"],"picked":"Deflect+1","floor":39.0},{"not_picked":["Dagger Throw+1","Bane","Reflex"],"picked":"SKIP","floor":41.0},{"not_picked":["Dark Shackles","Master of Strategy"],"picked":"Survey Options","floor":44.0},{"not_picked":["Magnetism","Mayhem"],"picked":"Finesse","floor":44.0},{"not_picked":["Expertise+1","Dagger Spray","Deadly Poison+1"],"picked":"SKIP","floor":46.0},{"not_picked":["Leg Sweep+1","Footwork"],"picked":"Tactician+1","floor":47.0},{"not_picked":["Flying Knee+1","Leg Sweep","ReplayTheSpireMod:Scrap Shanks"],"picked":"SKIP","floor":48.0},{"not_picked":["Flying Knee+1","Quick Slash","Atom Bomb"],"picked":"SKIP","floor":54}],"player_experience":1268642,"relics_obtained":[{"floor":2.0,"key":"Shuriken"},{"floor":6.0,"key":"Akabeko"},{"floor":9.0,"key":"White Beast Statue"},{"floor":11.0,"key":"Replay:Bottled Eggs"},{"floor":12.0,"key":"Strawberry"},{"floor":14.0,"key":"Tiny Chest"},{"floor":23.0,"key":"Mercury Hourglass"},{"floor":25.0,"key":"Chameleon Ring"},{"floor":26.0,"key":"Iron Hammer"},{"floor":27.0,"key":"Ornamental Fan"},{"floor":30.0,"key":"Quantum Egg"},{"floor":41.0,"key":"Bronze Scales"},{"floor":43.0,"key":"Incense Burner"},{"floor":46.0,"key":"Calipers"},{"floor":48.0,"key":"Replay:WaspNest"},{"floor":54,"key":"Replay:Arrowhead"}],"event_choices":[{"damage_healed":0.0,"max_hp_gain":0.0,"max_hp_loss":0.0,"gold_gain":0.0,"event_name":"Accursed Blacksmith","player_choice":"Forge","floor":4.0,"gold_loss":0.0,"damage_taken":0.0,"cards_upgraded":["Neutralize"]},{"damage_healed":0.0,"max_hp_gain":0.0,"max_hp_loss":0.0,"gold_gain":0.0,"cards_transformed":["Strike_G"],"event_name":"Living Wall","player_choice":"Change","floor":7.0,"gold_loss":0.0,"damage_taken":0.0,"cards_obtained":["PiercingWail"]},{"damage_healed":0.0,"max_hp_gain":0.0,"max_hp_loss":0.0,"gold_gain":0.0,"event_name":"Scrap Ooze","player_choice":"Success","floor":13.0,"gold_loss":0.0,"damage_taken":7.0,"relics_obtained":["Lantern"]},{"damage_healed":0.0,"max_hp_gain":0.0,"max_hp_loss":0.0,"gold_gain":0.0,"event_name":"Golden Idol","player_choice":"Take Damage","floor":15.0,"gold_loss":0.0,"damage_taken":19.0,"relics_obtained":["Golden Idol"]},{"cards_removed":["Strike_G"],"damage_healed":0.0,"max_hp_gain":0.0,"max_hp_loss":0.0,"gold_gain":0.0,"event_name":"Back to Basics","player_choice":"Elegance","floor":21.0,"gold_loss":0.0,"damage_taken":0.0},{"cards_removed":["Defend_G"],"damage_healed":0.0,"max_hp_gain":0.0,"max_hp_loss":0.0,"gold_gain":0.0,"event_name":"Bonfire Elementals","player_choice":"Offered Basic","floor":31.0,"gold_loss":0.0,"damage_taken":0.0},{"damage_healed":0.0,"max_hp_gain":0.0,"max_hp_loss":0.0,"gold_gain":0.0,"event_name":"The Woman in Blue","player_choice":"Bought 3 Potions","floor":38.0,"gold_loss":0.0,"damage_taken":0.0},{"damage_healed":0.0,"max_hp_gain":0.0,"max_hp_loss":0.0,"gold_gain":0.0,"event_name":"SensoryStone","player_choice":"Memory 3","floor":44.0,"gold_loss":0.0,"damage_taken":10.0}],"is_beta":false,"boss_relics":[{"not_picked":["Runic Pyramid","SlaversCollar"],"picked":"SacredBark"},{"not_picked":["Pandora\u0027s Box","Replay:Ancient Bell"],"picked":"Snecko Scales"}],"items_purged_floors":[3,20,36,53],"is_endless":false,"potions_floor_spawned":[5,10,11,14,16,18,19,23,25,27,28,30,33,35,39,41,46,47,48,54],"ascension_level":2}}