{"host":"c3lc60y5x60jlt1y","time":1611700215,"event":{"mods":["AchievementEnabler","BaseMod","Bestiary","Colored Map","Minty Spire (QoL Compilation)","Quick Restart","StSLib","ojb\u0027s Info Mod"],"gold_per_floor":[117,61,61,136,153,182,200,200,200,220,247,257,163,176,176,247,247,263,263,263],"floor_reached":19,"language":"ENG","playtime":1290,"items_purged":[],"score":408,"play_id":"9f3b6cc8-8f79-42f9-ae70-e0d859d4b2f5","local_time":"20210127003015","is_ascension_mode":true,"campfire_choices":[{"data":"Armaments","floor":8.0,"key":"SMITH"},{"floor":15.0,"key":"REST"}],"circlet_count":0,"master_deck":["AscendersBane","Strike_R","Strike_R","Strike_R","Strike_R","Strike_R","Defend_R","Defend_R","Defend_R","Defend_R","Bash","Shockwave","Armaments+1","True Grit+1","Entrench+1","Flex+1","Entrench+1","Battle Trance+1","Body Slam","Entrench+1","Barricade"],"relics":["Burning Blood","NeowsBlessing","Toxic Egg 2","Ancient Tea Set","Lantern","Dead Branch","Prayer Wheel","Runic Pyramid"],"acts_visited":["Exordium","TheCity"],"potions_floor_usage":[16,19],"damage_taken":[{"damage":0.0,"enemies":"Cultist","floor":1.0,"turns":1.0},{"damage":0.0,"enemies":"Jaw Worm","floor":5.0,"turns":1.0},{"damage":0.0,"enemies":"3 Sentries","floor":6.0,"turns":1.0},{"damage":4.0,"enemies":"2 Louse","floor":7.0,"turns":4.0},{"damage":26.0,"enemies":"Gremlin Gang","floor":10.0,"turns":5.0},{"damage":25.0,"enemies":"Lagavulin","floor":11.0,"turns":9.0},{"damage":8.0,"enemies":"3 Louse","floor":12.0,"turns":4.0},{"damage":4.0,"enemies":"Red Slaver","floor":14.0,"turns":4.0},{"damage":48,"enemies":"Slime Boss","floor":16,"turns":12},{"damage":13,"enemies":"Chosen","floor":18,"turns":9},{"damage":43,"enemies":"3 Byrds","floor":19,"turns":10}],"seed_played":"8105521645971411897","potions_obtained":[{"floor":1.0,"key":"Dexterity Potion"},{"floor":6.0,"key":"PowerPotion"},{"floor":10.0,"key":"LiquidBronze"},{"floor":14.0,"key":"Block Potion"},{"floor":16,"key":"FearPotion"}],"is_trial":false,"path_per_floor":["M","$","?","?","M","E","M","R","T","M","E","M","?","M","R","B",null,"M","M"],"character_chosen":"IRONCLAD","items_purchased":["Armaments"],"campfire_rested":1,"item_purchase_floors":[2],"current_hp_per_floor":[74,74,69,58,64,70,72,72,72,52,33,31,31,33,55,13,60,53,10,10],"gold":263,"neow_bonus":"THREE_ENEMY_KILL","is_daily":false,"chose_seed":false,"campfire_upgraded":1,"win_rate":0.0,"timestamp":1611700215,"path_taken":["M","$","?","?","M","E","M","R","T","M","E","M","?","M","R","BOSS","M","?"],"items_purchased_type":["Card"],"build_version":"2020-12-22","purchased_purges":0,"victory":false,"max_hp_per_floor":[75,75,75,75,75,75,75,75,75,75,75,75,75,75,75,75,75,75,75,75],"card_choices":[{"not_picked":["Disarm","Headbutt"],"picked":"Shockwave","floor":1.0},{"not_picked":["Thunderclap","Perfected Strike"],"picked":"True Grit+1","floor":5.0},{"not_picked":["Sentinel+1","Feel No Pain"],"picked":"Entrench+1","floor":6.0},{"not_picked":["Twin Strike","Dark Embrace"],"picked":"Flex+1","floor":7.0},{"not_picked":["Wild Strike","True Grit+1"],"picked":"Entrench+1","floor":10.0},{"not_picked":["Wild Strike","Perfected Strike"],"picked":"Battle Trance+1","floor":11.0},{"not_picked":["Flame Barrier+1","Rage+1"],"picked":"Body Slam","floor":12.0},{"not_picked":["Spot Weakness+1","True Grit+1"],"picked":"Entrench+1","floor":14.0},{"not_picked":["Demon Form","Pommel Strike","Perfected Strike"],"picked":"SKIP","floor":14.0},{"not_picked":["Berserk","Juggernaut"],"picked":"Barricade","floor":16},{"not_picked":["Twin Strike","Thunderclap","Armaments+1"],"picked":"SKIP","floor":18},{"not_picked":["Clothesline","Cleave","Heavy Blade"],"picked":"SKIP","floor":18}],"player_experience":8602635,"relics_obtained":[{"floor":6.0,"key":"Ancient Tea Set"},{"floor":9.0,"key":"Lantern"},{"floor":11.0,"key":"Dead Branch"}],"event_choices":[{"damage_healed":0.0,"max_hp_gain":0.0,"max_hp_loss":0.0,"gold_gain":0.0,"event_name":"Scrap Ooze","player_choice":"Success","floor":3.0,"gold_loss":0.0,"damage_taken":5.0,"relics_obtained":["Toxic Egg 2"]},{"damage_healed":0.0,"max_hp_gain":0.0,"max_hp_loss":0.0,"gold_gain":75.0,"event_name":"World of Goop","player_choice":"Gather Gold","floor":4.0,"gold_loss":0.0,"damage_taken":11.0},{"damage_healed":0.0,"max_hp_gain":0.0,"max_hp_loss":0.0,"gold_gain":0.0,"event_name":"WeMeetAgain","player_choice":"Paid Gold","floor":13.0,"gold_loss":94.0,"damage_taken":0.0,"relics_obtained":["Prayer Wheel"]}],"is_beta":false,"boss_relics":[{"not_picked":["Velvet Choker","Black Star"],"picked":"Runic Pyramid"}],"items_purged_floors":[],"is_endless":false,"potions_floor_spawned":[1,6,10,12,14,16,18],"killed_by":"3 Byrds","ascension_level":20}}