{"host":"yq2wmfr0u0wuvxc0","time":1611621556,"event":{"mods":["Act Like it!","Aspiration","BaseMod","Curses Come First","Downfall","Friendly Minions","Gensokyo","Hero for Fun","Hubris","Infinite Spire","Marisa????????","Minty Spire (QoL Compilation)","Pale of the Ancients","Remilia??????","Shop Mod","StSLib","The Servant 0.9.4","Wide Potions"],"gold_per_floor":[115,115,64,77,93,93,103,115,115,133,133,151,151,178,178,178,178],"floor_reached":16,"language":"ZHS","playtime":590,"items_purged":[],"score":166,"play_id":"8893a901-6419-46db-81a7-fc4cdada149f","local_time":"20210125163916","is_ascension_mode":true,"campfire_choices":[{"data":"Neutralize","floor":6.0,"key":"SMITH"},{"data":"Prepared","floor":11.0,"key":"SMITH"},{"data":"Dagger Spray","floor":13.0,"key":"SMITH"},{"data":"hubris:TrickCloak","floor":15.0,"key":"SMITH"}],"circlet_count":0,"master_deck":["AscendersBane","Strike_G","Strike_G","Strike_G","Strike_G","Strike_G","Defend_G","Defend_G","Defend_G","Defend_G","Defend_G","Survivor","Neutralize+1","Dagger Throw","Prepared+1","Dagger Spray+1","Reflex","hubris:TrickCloak+1"],"relics":["Ring of the Snake","NeowsBlessing","aspiration:FrozenJewel","hubris:PeanutButter","aspiration:HummingbirdHeart"],"acts_visited":["Exordium"],"potions_floor_usage":[16],"damage_taken":[{"damage":0.0,"enemies":"2 Louse","floor":1.0,"turns":1.0},{"damage":0.0,"enemies":"Cultist","floor":4.0,"turns":1.0},{"damage":0.0,"enemies":"Small Slimes","floor":5.0,"turns":1.0},{"damage":0.0,"enemies":"2 Fungi Beasts","floor":7.0,"turns":4.0},{"damage":0.0,"enemies":"Looter","floor":8.0,"turns":4.0},{"damage":0.0,"enemies":"Exordium Thugs","floor":10.0,"turns":6.0},{"damage":0.0,"enemies":"Large Slime","floor":12.0,"turns":6.0},{"damage":4.0,"enemies":"3 Sentries","floor":14.0,"turns":10.0},{"damage":76,"enemies":"Slime Boss","floor":16,"turns":13}],"seed_played":"8361155795915117298","potions_obtained":[{"floor":5.0,"key":"Weak Potion"},{"floor":8.0,"key":"SpeedPotion"},{"floor":10.0,"key":"Fire Potion"}],"is_trial":false,"path_per_floor":["M","?","?","M","M","R","M","M","T","M","R","M","R","E","R","B"],"character_chosen":"THE_SILENT","items_purchased":[],"campfire_rested":0,"item_purchase_floors":[],"current_hp_per_floor":[63,63,63,63,63,63,63,63,63,63,63,63,63,59,59,0,0],"gold":178,"neow_bonus":"THREE_ENEMY_KILL","is_daily":false,"chose_seed":false,"campfire_upgraded":4,"win_rate":0.0,"timestamp":1611621556,"path_taken":["M","?","?","?","M","R","M","M","T","M","R","M","R","E","R","BOSS"],"items_purchased_type":[],"build_version":"2020-12-22","purchased_purges":0,"victory":false,"max_hp_per_floor":[70,70,70,70,70,70,70,70,70,70,70,70,70,70,70,70,70],"card_choices":[{"not_picked":["Quick Slash","Dodge and Roll"],"picked":"Dagger Throw","floor":1.0},{"not_picked":["Cloak And Dagger","Bane","Deadly Poison"],"picked":"SKIP","floor":4.0},{"not_picked":["hubris:Counter","Deflect"],"picked":"Prepared","floor":5.0},{"not_picked":["Terror","Acrobatics"],"picked":"Dagger Spray","floor":7.0},{"not_picked":["Deflect","Expertise","Predator"],"picked":"SKIP","floor":8.0},{"not_picked":["Sucker Punch","hubris:SlightOfHand","Bane"],"picked":"SKIP","floor":10.0},{"not_picked":["Blur","Riddle With Holes"],"picked":"Reflex","floor":12.0},{"not_picked":["Blade Dance","Flying Knee"],"picked":"hubris:TrickCloak","floor":14.0}],"player_experience":251709,"relics_obtained":[{"floor":9.0,"key":"hubris:PeanutButter"},{"floor":14.0,"key":"aspiration:HummingbirdHeart"}],"event_choices":[{"damage_healed":0.0,"max_hp_gain":0.0,"max_hp_loss":0.0,"gold_gain":0.0,"event_name":"WeMeetAgain","player_choice":"Paid Gold","floor":3.0,"gold_loss":51.0,"damage_taken":0.0,"relics_obtained":["aspiration:FrozenJewel"]}],"is_beta":false,"boss_relics":[],"items_purged_floors":[],"is_endless":false,"potions_floor_spawned":[5,8,10],"killed_by":"Slime Boss","ascension_level":12}}