{"host":"39i3emxub3h8uyq3","time":1611625047,"event":{"mods":["AchievementEnabler","BaseMod","Clockwork Mod","Colored Map","Downfall","Glutton Mod","Gold Saver","Minty Spire (QoL Compilation)","StSLib","TheHeartMod"],"gold_per_floor":[705,705,721,734,753,753,766,145,145,161,161,161,181,199,199,295,295,306,306,322,336,336,336],"floor_reached":22,"language":"ENG","playtime":1394,"items_purged":[],"score":182,"play_id":"44694ecf-5d71-48d7-8267-2b9cb624f2de","local_time":"20210125203727","is_ascension_mode":false,"campfire_choices":[{"data":"Infernal Blade","floor":6,"key":"SMITH"},{"floor":12,"key":"REST"},{"floor":15,"key":"REST"}],"circlet_count":0,"master_deck":["Strike_R","Strike_R","Strike_R","Strike_R","Strike_R","Defend_R","Defend_R","Defend_R","Defend_R","Bash","Power Through","Heavy Blade","Thunderclap","Infernal Blade+1","Infernal Blade","Demon Form","Anger","Anger","Twin Strike","Thunderclap","Limit Break","Inflame","downfall:Bewildered","Shrug It Off","Uppercut"],"relics":["Burning Blood","Juzu Bracelet","Blood Vial","Membership Card","Meat on the Bone","Black Star","sneckomod:BabySnecko"],"acts_visited":["Exordium","TheCity"],"potions_floor_usage":[16,18,21],"damage_taken":[{"damage":6,"enemies":"Jaw Worm","floor":1,"turns":5},{"damage":1,"enemies":"Cultist","floor":3,"turns":4},{"damage":2,"enemies":"2 Louse","floor":4,"turns":3},{"damage":12,"enemies":"Exordium Wildlife","floor":5,"turns":7},{"damage":11,"enemies":"Large Slime","floor":7,"turns":4},{"damage":16,"enemies":"Lots of Slimes","floor":10,"turns":3},{"damage":12,"enemies":"Looter","floor":13,"turns":2},{"damage":15,"enemies":"Exordium Wildlife","floor":14,"turns":5},{"damage":54,"enemies":"Hexaghost","floor":16,"turns":8},{"damage":5,"enemies":"Chosen","floor":18,"turns":4},{"damage":30,"enemies":"Spheric Guardian","floor":20,"turns":4},{"damage":30,"enemies":"3 Cultists","floor":21,"turns":4},{"damage":57,"enemies":"Centurion and Healer","floor":22,"turns":5}],"seed_played":"5654572234615256328","potions_obtained":[{"floor":1,"key":"SteroidPotion"},{"floor":10,"key":"Slimebound:ThreeZeroPotion"},{"floor":16,"key":"Block Potion"},{"floor":20,"key":"hexamod:SoulburnPotion"}],"is_trial":false,"path_per_floor":["M","?","M","M","M","R","M","$","T","M","?","R","M","M","R","B",null,"M","?","M","M","M"],"character_chosen":"IRONCLAD","items_purchased":["Demon Form","Juzu Bracelet","Blood Vial","Membership Card","Anger"],"campfire_rested":2,"item_purchase_floors":[8,8,8,8,8],"current_hp_per_floor":[88,88,88,88,82,82,77,77,77,69,69,88,82,75,88,52,88,88,88,64,54,0,0],"gold":336,"neow_bonus":"TEN_PERCENT_HP_BONUS","is_daily":false,"chose_seed":false,"campfire_upgraded":1,"win_rate":0.0,"timestamp":1611625047,"path_taken":["M","?","M","?","M","R","M","$","T","M","?","R","M","M","R","BOSS","M","?","M","M","M"],"items_purchased_type":["Card","Relic","Relic","Relic","Card"],"build_version":"2020-12-22","purchased_purges":0,"victory":false,"max_hp_per_floor":[88,88,88,88,88,88,88,88,88,88,88,88,88,88,88,88,88,88,88,88,88,88,88],"card_choices":[{"not_picked":["Dropkick","Headbutt"],"picked":"Power Through","floor":1},{"not_picked":["Perfected Strike","Sword Boomerang"],"picked":"Heavy Blade","floor":3},{"not_picked":["Blood for Blood","Shrug It Off"],"picked":"Thunderclap","floor":4},{"not_picked":["Spot Weakness","Pommel Strike"],"picked":"Infernal Blade","floor":5},{"not_picked":["Clash","Rage"],"picked":"Infernal Blade","floor":7},{"not_picked":["Infernal Blade","Warcry"],"picked":"Anger","floor":10},{"not_picked":["Feel No Pain","Thunderclap"],"picked":"Twin Strike","floor":13},{"not_picked":["Ghostly Armor","Body Slam"],"picked":"Thunderclap","floor":14},{"not_picked":["Barricade","Exhume"],"picked":"Limit Break","floor":16},{"not_picked":["Iron Wave","Flex"],"picked":"Inflame","floor":18},{"not_picked":["Dark Embrace","Perfected Strike"],"picked":"Shrug It Off","floor":20},{"not_picked":["Battle Trance","Bloodletting+1"],"picked":"Uppercut","floor":21}],"player_experience":61540,"relics_obtained":[{"floor":9,"key":"Meat on the Bone"}],"event_choices":[{"damage_healed":0,"gold_gain":0,"player_choice":"Ignored","damage_taken":0,"max_hp_gain":0,"max_hp_loss":0,"event_name":"Purifier","floor":2,"gold_loss":0},{"damage_healed":0,"gold_gain":0,"player_choice":"Ignored","damage_taken":0,"max_hp_gain":0,"max_hp_loss":0,"event_name":"NoteForYourself","floor":11,"gold_loss":0}],"is_beta":false,"boss_relics":[{"not_picked":["Astrolabe","Velvet Choker"],"picked":"Black Star"}],"items_purged_floors":[],"is_endless":false,"potions_floor_spawned":[1,10,16,20],"killed_by":"Centurion and Healer","ascension_level":0}}