{"host":"jvd5k9mqzerszifx","time":1611644914,"event":{"mods":["AchievementEnabler","Act Like it!","BaseMod","Bestiary","Better Note","Better Third Choice","Colored Map","Colored Powertips","Conspire","DeckTracker","Gensokyo","GungeonMod","Hallownest","Hermit","Hubris","Infinite Spire","Jorbs\u0027s Wanderer Trilogy","Koishi","Marisa（F雨　魔理沙）","Minty Spire (QoL Compilation)","MostiFishMod","Relic Stats","Replay The Spire","Reworked Bosses","Spicy Shops","StSLib","The Administrix","The Bug Knight","The Cursed","The Hierophant","The Jungle","The Servant 0.9.4","【功能Mod】聪明的最终Boss"],"gold_per_floor":[160,238,1063,1114,1168,1168,1168,1264,1264,1393,1492,1492,1621,4,4,418,418,520,1,120,120,45,45,114,192,192,192,192,192,192],"floor_reached":29,"language":"ZHS","playtime":1437,"items_purged":[],"score":428,"play_id":"0fde1db0-d91f-4332-9fe2-99437ea9170a","local_time":"20210126150834","is_ascension_mode":true,"campfire_choices":[{"data":"HollowMod:NailStrikeStart","floor":6,"key":"SMITH"},{"data":"HollowMod:QuickDashStart","floor":6,"key":"SMITH"},{"data":"HollowMod:FocusHealStart","floor":6,"key":"SMITH"},{"data":"HollowMod:PogoStrike","floor":6,"key":"SMITH"},{"data":"HollowMod:GrimmsGift","floor":6,"key":"SMITH"},{"data":"HollowMod:SoulSplash","floor":6,"key":"SMITH"},{"data":"HollowMod:CycloneSlash","floor":6,"key":"SMITH"},{"data":"HollowMod:NailStrikeStart","floor":6,"key":"PURGE"},{"data":"HollowMod:NailStrikeStart","floor":6,"key":"PURGE"},{"data":"HollowMod:QuickDashStart","floor":6,"key":"PURGE"},{"data":"HollowMod:QuickDashStart","floor":6,"key":"PURGE"},{"data":"HollowMod:QuickDashStart","floor":6,"key":"PURGE"},{"data":"HollowMod:NailStrikeStart","floor":6,"key":"PURGE"},{"floor":6,"key":"RECALL"},{"floor":6,"key":"REST"},{"data":"HollowMod:MothsMistake","floor":15,"key":"SMITH"},{"data":"HollowMod:CycloneSlash","floor":15,"key":"SMITH"},{"data":"HollowMod:LifebloodCocoon","floor":15,"key":"SMITH"},{"data":"HollowMod:LuriensSpire","floor":15,"key":"SMITH"},{"floor":15,"key":"REST"},{"data":"HollowMod:Weaversong","floor":23,"key":"SMITH"},{"data":"hubris:Fate","floor":23,"key":"SMITH"},{"data":"HollowMod:HeavyBlow+1","floor":23,"key":"PURGE"},{"floor":23,"key":"REST"},{"floor":23,"key":"REST"}],"circlet_count":0,"master_deck":["HollowMod:FocusHealStart+1","HollowMod:PogoStrike+1","HollowMod:GrimmsGift+1","HollowMod:SoulSplash+1","HollowMod:CycloneSlash+1","HollowMod:MothsMistake+1","HollowMod:CycloneSlash+1","HollowMod:LifebloodCocoon+1","HollowMod:LuriensSpire+1","HollowMod:Weaversong+1","HollowMod:SoulStrike+1","hubris:Fate+1","HollowMod:CloakDash","HollowMod:MantisMark+1","HollowMod:LifebloodCore"],"relics":["HollowMod:VesselMask","Peace Pipe","Ginger","Turnip","Unceasing Top","Omamori","Ice Cream","The Courier","Medical Kit","WingedGreaves","HandDrill","Frozen Eye","Blue Candle","Gensokyo:SpiderMask","DaveBox","DemoMod:NanoMachines","BionicSphere","Ancient Tea Set","DemoMod:GlassGuonStoneRelic","Replay:Bandana","DianPoetry","ReplayTheSpireMod:Lightbulb","DemoMod:SevenLeafClover","Garlic","ReplayTheSpireMod:Ninjato","conspire:Dentures","infinitespire:PuzzleCube","Dream Catcher","Gremlin Horn","Nunchaku","conspire:GlowingRock","hubris:PeanutButter","Toy Ornithopter","BloodWine","Bronze Scales","Molten Egg 2","ClockworkSouvenir","Bag of Marbles","DemoMod:Relodestone","DemoMod:SuperHotWatch","SynthV:C4","hubris:BottledHeart"],"acts_visited":["Exordium","TheCity"],"potions_floor_usage":[16,16,18],"damage_taken":[{"damage":0,"enemies":"Cultist","floor":1,"turns":4},{"damage":0,"enemies":"2 Louse","floor":4,"turns":2},{"damage":0,"enemies":"Small Slimes","floor":5,"turns":3},{"damage":0,"enemies":"3 Louse","floor":8,"turns":1},{"damage":0,"enemies":"conspire:MimicChest","floor":10,"turns":4},{"damage":0,"enemies":"HollowMod:HuskWarrior","floor":11,"turns":2},{"damage":0,"enemies":"Gremlin Nob","floor":13,"turns":3},{"damage":0,"enemies":"Fading Forest","floor":16,"turns":8},{"damage":0,"enemies":"Chosen","floor":18,"turns":3},{"damage":0,"enemies":"2 Thieves","floor":20,"turns":2},{"damage":0,"enemies":"Snake Plant","floor":24,"turns":1},{"damage":0,"enemies":"Chosen and Byrds","floor":25,"turns":2}],"seed_played":"3683568153697419511","potions_obtained":[{"floor":5,"key":"PowerPotion"},{"floor":11,"key":"AttackPotion"},{"floor":13,"key":"Adrenaline Potion"},{"floor":16,"key":"Elixir"},{"floor":20,"key":"AttackPotion"}],"is_trial":false,"path_per_floor":["M","T","?","M","M","R","?","M","T","?","M","?","E","$","R","B",null,"M","$","M","AVR","?","R","M","M","T","?","?","?"],"character_chosen":"THE_BUGKNIGHT","items_purchased":["Garlic","ReplayTheSpireMod:Ninjato","conspire:Dentures","infinitespire:PuzzleCube","Dream Catcher","Gremlin Horn","Nunchaku","conspire:GlowingRock","hubris:PeanutButter","Toy Ornithopter","Bronze Scales","Molten Egg 2","ClockworkSouvenir","HollowMod:SoulStrike+1","Bag of Marbles"],"campfire_rested":4,"item_purchase_floors":[14,14,14,14,14,14,14,14,14,14,19,19,19,19,19],"current_hp_per_floor":[75,75,75,75,75,75,75,75,75,75,75,75,75,75,75,75,75,75,75,75,75,75,75,75,75,75,1,1,0,0],"gold":192,"neow_bonus":"ONE_RARE_RELIC","is_daily":false,"chose_seed":false,"campfire_upgraded":13,"win_rate":0.0,"timestamp":1611644914,"path_taken":["M","?","?","M","?","R","?","M","T","?","?","?","E","$","R","BOSS","M","$","?","AVR","?","R","M","M","T","?","?","?"],"items_purchased_type":["Relic","Relic","Relic","Relic","Relic","Relic","Relic","Relic","Relic","Relic","Relic","Relic","Relic","Card","Relic"],"build_version":"2020-12-22","purchased_purges":0,"victory":false,"max_hp_per_floor":[75,75,75,75,75,75,75,75,75,75,75,75,75,75,75,75,75,75,75,75,75,75,75,75,75,75,1,1,1,1],"relic_stats":{"Gremlin Horn":[5,5],"counters":[12,35],"Blue Candle":[0],"Ginger":[3],"Medical Kit":[0],"Peace Pipe":8,"Dream Catcher":3,"Nunchaku":[5],"Bronze Scales":[12],"Turnip":[2],"HandDrill":[14],"obtain_stats":[{"Ice Cream":0,"DaveBox":0,"Gremlin Horn":14,"DianPoetry":9,"HollowMod:VesselMask":0,"Gensokyo:SpiderMask":0,"BloodWine":17,"DemoMod:GlassGuonStoneRelic":4,"Ginger":0,"Ancient Tea Set":2,"SynthV:C4":26,"ClockworkSouvenir":19,"DemoMod:SevenLeafClover":13,"DemoMod:SuperHotWatch":26,"Frozen Eye":0,"Replay:Bandana":7,"Dream Catcher":14,"Nunchaku":14,"conspire:GlowingRock":14,"WingedGreaves":0,"HandDrill":0,"conspire:Dentures":14,"DemoMod:Armor":0,"ReplayTheSpireMod:Ninjato":14,"Blue Candle":0,"The Courier":0,"Omamori":0,"Medical Kit":0,"Peace Pipe":0,"hubris:BottledHeart":27,"BionicSphere":1,"Bronze Scales":19,"DemoMod:NanoMachines":0,"hubris:PeanutButter":14,"Molten Egg 2":19,"Turnip":0,"DemoMod:Relodestone":21,"Garlic":14,"Bag of Marbles":19,"ReplayTheSpireMod:Lightbulb":10,"Unceasing Top":0,"infinitespire:PuzzleCube":14,"Toy Ornithopter":14},{"Ice Cream":0,"DaveBox":0,"Gremlin Horn":7,"DianPoetry":4,"HollowMod:VesselMask":0,"Gensokyo:SpiderMask":0,"BloodWine":8,"DemoMod:GlassGuonStoneRelic":2,"Ginger":0,"Ancient Tea Set":1,"SynthV:C4":12,"ClockworkSouvenir":9,"DemoMod:SevenLeafClover":7,"DemoMod:SuperHotWatch":12,"Frozen Eye":0,"Replay:Bandana":3,"Dream Catcher":7,"Nunchaku":7,"conspire:GlowingRock":7,"WingedGreaves":0,"HandDrill":0,"conspire:Dentures":7,"DemoMod:Armor":0,"ReplayTheSpireMod:Ninjato":7,"Blue Candle":0,"The Courier":0,"Omamori":0,"Medical Kit":0,"Peace Pipe":0,"hubris:BottledHeart":12,"BionicSphere":1,"Bronze Scales":9,"DemoMod:NanoMachines":0,"hubris:PeanutButter":7,"Molten Egg 2":9,"Turnip":0,"DemoMod:Relodestone":10,"Garlic":7,"Bag of Marbles":9,"ReplayTheSpireMod:Lightbulb":5,"Unceasing Top":0,"infinitespire:PuzzleCube":7,"Toy Ornithopter":7},{"Ice Cream":0,"DaveBox":0,"Gremlin Horn":19,"DianPoetry":10,"HollowMod:VesselMask":0,"Gensokyo:SpiderMask":0,"BloodWine":27,"DemoMod:GlassGuonStoneRelic":6,"Ginger":0,"Ancient Tea Set":4,"SynthV:C4":35,"ClockworkSouvenir":30,"DemoMod:SevenLeafClover":19,"DemoMod:SuperHotWatch":35,"Frozen Eye":0,"Replay:Bandana":9,"Dream Catcher":19,"Nunchaku":19,"conspire:GlowingRock":19,"WingedGreaves":0,"HandDrill":0,"conspire:Dentures":19,"DemoMod:Armor":0,"ReplayTheSpireMod:Ninjato":19,"Blue Candle":0,"The Courier":0,"Omamori":0,"Medical Kit":0,"Peace Pipe":0,"hubris:BottledHeart":35,"BionicSphere":2,"Bronze Scales":30,"DemoMod:NanoMachines":0,"hubris:PeanutButter":19,"Molten Egg 2":30,"Turnip":0,"DemoMod:Relodestone":32,"Garlic":19,"Bag of Marbles":30,"ReplayTheSpireMod:Lightbulb":14,"Unceasing Top":0,"infinitespire:PuzzleCube":19,"Toy Ornithopter":19}],"Unceasing Top":[1],"Toy Ornithopter":0},"card_choices":[{"not_picked":["HollowMod:PerfectDash","HollowMod:DoubleDash"],"picked":"HollowMod:GrimmsGift","floor":1},{"not_picked":["HollowMod:InfectedCysts","HollowMod:DashSlash"],"picked":"HollowMod:SoulSplash","floor":4},{"not_picked":["HollowMod:HornetsHelp","HollowMod:SharpenedShadows"],"picked":"HollowMod:CycloneSlash","floor":5},{"not_picked":["HollowMod:InfectedAttack","HollowMod:AbyssShriek"],"picked":"HollowMod:MothsMistake","floor":8},{"not_picked":["HollowMod:ChannelNail","HollowMod:CloakDash"],"picked":"HollowMod:CycloneSlash","floor":10},{"not_picked":["HollowMod:SoulSplash","HollowMod:NewJinnsSoul"],"picked":"HollowMod:LifebloodCocoon","floor":11},{"not_picked":["HollowMod:ChannelNail","HollowMod:TaintedHusks"],"picked":"HollowMod:LuriensSpire","floor":13},{"not_picked":["HollowMod:ZotesMagnificence","HollowMod:LifebloodCore"],"picked":"HollowMod:Weaversong","floor":16},{"not_picked":["HollowMod:SoulSplash","HollowMod:SiblingsShadow+1","HollowMod:DescendingDark"],"picked":"SKIP","floor":18},{"not_picked":["HollowMod:DoubleDash","HollowMod:SoulStrike+1"],"picked":"HollowMod:HeavyBlow+1","floor":20},{"not_picked":["HollowMod:NewGlowingWomb","HollowMod:InfectedCysts+1"],"picked":"HollowMod:CloakDash","floor":23},{"not_picked":["HollowMod:CornifersMapStart","HollowMod:DungDefenderAura"],"picked":"HollowMod:MantisMark+1","floor":24},{"not_picked":["HollowMod:GrimmsGift","HollowMod:ShadowDash+1","HollowMod:DoubleDash"],"picked":"SKIP","floor":25},{"not_picked":["HollowMod:SlysStrikes","HollowMod:ElderbugsWisdom"],"picked":"HollowMod:LifebloodCore","floor":26}],"player_experience":315896,"relics_obtained":[{"floor":2,"key":"Ancient Tea Set"},{"floor":9,"key":"DianPoetry"},{"floor":10,"key":"ReplayTheSpireMod:Lightbulb"},{"floor":13,"key":"DemoMod:SevenLeafClover"},{"floor":26,"key":"DemoMod:SuperHotWatch"},{"floor":26,"key":"SynthV:C4"}],"event_choices":[{"damage_healed":0,"gold_gain":275,"player_choice":"Desecrate","damage_taken":0,"max_hp_gain":0,"max_hp_loss":0,"event_name":"Golden Shrine","floor":3,"gold_loss":0,"cards_obtained":["Regret"]},{"damage_healed":0,"gold_gain":0,"player_choice":"Box","damage_taken":0,"relics_obtained":["Replay:Bandana"],"max_hp_gain":0,"max_hp_loss":0,"event_name":"Big Fish","floor":7,"gold_loss":0,"cards_obtained":["Regret"]},{"cards_removed":["HollowMod:NailStrikeStart"],"damage_healed":0,"gold_gain":0,"player_choice":"Purged","damage_taken":0,"max_hp_gain":0,"max_hp_loss":0,"event_name":"Purifier","floor":12,"gold_loss":0},{"cards_removed":["HollowMod:QuickDashStart"],"damage_healed":0,"gold_gain":0,"player_choice":"Gave Gold","damage_taken":0,"max_hp_gain":0,"max_hp_loss":0,"event_name":"Beggar","floor":22,"gold_loss":75},{"damage_healed":0,"gold_gain":0,"player_choice":"Dagger","damage_taken":6,"max_hp_gain":0,"max_hp_loss":0,"event_name":"betterThird:BetterNest","floor":29,"gold_loss":0,"cards_obtained":["RitualDagger"]}],"is_beta":false,"boss_relics":[{"not_picked":["MoonlightInvasionPlan","Philosopher\u0027s Stone"],"picked":"BloodWine"}],"items_purged_floors":[],"is_endless":false,"potions_floor_spawned":[5,11,13,16,20],"ascension_level":2}}