{"host":"6xsbn6ynqlzwllfm","time":1611694351,"event":{"mods":["2.2 Compatiblity","BaseMod","Bestiary","Colored Map","Colored Powertips","Curses Come First","Highlight Path","Keyboard Shortcuts","Minty Spire (QoL Compilation)","Relic Stats","Slay the Relics Exporter","StSLib","SuperFastMode"],"gold_per_floor":[117,117,133,143,157,187,187,200,200,200,200],"floor_reached":10,"language":"ENG","playtime":352,"items_purged":[],"score":140,"play_id":"ea1f2b06-99fd-4213-9ba4-981dbba5f3d5","local_time":"20210126155231","is_ascension_mode":true,"campfire_choices":[{"data":"Flame Barrier","floor":7,"key":"SMITH"}],"circlet_count":0,"master_deck":["AscendersBane","Strike_R","Strike_R","Strike_R","Strike_R","Defend_R","Defend_R","Defend_R","Defend_R","Bash","Seeing Red","Headbutt","Thunderclap","Pommel Strike","Flame Barrier+1","Feel No Pain"],"relics":["Burning Blood","Smiling Mask","Gambling Chip"],"acts_visited":["Exordium"],"potions_floor_usage":[6,6],"damage_taken":[{"damage":9,"enemies":"Jaw Worm","floor":1,"turns":4},{"damage":0,"enemies":"Cultist","floor":3,"turns":3},{"damage":4,"enemies":"Small Slimes","floor":4,"turns":3},{"damage":19,"enemies":"Blue Slaver","floor":5,"turns":4},{"damage":56,"enemies":"Gremlin Nob","floor":6,"turns":5},{"damage":13,"enemies":"3 Louse","floor":8,"turns":3},{"damage":43,"enemies":"Lagavulin","floor":10,"turns":8}],"seed_played":"-4660630860768590818","potions_obtained":[{"floor":1,"key":"GamblersBrew"},{"floor":4,"key":"BloodPotion"}],"is_trial":false,"path_per_floor":["M","?","M","M","M","E","R","M","T","E"],"character_chosen":"IRONCLAD","items_purchased":[],"campfire_rested":0,"item_purchase_floors":[],"current_hp_per_floor":[72,72,78,80,67,33,33,26,26,0,0],"gold":200,"neow_bonus":"TEN_PERCENT_HP_BONUS","is_daily":false,"chose_seed":false,"campfire_upgraded":1,"win_rate":0.0,"timestamp":1611694351,"path_taken":["M","?","M","M","?","E","R","M","T","E"],"items_purchased_type":[],"build_version":"2020-12-22","purchased_purges":0,"victory":false,"max_hp_per_floor":[82,82,82,82,82,82,82,82,82,82,82],"relic_stats":{"counters":[7,30],"Gambling Chip":[0],"Smiling Mask":0,"obtain_stats":[{"Gambling Chip":9,"Smiling Mask":6,"Burning Blood":0},{"Gambling Chip":6,"Smiling Mask":5,"Burning Blood":0},{"Gambling Chip":22,"Smiling Mask":19,"Burning Blood":0}],"Burning Blood":36},"card_choices":[{"not_picked":["Bloodletting","Body Slam"],"picked":"Seeing Red","floor":1},{"not_picked":["Second Wind","Rupture"],"picked":"Headbutt","floor":3},{"not_picked":["Pummel","Warcry"],"picked":"Thunderclap","floor":4},{"not_picked":["Dual Wield","Sentinel"],"picked":"Pommel Strike","floor":5},{"not_picked":["Warcry","Power Through"],"picked":"Flame Barrier","floor":6},{"not_picked":["Dark Embrace","Cleave"],"picked":"Feel No Pain","floor":8}],"player_experience":1140948,"relics_obtained":[{"floor":6,"key":"Smiling Mask"},{"floor":9,"key":"Gambling Chip"}],"event_choices":[{"cards_removed":["Strike_R"],"damage_healed":0,"gold_gain":0,"player_choice":"Offered Basic","damage_taken":0,"max_hp_gain":0,"max_hp_loss":0,"event_name":"Bonfire Elementals","floor":2,"gold_loss":0}],"is_beta":false,"boss_relics":[],"items_purged_floors":[],"is_endless":false,"potions_floor_spawned":[1,4],"killed_by":"Lagavulin","ascension_level":20}}