{"host":"lrlw254gqe5layub","time":1611646280,"event":{"mods":["AchievementEnabler","BaseMod","Colored Map","Colored Powertips","Minty Spire (QoL Compilation)","Rare Cards Sparkle","SuperFastMode"],"gold_per_floor":[216,491,491,504,53,53,88,88,19,72,90,9,42,55,74,74,199,199,215,231,14,28,28,57,57,91,91,110,142,153,167,266,266,364,364,381,399,274,289,339,339,386,386,386,386,386,386,411,266,266,266,266,266,42,42,42],"floor_reached":55,"language":"KOR","playtime":3207,"items_purged":["Regret","Injury","Shame"],"score":1069,"play_id":"4a3a3384-689e-467c-ac65-7ddf9f57514c","local_time":"20210126163120","is_ascension_mode":true,"campfire_choices":[{"data":"Apotheosis","floor":8.0,"key":"SMITH"},{"floor":16.0,"key":"REST"},{"floor":25.0,"key":"RECALL"},{"floor":33.0,"key":"REST"},{"data":"Strike_B","floor":41.0,"key":"PURGE"},{"data":"Strike_B","floor":43.0,"key":"PURGE"},{"data":"Normality","floor":45.0,"key":"PURGE"},{"data":"Strike_B","floor":47.0,"key":"PURGE"},{"data":"Echo Form","floor":50.0,"key":"SMITH"},{"data":"Amplify","floor":53.0,"key":"SMITH"}],"circlet_count":0,"master_deck":["Strike_B","Defend_B","Defend_B","Defend_B","Defend_B","Zap","Dualcast","BootSequence","Lockon","Apotheosis+1","Capacitor","Redo","Defragment","Compile Driver","Bandage Up","Redo","Coolheaded","Self Repair","Core Surge","Gash","Genetic Algorithm+1","Coolheaded","Capacitor","White Noise+1","Cold Snap+1","Redo","Cold Snap","Go for the Eyes+1","Barrage","Machine Learning","Fusion+1","Beam Cell+1","Chill+1","Madness","Madness","Cold Snap+1","Echo Form+1","Amplify+1","Stack+1","Hologram+1","Defragment"],"relics":["Cracked Core","Regal Pillow","Bloody Idol","White Beast Statue","Odd Mushroom","Cursed Key","HornCleat","Bag of Marbles","Pantograph","Shovel","Runic Pyramid","Peace Pipe","Ginger","Gremlin Horn","Torii","Orrery","Blood Vial"],"acts_visited":["Exordium","TheCity","TheBeyond","TheEnding"],"potions_floor_usage":[],"damage_taken":[{"damage":11.0,"enemies":"Cultist","floor":1.0,"turns":4.0},{"damage":1.0,"enemies":"2 Louse","floor":4.0,"turns":3.0},{"damage":33.0,"enemies":"Lagavulin","floor":7.0,"turns":6.0},{"damage":0.0,"enemies":"Jaw Worm","floor":11.0,"turns":3.0},{"damage":19.0,"enemies":"The Mushroom Lair","floor":13.0,"turns":4.0},{"damage":2.0,"enemies":"3 Louse","floor":14.0,"turns":4.0},{"damage":0.0,"enemies":"Large Slime","floor":15.0,"turns":5.0},{"damage":26.0,"enemies":"Slime Boss","floor":17.0,"turns":7.0},{"damage":12.0,"enemies":"Chosen","floor":19.0,"turns":5.0},{"damage":17.0,"enemies":"Spheric Guardian","floor":20.0,"turns":4.0},{"damage":15.0,"enemies":"Shelled Parasite and Fungi","floor":22.0,"turns":6.0},{"damage":25.0,"enemies":"Slavers","floor":24.0,"turns":6.0},{"damage":19.0,"enemies":"Gremlin Leader","floor":26.0,"turns":7.0},{"damage":33.0,"enemies":"3 Cultists","floor":28.0,"turns":8.0},{"damage":40.0,"enemies":"Book of Stabbing","floor":29.0,"turns":6.0},{"damage":32.0,"enemies":"Cultist and Chosen","floor":30.0,"turns":6.0},{"damage":10.0,"enemies":"Snake Plant","floor":31.0,"turns":5.0},{"damage":26.0,"enemies":"Champ","floor":34.0,"turns":8.0},{"damage":13.0,"enemies":"Orb Walker","floor":36.0,"turns":4.0},{"damage":36.0,"enemies":"3 Darklings","floor":37.0,"turns":8.0},{"damage":9.0,"enemies":"4 Shapes","floor":39.0,"turns":7.0},{"damage":8.0,"enemies":"Mind Bloom Boss Battle","floor":40.0,"turns":8.0},{"damage":15.0,"enemies":"2 Orb Walkers","floor":42.0,"turns":7.0},{"damage":0.0,"enemies":"Giant Head","floor":48.0,"turns":9.0},{"damage":63.0,"enemies":"Time Eater","floor":51.0,"turns":15.0},{"damage":76,"enemies":"Shield and Spear","floor":55,"turns":5}],"seed_played":"-3943237427558372525","potions_obtained":[{"floor":11.0,"key":"AttackPotion"},{"floor":13.0,"key":"Fruit Juice"},{"floor":14.0,"key":"Block Potion"},{"floor":17.0,"key":"ColorlessPotion"},{"floor":19.0,"key":"DistilledChaos"},{"floor":20.0,"key":"Regen Potion"},{"floor":24.0,"key":"AttackPotion"},{"floor":26.0,"key":"Swift Potion"},{"floor":28.0,"key":"EntropicBrew"},{"floor":29.0,"key":"DistilledChaos"},{"floor":34.0,"key":"Dexterity Potion"},{"floor":36.0,"key":"Block Potion"},{"floor":37.0,"key":"FearPotion"},{"floor":42.0,"key":"DistilledChaos"},{"floor":48.0,"key":"Block Potion"}],"is_trial":false,"path_per_floor":["M","?","$","M","$","?","E","R","$","T","M","$","?","M","M","R","B",null,"M","M","$","M","?","E","R","E","T","M","E","M","M","?","R","B",null,"M","M","$","M","?","R","?","R","T","R","?","R","E","$","R","B",null,"R","$","E"],"character_chosen":"DEFECT","items_purchased":["Apotheosis","Capacitor","Regal Pillow","Defragment","Bandage Up","Coolheaded","Capacitor","Orrery","Blood Vial","Defragment"],"campfire_rested":2,"item_purchase_floors":[5,5,5,9,12,21,21,49,54,54],"current_hp_per_floor":[57,57,57,56,56,56,23,23,23,23,23,23,13,15,21,60,50,73,75,64,64,65,65,76,76,78,78,63,44,23,31,36,75,69,77,75,60,60,67,80,80,80,80,80,80,70,70,80,80,80,45,71,71,71,0,0],"gold":42,"neow_bonus":"HUNDRED_GOLD","is_daily":false,"chose_seed":true,"campfire_upgraded":3,"win_rate":0.0,"timestamp":1611646280,"path_taken":["M","?","?","M","$","?","E","R","$","T","M","$","?","M","M","R","BOSS","M","M","$","M","?","E","R","E","T","M","E","M","M","?","R","BOSS","M","M","$","M","?","R","?","R","T","R","?","R","E","$","R","BOSS","R","$","E"],"items_purchased_type":["Card","Card","Relic","Card","Card","Card","Card","Relic","Relic","Card"],"build_version":"2020-12-22","purchased_purges":3,"victory":false,"max_hp_per_floor":[75,75,75,75,75,75,75,75,75,75,75,75,80,80,80,80,80,80,80,80,80,80,80,80,80,80,80,80,80,80,80,80,80,80,80,80,80,80,80,80,80,80,80,80,80,80,80,80,80,80,80,80,80,80,80,80],"card_choices":[{"not_picked":["Ball Lightning","Fusion"],"picked":"BootSequence","floor":1.0},{"not_picked":["Skim","Hologram"],"picked":"Lockon","floor":4.0},{"not_picked":["Sweeping Beam","BootSequence"],"picked":"Redo","floor":7.0},{"not_picked":["Ball Lightning","Blizzard"],"picked":"Compile Driver","floor":11.0},{"not_picked":["Chaos","Darkness"],"picked":"Redo","floor":13.0},{"not_picked":["Genetic Algorithm","Hologram"],"picked":"Coolheaded","floor":14.0},{"not_picked":["Heatsinks","Sweeping Beam"],"picked":"Self Repair","floor":15.0},{"not_picked":["Thunder Strike","Multi-Cast"],"picked":"Core Surge","floor":17.0},{"not_picked":["Hologram","Steam"],"picked":"Gash","floor":19.0},{"not_picked":["Force Field+1","Hologram"],"picked":"Genetic Algorithm+1","floor":20.0},{"not_picked":["Beam Cell+1","Rebound+1"],"picked":"White Noise+1","floor":22.0},{"not_picked":["Compile Driver+1","Doom and Gloom","Genetic Algorithm"],"picked":"SKIP","floor":24.0},{"not_picked":["Reinforced Body","Biased Cognition"],"picked":"Cold Snap+1","floor":26.0},{"not_picked":["Stack","Rebound"],"picked":"Redo","floor":28.0},{"not_picked":["Sunder+1","Darkness"],"picked":"Cold Snap","floor":29.0},{"not_picked":["Force Field","Steam"],"picked":"Go for the Eyes+1","floor":30.0},{"not_picked":["Stack+1","Sweeping Beam+1"],"picked":"Barrage","floor":31.0},{"not_picked":["Thunder Strike","Meteor Strike"],"picked":"Machine Learning","floor":34.0},{"not_picked":["Doom and Gloom","Turbo+1"],"picked":"Fusion+1","floor":36.0},{"not_picked":["Steam+1","Leap"],"picked":"Beam Cell+1","floor":37.0},{"not_picked":["FTL","Chaos","Leap+1"],"picked":"SKIP","floor":39.0},{"not_picked":["Barrage+1","Stack"],"picked":"Chill+1","floor":40.0},{"not_picked":["Tempest+1","Chaos"],"picked":"Cold Snap+1","floor":48.0},{"not_picked":["Undo","Tempest+1"],"picked":"Echo Form","floor":49.0},{"not_picked":["Compile Driver","Redo+1"],"picked":"Amplify","floor":49.0},{"not_picked":["Beam Cell","Chaos+1"],"picked":"Stack+1","floor":49.0},{"not_picked":["Skim","Genetic Algorithm"],"picked":"Hologram+1","floor":49.0}],"player_experience":456488,"relics_obtained":[{"floor":7.0,"key":"White Beast Statue"},{"floor":13.0,"key":"Odd Mushroom"},{"floor":24.0,"key":"HornCleat"},{"floor":26.0,"key":"Bag of Marbles"},{"floor":27.0,"key":"Pantograph"},{"floor":29.0,"key":"Shovel"},{"floor":40.0,"key":"Peace Pipe"},{"floor":42.0,"key":"Ginger"},{"floor":44.0,"key":"Gremlin Horn"},{"floor":48.0,"key":"Torii"}],"event_choices":[{"damage_healed":0.0,"max_hp_gain":0.0,"max_hp_loss":0.0,"gold_gain":275.0,"event_name":"Golden Shrine","player_choice":"Desecrate","floor":2.0,"gold_loss":0.0,"damage_taken":0.0,"cards_obtained":["Regret"]},{"damage_healed":0.0,"max_hp_gain":0.0,"max_hp_loss":0.0,"gold_gain":0.0,"event_name":"Golden Idol","player_choice":"Take Wound","floor":6.0,"gold_loss":0.0,"damage_taken":0.0,"relics_obtained":["Golden Idol"],"cards_obtained":["Injury"]},{"damage_healed":0.0,"max_hp_gain":0.0,"max_hp_loss":0.0,"gold_gain":0.0,"event_name":"Mushrooms","player_choice":"Fought Mushrooms","floor":13.0,"gold_loss":0.0,"damage_taken":0.0},{"damage_healed":0.0,"max_hp_gain":0.0,"max_hp_loss":0.0,"gold_gain":0.0,"event_name":"Forgotten Altar","player_choice":"Gave Idol","floor":23.0,"relics_lost":["Golden Idol"],"gold_loss":0.0,"damage_taken":0.0,"relics_obtained":["Bloody Idol"]},{"damage_healed":0.0,"max_hp_gain":0.0,"max_hp_loss":0.0,"gold_gain":99.0,"event_name":"Nest","player_choice":"Stole From Cult","floor":32.0,"gold_loss":0.0,"damage_taken":0.0},{"damage_healed":0.0,"max_hp_gain":0.0,"max_hp_loss":0.0,"gold_gain":0.0,"event_name":"MindBloom","player_choice":"Fight","floor":40.0,"gold_loss":0.0,"damage_taken":0.0},{"damage_healed":0.0,"max_hp_gain":0.0,"max_hp_loss":0.0,"gold_gain":0.0,"event_name":"Mysterious Sphere","player_choice":"Fight","floor":42.0,"gold_loss":0.0,"damage_taken":0.0},{"damage_healed":0.0,"max_hp_gain":0.0,"max_hp_loss":0.0,"gold_gain":0.0,"event_name":"Winding Halls","player_choice":"Embrace Madness","floor":46.0,"gold_loss":0.0,"damage_taken":10.0,"cards_obtained":["Madness","Madness"]}],"is_beta":false,"boss_relics":[{"not_picked":["Calling Bell","Black Star"],"picked":"Cursed Key"},{"not_picked":["Philosopher\u0027s Stone","Snecko Eye"],"picked":"Runic Pyramid"}],"items_purged_floors":[5,21,38],"is_endless":false,"potions_floor_spawned":[11,13,14,15,17,19,20,22,24,26,28,29,30,31,34,36,37,39,40,42,48],"killed_by":"Shield and Spear","ascension_level":8}}