{"host":"uv5ws9rdk87e8i5k","time":1611672112,"event":{"mods":["AchievementEnabler","BaseMod","Colored Map","Minty Spire (QoL Compilation)","Permanent Neow","Quick Restart","StSLib","SuperFastMode","The Animator","The Cursed","The Hierophant","The Necromancer"],"gold_per_floor":[414,210,230,230,249,276,276,276,276],"floor_reached":8,"language":"ENG","playtime":165,"items_purged":["Shame"],"score":84,"play_id":"8c747ac3-8525-469c-9132-902a6220a0bd","local_time":"20210126084152","is_ascension_mode":true,"campfire_choices":[{"data":"Necrotic_Claws","floor":7,"key":"SMITH"}],"circlet_count":0,"master_deck":["AscendersBane","Strike_W","Strike_W","Strike_W+1","Strike_W","Defend_W","Defend_W","Defend_W","Defend_W","Negative_Energy_Arrows","Bone_Wall","Vampiric_Strike","Necrotic_Claws+1","Negative_Energy_Sphere","Vampiric_Strike+1","Spectral_Armor"],"relics":["Vampire_Amulet","Old Coin","MealTicket"],"acts_visited":["Exordium"],"potions_floor_usage":[6],"damage_taken":[{"damage":12,"enemies":"Jaw Worm","floor":1,"turns":4},{"damage":7,"enemies":"Small Slimes","floor":3,"turns":3},{"damage":0,"enemies":"2 Louse","floor":5,"turns":2},{"damage":36,"enemies":"3 Sentries","floor":6,"turns":6},{"damage":0,"enemies":"Lagavulin","floor":8,"turns":2}],"seed_played":"-7061102403502006946","potions_obtained":[{"floor":1,"key":"SpeedPotion"},{"floor":3,"key":"LiquidBronze"}],"is_trial":false,"path_per_floor":["M","$","M","?","M","E","R","E"],"character_chosen":"NECROMANCER","items_purchased":["Necrotic_Claws","Negative_Energy_Sphere"],"campfire_rested":0,"item_purchase_floors":[2,2],"current_hp_per_floor":[58,58,57,42,49,26,26,28,28],"gold":276,"neow_bonus":"ONE_RARE_RELIC","is_daily":false,"chose_seed":false,"campfire_upgraded":1,"win_rate":0.0,"timestamp":1611672112,"path_taken":["M","$","M","?","M","E","R","E"],"items_purchased_type":["Card","Card"],"build_version":"2020-12-22","purchased_purges":1,"victory":false,"max_hp_per_floor":[75,75,75,75,75,75,75,75,75],"card_choices":[{"not_picked":["Siphon_Strength","Death_Coil"],"picked":"Vampiric_Strike","floor":1},{"not_picked":["Violent_Necrosis","Negative_Energy_Shield"],"picked":"Vampiric_Strike","floor":3},{"not_picked":["Finger_Of_Death","Vampiric_Strike","Toxic_Smoke_Screen"],"picked":"SKIP","floor":5},{"not_picked":["Stop_Heart","Pandemic"],"picked":"Spectral_Armor","floor":6}],"player_experience":291822,"relics_obtained":[{"floor":6,"key":"MealTicket"}],"event_choices":[{"damage_healed":0,"gold_gain":0,"player_choice":"Entered Light","damage_taken":15,"max_hp_gain":0,"max_hp_loss":0,"event_name":"Shining Light","floor":4,"gold_loss":0,"cards_upgraded":["Vampiric_Strike","Strike_W"]}],"is_beta":false,"boss_relics":[],"items_purged_floors":[2],"is_endless":false,"potions_floor_spawned":[1,3],"killed_by":"Lagavulin","ascension_level":10}}