{"host":"uvmuduost5bzvojs","time":1611630507,"event":{"mods":["Aspiration","Bard","BaseMod","Better Match","Block Reminder","Conspire","Hermit","Highlight Path","Hubris","Infinite Spire","Jorbs\u0027s Wanderer Trilogy","Mad Scientist","Marisa????????","Mimic Mod","Minty Spire (QoL Compilation)","Potionbrewer","Replay The Spire","Robot Space Explorer","StSLib","The Blackbeard","The Construct","The Cursed","The Disciple","The Hayseed","The Hierophant","The Juggle","The Jungle","The Poker Player","The Runesmith","The Servant 0.9.4","The Spell Scribe","The Valiant","TheBandit"],"gold_per_floor":[109,38,113,113,288,319,378,378,421,421,421,421],"floor_reached":10,"language":"ENG","playtime":601,"items_purged":[],"score":87,"play_id":"861672b9-9c84-47cb-9618-22828ae1278b","local_time":"20210125220827","is_ascension_mode":false,"metric_token":2130,"campfire_choices":[{"data":"PokerPlayerMod:Fold","floor":8,"key":"SMITH"}],"circlet_count":0,"master_deck":["PokerPlayerMod:Diamond2","PokerPlayerMod:Diamond2","PokerPlayerMod:Diamond3","PokerPlayerMod:Diamond4","PokerPlayerMod:Diamond5","PokerPlayerMod:Spade1","PokerPlayerMod:Spade2","PokerPlayerMod:Spade3","PokerPlayerMod:Spade4","PokerPlayerMod:Club1","PokerPlayerMod:Club2","PokerPlayerMod:Heart2","PokerPlayerMod:TrumpStrike","PokerPlayerMod:BadJoker","PokerPlayerMod:Mulligan","PokerPlayerMod:CardBurn","PokerPlayerMod:Manipulation","Doubt","PokerPlayerMod:Diamond1","PokerPlayerMod:Fold+1","PokerPlayerMod:PoorCopy"],"relics":["PokerPlayerMod:DeckCase","NeowsBlessing","construct:RocketBooster","infinitespire:Satchel","CeramicFish"],"acts_visited":["Exordium"],"potions_floor_usage":[],"damage_taken":[{"damage":0,"enemies":"Jaw Worm","floor":1,"turns":1},{"damage":0,"enemies":"Lagavulin","floor":6,"turns":3},{"damage":0,"enemies":"Lagavulin Event","floor":7,"turns":1},{"damage":5,"enemies":"Small Slimes","floor":9,"turns":7},{"damage":53,"enemies":"Gremlin Nob","floor":10,"turns":5}],"seed_played":"1931208219886105840","potions_obtained":[{"floor":7,"key":"LiquidBronze"}],"is_trial":false,"path_per_floor":["M","$","?","?","?","E","?","R","MIM","E"],"character_chosen":"THE_POKER_PLAYER","items_purchased":["PokerPlayerMod:Manipulation"],"campfire_rested":0,"item_purchase_floors":[2],"current_hp_per_floor":[52,52,41,41,41,41,41,41,40,0,0,0],"gold":421,"neow_bonus":"THREE_ENEMY_KILL","is_daily":false,"chose_seed":false,"campfire_upgraded":1,"win_rate":0.0,"timestamp":1611630507,"path_taken":["M","$","?","?","?","E","?","R","MIM","E"],"items_purchased_type":["Card"],"build_version":"2020-12-22","purchased_purges":0,"victory":false,"max_hp_per_floor":[52,52,52,52,52,52,52,52,52,52,52,52],"card_choices":[{"not_picked":["PokerPlayerMod:Heart2","PokerPlayerMod:Club4"],"picked":"PokerPlayerMod:CardBurn","floor":1},{"not_picked":["PokerPlayerMod:Spade4","PokerPlayerMod:Manipulation"],"picked":"PokerPlayerMod:Diamond1","floor":6},{"not_picked":["PokerPlayerMod:Trickery","PokerPlayerMod:Diamond2"],"picked":"PokerPlayerMod:Fold","floor":7},{"not_picked":["PokerPlayerMod:DiamondStrike","PokerPlayerMod:Diamond4"],"picked":"PokerPlayerMod:PoorCopy","floor":9}],"player_experience":1810544,"relics_obtained":[{"floor":6,"key":"construct:RocketBooster"},{"floor":9,"key":"CeramicFish"}],"event_choices":[{"damage_healed":0,"gold_gain":75,"player_choice":"Gather Gold","damage_taken":11,"max_hp_gain":0,"max_hp_loss":0,"event_name":"World of Goop","floor":3,"gold_loss":0},{"damage_healed":0,"gold_gain":175,"player_choice":"AGREE","damage_taken":0,"max_hp_gain":0,"max_hp_loss":0,"event_name":"Liars Game","floor":5,"gold_loss":0,"cards_obtained":["Doubt"]},{"damage_healed":0,"gold_gain":0,"player_choice":"Searched \u00272\u0027 times","damage_taken":0,"relics_obtained":["infinitespire:Satchel"],"max_hp_gain":0,"max_hp_loss":0,"event_name":"Dead Adventurer","floor":7,"gold_loss":0}],"is_beta":false,"boss_relics":[],"items_purged_floors":[],"is_endless":false,"potions_floor_spawned":[7],"killed_by":"Gremlin Nob","ascension_level":0}}