{"host":"6qo42zgaknezulyg","time":1611649717,"event":{"mods":["2.2 Compatiblity","BaseMod","Faster Ascension Climbing","Keyboard Shortcuts","Minty Spire (QoL Compilation)","Permanent Neow","Quick Restart","StSLib","SuperFastMode","The Disciple"],"gold_per_floor":[119,119,133,145,155,190,203,230,230,230,298,298,326,341,341,418,418,431,431,441,441,441],"floor_reached":21,"language":"ENG","playtime":1121,"items_purged":[],"score":432,"play_id":"b5bc85ad-874a-4260-a2dc-b4189019cd05","local_time":"20210126172837","is_ascension_mode":true,"campfire_choices":[{"floor":12.0,"key":"REST"},{"data":"Strike_Br","floor":15.0,"key":"PURGE"}],"circlet_count":0,"master_deck":["AscendersBane","SecondHand","PatternShift","LockedCalendar+1","Parity","LockedAnchor","Stagnate","ExoVibe","Echoward","LockedBlood+1","LockedWarPaint+1","LockedUrn+1","LockedMercury+1","LockedBell+1","Facsimile","Recurrance","LockedBlood+1","WakeUpCall","LockedBell+1","Break","TickedOff","Facsimile"],"relics":["Chronometer","Frozen Egg 2","Peace Pipe","StoneCalendar","White Beast Statue","Odd Mushroom","Nloth\u0027s Gift"],"acts_visited":["Exordium","TheCity"],"potions_floor_usage":[18,21],"damage_taken":[{"damage":0.0,"enemies":"2 Louse","floor":1.0,"turns":6.0},{"damage":2.0,"enemies":"Cultist","floor":3.0,"turns":5.0},{"damage":9.0,"enemies":"Jaw Worm","floor":4.0,"turns":5.0},{"damage":4.0,"enemies":"Exordium Wildlife","floor":5.0,"turns":5.0},{"damage":0.0,"enemies":"HollowMod:MossKnight","floor":6.0,"turns":2.0},{"damage":5.0,"enemies":"Blue Slaver","floor":7.0,"turns":5.0},{"damage":40.0,"enemies":"Lagavulin","floor":8.0,"turns":8.0},{"damage":8.0,"enemies":"The Mushroom Lair","floor":13.0,"turns":5.0},{"damage":8.0,"enemies":"Exordium Thugs","floor":14.0,"turns":5.0},{"damage":24.0,"enemies":"The Guardian","floor":16.0,"turns":8.0},{"damage":36,"enemies":"3 Byrds","floor":18,"turns":5},{"damage":38,"enemies":"Spheric Guardian","floor":20,"turns":13},{"damage":25,"enemies":"Cultist and Chosen","floor":21,"turns":4}],"seed_played":"7242602697666414042","potions_obtained":[{"floor":1.0,"key":"SkillPotion"},{"floor":8.0,"key":"Energy Potion"},{"floor":13.0,"key":"Block Potion"},{"floor":14.0,"key":"ColorlessPotion"},{"floor":16.0,"key":"DuplicationPotion"},{"floor":18,"key":"Weak Potion"},{"floor":20,"key":"CultistPotion"}],"is_trial":false,"path_per_floor":["M","?","M","M","M","E","M","E","T","?","T","R","?","M","R","B",null,"M","?","M","M"],"character_chosen":"CHRONO_CLASS","items_purchased":[],"campfire_rested":1,"item_purchase_floors":[],"current_hp_per_floor":[56,56,54,45,41,41,36,5,5,5,5,21,19,17,17,17,46,34,34,23,13,13],"gold":441,"neow_bonus":"THREE_RARE_CARDS","is_daily":false,"chose_seed":false,"campfire_upgraded":0,"win_rate":0.0,"timestamp":1611649717,"path_taken":["M","?","M","M","M","E","?","E","T","?","?","R","?","?","R","BOSS","M","?","M","M"],"items_purchased_type":[],"build_version":"2020-12-22","purchased_purges":0,"victory":false,"max_hp_per_floor":[56,56,56,56,56,56,56,56,56,56,56,56,56,56,56,56,56,56,56,56,56,56],"card_choices":[{"not_picked":["BackFourSeconds","Chronoelasticity"],"picked":"LockedCalendar","floor":0.0},{"not_picked":["Tempo","HandsUpC"],"picked":"Parity","floor":1.0},{"not_picked":["ReapSow","ExoVibe"],"picked":"LockedAnchor","floor":3.0},{"not_picked":["DaylightSavings","ExoVibe"],"picked":"Stagnate","floor":4.0},{"not_picked":["Tempo","LockedTurtyl"],"picked":"ExoVibe","floor":5.0},{"not_picked":["LockedMedicine+1","HandsUpC"],"picked":"Echoward","floor":6.0},{"not_picked":["AlternateTimeline","LockedAnchor+1"],"picked":"LockedBlood+1","floor":7.0},{"not_picked":["PrimeTime","VestedLegacy"],"picked":"LockedWarPaint+1","floor":8.0},{"not_picked":["Stagnate","AlternateTimeline"],"picked":"LockedUrn+1","floor":13.0},{"not_picked":["PrimeTime","Goo"],"picked":"LockedMercury+1","floor":14.0},{"not_picked":["Chronoelasticity","Echonomics"],"picked":"LockedBell+1","floor":16.0},{"not_picked":["FormalWear","ShortSighted"],"picked":"TickedOff","floor":18},{"not_picked":["Engulf+1","LockedMawBank+1"],"picked":"Facsimile","floor":20}],"player_experience":764170,"relics_obtained":[{"floor":6.0,"key":"Frozen Egg 2"},{"floor":8.0,"key":"Peace Pipe"},{"floor":9.0,"key":"StoneCalendar"},{"floor":11.0,"key":"White Beast Statue"},{"floor":13.0,"key":"Odd Mushroom"}],"event_choices":[{"damage_healed":0.0,"max_hp_gain":0.0,"max_hp_loss":0.0,"gold_gain":0.0,"event_name":"Upgrade Shrine","player_choice":"Upgraded","floor":2.0,"gold_loss":0.0,"damage_taken":0.0,"cards_upgraded":["LockedCalendar"]},{"cards_removed":["Strike_Br"],"damage_healed":0.0,"max_hp_gain":0.0,"max_hp_loss":0.0,"gold_gain":0.0,"event_name":"Living Wall","player_choice":"Forget","floor":10.0,"gold_loss":0.0,"damage_taken":0.0},{"damage_healed":0.0,"max_hp_gain":0.0,"max_hp_loss":0.0,"gold_gain":0.0,"event_name":"Mushrooms","player_choice":"Fought Mushrooms","floor":13.0,"gold_loss":0.0,"damage_taken":0.0},{"damage_healed":0,"gold_gain":0,"player_choice":"Traded Relic","damage_taken":0,"relics_obtained":["Nloth\u0027s Gift"],"max_hp_gain":0,"max_hp_loss":0,"event_name":"N\u0027loth","floor":19,"relics_lost":["Pandora\u0027s Box"],"gold_loss":0}],"is_beta":false,"boss_relics":[{"not_picked":["Busted Crown","SacredBark"],"picked":"Pandora\u0027s Box"}],"items_purged_floors":[],"is_endless":false,"potions_floor_spawned":[1,8,13,14,16,18,20],"killed_by":"Cultist and Chosen","ascension_level":20}}