{"host":"xmr2g8b7eju0288o","time":1611690741,"event":{"mods":["AchievementEnabler","BaseMod","Colored Map","Colored Powertips","Infinite Spire","KOR Keyword Fix","Minty Spire (QoL Compilation)","Quick Restart","Spicy Shops","StSLib","SuperFastMode"],"gold_per_floor":[129,129,191,246,298,298,402,402,470,18,122,122,233,69,69,326,326,371,371,442,451,451],"floor_reached":21,"language":"KOR","playtime":570,"items_purged":[],"score":419,"play_id":"6d8ec0b8-ac1e-42c6-a0aa-31ddf27e8767","local_time":"20210127045221","daily_mods":["Heirloom","DeadlyEvents","Elite Swarm","Midas"],"is_ascension_mode":true,"campfire_choices":[{"floor":6.0,"key":"REST"},{"floor":8.0,"key":"REST"},{"floor":12.0,"key":"REST"},{"floor":15,"key":"REST"}],"circlet_count":0,"master_deck":["AscendersBane","Strike_G","Strike_G","Strike_G","Strike_G","Strike_G","Defend_G","Defend_G","Defend_G","Defend_G","Defend_G","Survivor","Neutralize","Catalyst","Injury","Deadly Poison","Cloak And Dagger","Poisoned Stab","Corpse Explosion","Die Die Die","Flying Knee+1","Distraction","Corpse Explosion"],"relics":["Ring of the Snake","Mango","Golden Idol","Gambling Chip","infinitespire:FocusingShard","PreservedInsect","Matryoshka","Frozen Egg 2","CeramicFish","MealTicket","Busted Crown"],"acts_visited":["Exordium","TheCity"],"potions_floor_usage":[],"damage_taken":[{"damage":11.0,"enemies":"Jaw Worm","floor":1.0,"turns":4.0},{"damage":12.0,"enemies":"Small Slimes","floor":3.0,"turns":5.0},{"damage":2.0,"enemies":"Cultist","floor":4.0,"turns":4.0},{"damage":10.0,"enemies":"3 Louse","floor":5.0,"turns":6.0},{"damage":38.0,"enemies":"3 Sentries","floor":7.0,"turns":12.0},{"damage":6.0,"enemies":"Gremlin Nob","floor":11.0,"turns":3.0},{"damage":22,"enemies":"Lagavulin","floor":13,"turns":4},{"damage":47,"enemies":"The Guardian","floor":16,"turns":8},{"damage":19,"enemies":"2 Thieves","floor":18,"turns":3},{"damage":28,"enemies":"Chosen","floor":20,"turns":5}],"seed_played":"-5386788466605930762","potions_obtained":[{"floor":1.0,"key":"SkillPotion"},{"floor":5.0,"key":"AttackPotion"},{"floor":16,"key":"FairyPotion"}],"is_trial":true,"path_per_floor":["M","?","M","M","M","R","E","R","T","$","E","R","E","$","R","B",null,"M","?","M","?"],"character_chosen":"THE_SILENT","items_purchased":["PreservedInsect","Matryoshka","MealTicket"],"campfire_rested":4,"item_purchase_floors":[10,10,14],"current_hp_per_floor":[62,62,50,48,38,62,24,48,48,48,42,66,44,44,68,21,65,46,46,18,18,18],"gold":451,"neow_bonus":"","is_daily":false,"chose_seed":false,"campfire_upgraded":0,"win_rate":0.0,"timestamp":1611690741,"path_taken":["M","?","M","M","M","R","E","R","T","$","E","R","E","$","R","BOSS","M","?","?","?"],"items_purchased_type":["Relic","Relic","Relic"],"build_version":"2020-12-22","purchased_purges":0,"victory":false,"max_hp_per_floor":[80,80,80,80,80,80,80,80,80,80,80,80,80,80,80,80,80,80,80,80,80,80],"card_choices":[{"not_picked":["All Out Attack","Dagger Throw"],"picked":"Catalyst","floor":1.0},{"not_picked":["Acrobatics","Endless Agony"],"picked":"Deadly Poison","floor":3.0},{"not_picked":["Flechettes","Slice"],"picked":"Cloak And Dagger","floor":4.0},{"not_picked":["Outmaneuver","Blade Dance"],"picked":"Poisoned Stab","floor":5.0},{"not_picked":["Glass Knife","Die Die Die"],"picked":"Corpse Explosion","floor":7.0},{"not_picked":["Night Terror","Unload"],"picked":"Die Die Die","floor":11.0},{"not_picked":["Grand Finale","Wraith Form v2+1","Tools of the Trade+1"],"picked":"SKIP","floor":13},{"not_picked":[],"picked":"Flying Knee+1","floor":18},{"not_picked":[],"picked":"Distraction","floor":20}],"player_experience":86290,"relics_obtained":[{"floor":7.0,"key":"Gambling Chip"},{"floor":9.0,"key":"infinitespire:FocusingShard"},{"floor":11.0,"key":"Frozen Egg 2"},{"floor":13,"key":"CeramicFish"}],"event_choices":[{"damage_healed":0.0,"max_hp_gain":0.0,"max_hp_loss":0.0,"gold_gain":0.0,"event_name":"Golden Idol","player_choice":"Take Wound","floor":2.0,"gold_loss":0.0,"damage_taken":0.0,"relics_obtained":["Golden Idol"],"cards_obtained":["Injury"]},{"damage_healed":0,"gold_gain":0,"player_choice":"Ignored","damage_taken":0,"max_hp_gain":0,"max_hp_loss":0,"event_name":"Ghosts","floor":19,"gold_loss":0},{"damage_healed":0,"gold_gain":0,"player_choice":"Copied","damage_taken":0,"max_hp_gain":0,"max_hp_loss":0,"event_name":"Duplicator","floor":21,"gold_loss":0,"cards_obtained":["Corpse Explosion"]}],"is_beta":false,"boss_relics":[{"not_picked":["Snecko Eye","Runic Pyramid"],"picked":"Busted Crown"}],"items_purged_floors":[],"is_endless":false,"potions_floor_spawned":[1,5,16],"ascension_level":20}}