{"host":"7eytxr1oawi6r5nr","time":1611683351,"event":{"mods":["BaseMod","Better Third Choice","Curses Come First","Dark Map","Hermit","Hubris","Ironclad Rager","Jorbs\u0027s Wanderer Trilogy","Minty Spire (QoL Compilation)","Permanent Neow","Quick Restart","Rare Cards Sparkle","Reliquary","Replay The Spire","Robot Space Explorer","StSLib","The Cursed","The Disciple","The Dragon Tamer","The Forsaken","The Marked","The Mystic","The Runesmith","UnlockEverythingMod","Wide Potions"],"gold_per_floor":[109,123,134,134,154,188,188,221,221,237,237,248,248,261,261,358,358,375,375],"floor_reached":18,"language":"ENG","playtime":806,"items_purged":[],"score":211,"play_id":"b1a242ed-1d55-4996-a19d-31b06c8e26c7","local_time":"20210126174911","is_ascension_mode":true,"campfire_choices":[{"floor":7,"key":"REST"},{"floor":11,"key":"REST"},{"floor":15,"key":"REST"}],"circlet_count":0,"master_deck":["Strike_R","Strike_R","Strike_R","Strike_R","Defend_R","Defend_R","Defend_R","Defend_R","Bash","Immolate","ReplayTheSpireMod:Muscle Training","Headbutt","Disarm","Metallicize","Disarm","Spot Weakness","Anger","Hemogenesis","Corruption"],"relics":["Burning Blood","reliquary:BoilingFlask","ReplayTheSpireMod:Ninjato","Runesmith:UraniumAnvil"],"acts_visited":["Exordium","TheCity"],"potions_floor_usage":[8],"damage_taken":[{"damage":7,"enemies":"Jaw Worm","floor":1,"turns":3},{"damage":1,"enemies":"Small Slimes","floor":2,"turns":2},{"damage":0,"enemies":"2 Louse","floor":3,"turns":1},{"damage":10,"enemies":"Red Slaver","floor":5,"turns":2},{"damage":41,"enemies":"Gremlin Nob","floor":6,"turns":5},{"damage":41,"enemies":"Lagavulin","floor":8,"turns":8},{"damage":5,"enemies":"2 Fungi Beasts","floor":10,"turns":3},{"damage":32,"enemies":"Large Slime","floor":12,"turns":5},{"damage":20,"enemies":"Blue Slaver","floor":14,"turns":3},{"damage":17,"enemies":"Hexaghost","floor":16,"turns":9},{"damage":9,"enemies":"Chosen","floor":18,"turns":6}],"seed_played":"-5474585150103279779","potions_obtained":[{"floor":2,"key":"Milkshake"},{"floor":6,"key":"SkillPotion"},{"floor":12,"key":"LiquidMemories"},{"floor":14,"key":"Energy Potion"},{"floor":16,"key":"Reflective Coating"}],"is_trial":false,"path_per_floor":["M","M","M","?","M","E","R","E","T","M","R","M","?","M","R","B",null,"M"],"character_chosen":"IRONCLAD","items_purchased":[],"campfire_rested":3,"item_purchase_floors":[],"current_hp_per_floor":[79,80,80,73,69,34,58,23,23,24,48,22,22,8,32,26,80,80,80],"gold":375,"neow_bonus":"ONE_RANDOM_RARE_CARD","is_daily":false,"chose_seed":false,"campfire_upgraded":0,"win_rate":0.0,"timestamp":1611683351,"path_taken":["M","M","M","?","M","E","R","E","T","M","R","M","?","M","R","BOSS","M"],"items_purchased_type":[],"build_version":"2020-12-22","purchased_purges":0,"victory":false,"max_hp_per_floor":[80,80,80,80,80,80,80,80,80,80,80,80,80,80,80,80,80,80,80],"card_choices":[{"not_picked":["Perfected Strike","Havoc"],"picked":"ReplayTheSpireMod:Muscle Training","floor":1},{"not_picked":["Sword Boomerang","Havoc"],"picked":"Headbutt","floor":2},{"not_picked":["Bludgeon","Heavy Blade"],"picked":"Disarm","floor":3},{"not_picked":["Flex","Perfected Strike","Cleave"],"picked":"SKIP","floor":5},{"not_picked":["Iron Wave","Replay:Undeath\u0027s Touch"],"picked":"Metallicize","floor":6},{"not_picked":["ReplayTheSpireMod:LeadingStrike","Seeing Red"],"picked":"Disarm","floor":8},{"not_picked":["Perfected Strike","Sever Soul"],"picked":"Spot Weakness","floor":10},{"not_picked":["Clothesline","Disarm"],"picked":"Anger","floor":12},{"not_picked":["Cleave","Armaments"],"picked":"Hemogenesis","floor":14},{"not_picked":["Eclipse","Replay:Many Hands"],"picked":"Corruption","floor":16}],"player_experience":202001,"relics_obtained":[{"floor":6,"key":"reliquary:BoilingFlask"},{"floor":8,"key":"ReplayTheSpireMod:Ninjato"}],"event_choices":[{"cards_removed":["Strike_R"],"damage_healed":0,"gold_gain":0,"player_choice":"Card Removal","damage_taken":7,"max_hp_gain":0,"max_hp_loss":0,"event_name":"Golden Wing","floor":4,"gold_loss":0}],"is_beta":false,"boss_relics":[{"not_picked":["Busted Crown","Velvet Choker"],"picked":"Runesmith:UraniumAnvil"}],"items_purged_floors":[],"is_endless":false,"potions_floor_spawned":[2,6,12,14,16],"killed_by":"Chosen","ascension_level":4}}