{"host":"iphsb0ccnjx0pfn6","time":1611665956,"event":{"mods":["2.2 Compatiblity","AchievementEnabler","BaseMod","Colored Map","DeckTracker","Keyboard Shortcuts","Minty Spire (QoL Compilation)","Permanent Neow","Quick Restart","Relic Stats","StSLib","SuperFastMode","Uncapped","everything is the same but u backflip on backflip"],"gold_per_floor":[157,191,191,225,256,256,312,377,403,403,464,524,270,364,364,437,437,451,491,502,539,108,133,133],"floor_reached":23,"language":"KOR","playtime":1149,"items_purged":["Strike_G","Strike_G"],"score":414,"play_id":"bb5a18c8-f889-42d3-bd25-1450cb309cb5","local_time":"20210126215916","is_ascension_mode":true,"campfire_choices":[{"data":"HandOfGreed","floor":6.0,"key":"SMITH"},{"floor":10.0,"key":"REST"},{"data":"Noxious Fumes","floor":15.0,"key":"SMITH"}],"circlet_count":0,"master_deck":["AscendersBane","Strike_G","Strike_G","Strike_G","Defend_G","Defend_G","Defend_G","Defend_G","Defend_G","Survivor","Neutralize","HandOfGreed+1","Blade Dance","Escape Plan","Well Laid Plans","Acrobatics","Reflex","Noxious Fumes+1","Adrenaline","Corpse Explosion","Acrobatics+1","Footwork","Bullet Time"],"relics":["Ring of the Snake","FaceOfCleric","StoneCalendar","Oddly Smooth Stone","Lantern","Philosopher\u0027s Stone","Bag of Marbles"],"acts_visited":["Exordium","TheCity"],"potions_floor_usage":[23],"damage_taken":[{"damage":3.0,"enemies":"Small Slimes","floor":1.0,"turns":6.0},{"damage":0.0,"enemies":"Cultist","floor":2.0,"turns":3.0},{"damage":0.0,"enemies":"Jaw Worm","floor":4.0,"turns":4.0},{"damage":1.0,"enemies":"Looter","floor":5.0,"turns":4.0},{"damage":32.0,"enemies":"Lagavulin","floor":7.0,"turns":9.0},{"damage":4.0,"enemies":"2 Fungi Beasts","floor":8.0,"turns":3.0},{"damage":0.0,"enemies":"Large Slime","floor":11.0,"turns":6.0},{"damage":19.0,"enemies":"3 Sentries","floor":12.0,"turns":7.0},{"damage":2.0,"enemies":"Gremlin Gang","floor":14.0,"turns":6.0},{"damage":6.0,"enemies":"The Guardian","floor":16.0,"turns":12.0},{"damage":17.0,"enemies":"Spheric Guardian","floor":18.0,"turns":5.0},{"damage":3.0,"enemies":"Chosen","floor":19.0,"turns":6.0},{"damage":1.0,"enemies":"Snecko","floor":20.0,"turns":5.0},{"damage":28,"enemies":"Sentry and Sphere","floor":21,"turns":6},{"damage":13,"enemies":"Slavers","floor":23,"turns":4}],"seed_played":"2923683955360480303","potions_obtained":[{"floor":5.0,"key":"CultistPotion"},{"floor":7.0,"key":"Dexterity Potion"},{"floor":12.0,"key":"Ancient Potion"},{"floor":14.0,"key":"Ancient Potion"},{"floor":20.0,"key":"SneckoOil"}],"is_trial":false,"path_per_floor":["M","M","?","M","M","R","E","M","T","R","M","E","$","M","R","B",null,"M","M","M","M","$","E"],"character_chosen":"THE_SILENT","items_purchased":["Adrenaline","Bag of Marbles","Bullet Time"],"campfire_rested":1,"item_purchase_floors":[13,22,22],"current_hp_per_floor":[56,56,56,57,57,57,26,23,23,42,43,25,25,24,24,19,56,40,38,38,11,11,0,0],"gold":133,"neow_bonus":"RANDOM_COLORLESS_2","is_daily":false,"chose_seed":false,"campfire_upgraded":2,"win_rate":0.0,"timestamp":1611665956,"path_taken":["M","M","?","M","M","R","E","M","T","R","?","E","$","M","R","BOSS","M","?","M","M","$","E"],"items_purchased_type":["Card","Relic","Card"],"build_version":"2020-12-22","purchased_purges":2,"victory":false,"max_hp_per_floor":[60,60,60,61,62,62,63,64,64,64,65,66,66,67,67,68,68,69,70,71,72,72,72,72],"relic_stats":{"FaceOfCleric":12,"counters":[15,86],"StoneCalendar":[74],"obtain_stats":[{"Lantern":12,"FaceOfCleric":3,"Oddly Smooth Stone":9,"StoneCalendar":7,"Philosopher\u0027s Stone":17,"Bag of Marbles":22,"Ring of the Snake":0},{"Lantern":8,"FaceOfCleric":2,"Oddly Smooth Stone":6,"StoneCalendar":5,"Philosopher\u0027s Stone":10,"Bag of Marbles":14,"Ring of the Snake":0},{"Lantern":42,"FaceOfCleric":9,"Oddly Smooth Stone":29,"StoneCalendar":26,"Philosopher\u0027s Stone":60,"Bag of Marbles":82,"Ring of the Snake":0}],"Ring of the Snake":[30]},"card_choices":[{"not_picked":["Chrysalis","Sadistic Nature"],"picked":"HandOfGreed","floor":0.0},{"not_picked":["Bane","Reflex"],"picked":"Blade Dance","floor":1.0},{"not_picked":["Deflect","Slice"],"picked":"Escape Plan","floor":2.0},{"not_picked":["Outmaneuver","Predator"],"picked":"Well Laid Plans","floor":4.0},{"not_picked":["Deflect","Heel Hook"],"picked":"Acrobatics","floor":5.0},{"not_picked":["Endless Agony","Storm of Steel"],"picked":"Reflex","floor":7.0},{"not_picked":["Dodge and Roll","Dagger Spray","Caltrops"],"picked":"SKIP","floor":8.0},{"not_picked":["Caltrops","Bane","Acrobatics"],"picked":"SKIP","floor":11.0},{"not_picked":["Distraction","Eviscerate"],"picked":"Noxious Fumes","floor":12.0},{"not_picked":["Quick Slash","Deflect","Slice"],"picked":"SKIP","floor":14.0},{"not_picked":["Die Die Die","Phantasmal Killer"],"picked":"Corpse Explosion","floor":16.0},{"not_picked":["Prepared","Escape Plan"],"picked":"Acrobatics+1","floor":18.0},{"not_picked":["Deadly Poison","Blade Dance","Distraction"],"picked":"SKIP","floor":19.0},{"not_picked":["Poisoned Stab","Acrobatics","Blade Dance"],"picked":"SKIP","floor":20.0},{"not_picked":["Outmaneuver","Cloak And Dagger"],"picked":"Footwork","floor":21}],"player_experience":1282504,"relics_obtained":[{"floor":7.0,"key":"StoneCalendar"},{"floor":9.0,"key":"Oddly Smooth Stone"},{"floor":12.0,"key":"Lantern"}],"event_choices":[{"damage_healed":0.0,"max_hp_gain":0.0,"max_hp_loss":0.0,"gold_gain":0.0,"event_name":"FaceTrader","player_choice":"Trade","floor":3.0,"gold_loss":0.0,"damage_taken":0.0,"relics_obtained":["FaceOfCleric"]}],"is_beta":false,"boss_relics":[{"not_picked":["Tiny House","Black Star"],"picked":"Philosopher\u0027s Stone"}],"items_purged_floors":[13,22],"is_endless":false,"potions_floor_spawned":[5,7,8,12,14,16,20],"killed_by":"Slavers","ascension_level":20}}