{"host":"2eswhqk6sgfpt1j1","time":1611655680,"event":{"mods":["Act Like it!","BaseMod","Colored Powertips","Downfall","Duelist Mod","Hallownest","Hunter ¡‘»À","Minty Spire (QoL Compilation)","Replay The Spire","StSLib","The Bug Knight","The Cursed","The Servant 0.9.4"],"gold_per_floor":[111,111,111,129,129,129,37,37,37,68,84,115,115,40,40,40,40],"floor_reached":16,"language":"ZHS","playtime":782,"items_purged":["HollowMod:FocusHealStart"],"score":96,"play_id":"a2812657-a427-4251-b827-c3b31c8f78e2","local_time":"20210126180800","is_ascension_mode":false,"campfire_choices":[{"data":"HollowMod:SoulEater","floor":6,"key":"SMITH"},{"data":"HollowMod:CycloneSlash","floor":8,"key":"SMITH"},{"floor":15,"key":"DIG"}],"circlet_count":0,"master_deck":["HollowMod:NailStrikeStart","HollowMod:NailStrikeStart","HollowMod:NailStrikeStart","HollowMod:NailStrikeStart","HollowMod:QuickDashStart","HollowMod:QuickDashStart","HollowMod:QuickDashStart","HollowMod:PogoStrike","HollowMod:CornifersMapStart+1","HollowMod:SoulEater+1","HollowMod:CycloneSlash+1","HollowMod:SoulShaman","HollowMod:PureVessel","HollowMod:GreatSlash"],"relics":["HollowMod:VesselMask","Hallownest:DreamNailRelic","Pear","Potion Belt","HollowMod:MantisClawRelic"],"acts_visited":["Hallownest:Greenpath"],"potions_floor_usage":[16,16,16],"damage_taken":[{"damage":0,"enemies":"Hallownest:2_Baldur","floor":1,"turns":4},{"damage":4,"enemies":"Hallownest:monsterHuskWarrior","floor":4,"turns":3},{"damage":9,"enemies":"Hallownest:eliteVengeflyKing","floor":10,"turns":7},{"damage":15,"enemies":"2_ Uuma","floor":11,"turns":5},{"damage":132,"enemies":"Hallownest:BossHornet","floor":16,"turns":8}],"seed_played":"-6481846583548409441","potions_obtained":[{"floor":12,"key":"LifebloodPotion"},{"floor":12,"key":"Languid Potion"},{"floor":12,"key":"SteroidPotion"}],"is_trial":false,"path_per_floor":["M","?","?","M","$","R","$","R","T","E","M","?","?","$","R","B"],"character_chosen":"THE_BUGKNIGHT","items_purchased":["HollowMod:CycloneSlash","HollowMod:SoulShaman"],"campfire_rested":0,"item_purchase_floors":[7,7],"current_hp_per_floor":[75,75,75,71,71,71,71,71,81,78,69,69,69,69,69,0,0],"gold":40,"neow_bonus":"REMOVE_CARD","is_daily":false,"chose_seed":false,"campfire_upgraded":2,"win_rate":0.0,"timestamp":1611655680,"path_taken":["M","?","?","M","$","R","$","R","T","E","?","?","?","?","R","BOSS"],"items_purchased_type":["Card","Card"],"build_version":"2020-12-22","purchased_purges":1,"victory":false,"max_hp_per_floor":[75,75,75,75,75,75,75,75,85,85,85,85,85,85,85,85,85],"card_choices":[{"not_picked":["HollowMod:HeavyBlow","HollowMod:DashSlash"],"picked":"HollowMod:CornifersMapStart","floor":1},{"not_picked":["HollowMod:GrimmsGift","HollowMod:TaintedHusks"],"picked":"HollowMod:SoulEater","floor":4},{"not_picked":["HollowMod:NewJinnsSoul","HollowMod:MawleksShell","HollowMod:GoodIntentions"],"picked":"SKIP","floor":10},{"not_picked":["HollowMod:DashSlash","HollowMod:CycloneSlash"],"picked":"HollowMod:PureVessel","floor":11},{"not_picked":["HollowMod:SoulSplash","HollowMod:HowlingWraiths"],"picked":"HollowMod:GreatSlash","floor":12}],"player_experience":445396,"relics_obtained":[{"floor":9,"key":"Pear"},{"floor":10,"key":"Potion Belt"},{"floor":15,"key":"HollowMod:MantisClawRelic"}],"event_choices":[],"is_beta":false,"boss_relics":[],"items_purged_floors":[14],"is_endless":false,"potions_floor_spawned":[],"killed_by":"Hallownest:BossHornet","ascension_level":0}}