{"host":"vwviekxskx48sep6","time":1611647148,"event":{"mods":["2.2 Compatiblity","Aspiration","BaseMod","Beaked The Cultist","Colored Map","Colorless Booster Pack","Conspire","Defuse TimeMaze Blight","GungeonMod","Halation","Hermit","Hubris","Infinite Spire","Jorbs\u0027s Wanderer Trilogy","Mimic Mod","Minty Spire (QoL Compilation)","Potionbrewer","Replay The Spire","Robot Space Explorer","Spikes Relics","StSLib","The Dragon Tamer","The Judge","The Jungle","The Mystic","The Runesmith","Unknown Chances"],"gold_per_floor":[115,132,132,132,146,146,146],"floor_reached":6,"language":"ENG","playtime":178,"items_purged":[],"score":38,"play_id":"fed312a2-24de-4584-bfd9-5fe22d94765f","local_time":"20210126084548","is_ascension_mode":true,"campfire_choices":[],"circlet_count":0,"master_deck":["Strike_P","Strike_P","Strike_P","Defend_P","Defend_P","Defend_P","Defend_P","Eruption","Vigilance","Replay:AtTheReady","ConjureBlade"],"relics":["WordoMod:Effigy","aspiration:Nostalgia","DemoMod:Dog","infinitespire:Cubic Diamond"],"acts_visited":["Exordium"],"potions_floor_usage":[6,6],"damage_taken":[{"damage":0,"enemies":"2 Louse","floor":1,"turns":2},{"damage":18,"enemies":"Cultist","floor":2,"turns":5},{"damage":4,"enemies":"conspire:RoseBush","floor":5,"turns":4},{"damage":53,"enemies":"Lagavulin","floor":6,"turns":5}],"seed_played":"7977544313040731971","potions_obtained":[{"floor":1,"key":"Dexterity Potion"},{"floor":5,"key":"Dexterity Potion"}],"is_trial":false,"path_per_floor":["M","M","?","?","M","E"],"character_chosen":"WATCHER","items_purchased":[],"campfire_rested":0,"item_purchase_floors":[],"current_hp_per_floor":[72,54,54,54,50,0,0],"gold":146,"neow_bonus":"NOSTALGIA","is_daily":false,"chose_seed":false,"campfire_upgraded":0,"win_rate":0.0,"timestamp":1611647148,"path_taken":["M","M","?","?","?","E"],"items_purchased_type":[],"build_version":"2020-12-22","purchased_purges":0,"victory":false,"max_hp_per_floor":[72,72,72,72,72,72,72],"card_choices":[{"not_picked":["JustLucky","FlyingSleeves"],"picked":"Replay:AtTheReady","floor":1},{"not_picked":["Prostrate","CutThroughFate","FlurryOfBlows"],"picked":"SKIP","floor":2},{"not_picked":["Tantrum","WheelKick"],"picked":"ConjureBlade","floor":5}],"player_experience":164335,"relics_obtained":[],"event_choices":[{"cards_removed":["Strike_P"],"damage_healed":0,"gold_gain":0,"player_choice":"Purged","damage_taken":0,"max_hp_gain":0,"max_hp_loss":0,"event_name":"Purifier","floor":4,"gold_loss":0}],"is_beta":false,"boss_relics":[],"items_purged_floors":[],"is_endless":false,"potions_floor_spawned":[1,5],"killed_by":"Lagavulin","ascension_level":1}}