{"host":"mg3e76uznu9x14du","time":1611693807,"event":{"mods":["BaseMod","Colored Map","Downfall","Minty Spire (QoL Compilation)","Permanent Neow","Relic Stats","StSLib","Waifu the Spire","everything is the same but u backflip on backflip"],"gold_per_floor":[99,116,136,146,146,176,230,244,254,254,154,182,194,237,269,386,448,360,387,161,261,322,222,245,295,314,333,333,346,346,362,379,379,379,379],"floor_reached":33,"language":"ENG","playtime":2489,"items_purged":["champ:Strike"],"score":350,"play_id":"b09226fb-9670-479d-9ea2-c5f524e902e8","local_time":"20210126154327","is_ascension_mode":true,"campfire_choices":[{"data":"champ:Taunt","floor":1,"key":"SMITH"},{"data":"champ:StanceDance","floor":11,"key":"SMITH"},{"floor":13,"key":"REST"},{"floor":18,"key":"RECALL"},{"data":"champ:GladiatorForm","floor":23,"key":"SMITH"},{"data":"champ:ShieldWall","floor":28,"key":"SMITH"},{"floor":30,"key":"REST"}],"circlet_count":0,"master_deck":["champ:Strike+1","champ:Strike","champ:Strike","champ:Defend","champ:Defend","champ:Defend","champ:Defend","champ:Execute+1","champ:Taunt+1","champ:FlashCut","champ:FlashCut","champ:ShieldSigil","champ:GladiatorForm+1","champ:Parry","champ:StrikeOfGenius","champ:IronFortress","champ:StanceDance+1","champ:SkillfulDodge","champ:EnGarde+1","champ:FlashCut","champ:HoldFirm","champ:FocusedDefense","champ:DefensiveShout+1","champ:Improvising","champ:Parry+1","champ:CalledShot+1","RitualDagger","champ:SetATrap+1","champ:ShieldWall+1","champ:ShieldSigil"],"relics":["champ:ChampionCrown","hexamod:BolsterEngine","Bag of Marbles","Bronze Scales","downfall:HeartBlessingBlue","MawBank","Peace Pipe","Tiny House","downfall:HeartBlessingGreen","champ:Barbells","downfall:CloakOfManyFaces","CultistMask","FaceOfCleric","NlothsMask","GremlinMask","SsserpentHead","downfall:HeartBlessingRed"],"acts_visited":["Exordium","TheCity"],"potions_floor_usage":[8,16,16,20,26,26,33],"damage_taken":[{"damage":1,"enemies":"2 Louse","floor":2,"turns":2},{"damage":10,"enemies":"Cultist","floor":3,"turns":3},{"damage":11,"enemies":"Jaw Worm","floor":4,"turns":4},{"damage":33,"enemies":"Gremlin Nob","floor":6,"turns":5},{"damage":6,"enemies":"Exordium Thugs","floor":8,"turns":3},{"damage":19,"enemies":"3 Louse","floor":9,"turns":3},{"damage":33,"enemies":"3 Sentries","floor":12,"turns":6},{"damage":19,"enemies":"Lagavulin","floor":14,"turns":6},{"damage":0,"enemies":"2 Fungi Beasts","floor":15,"turns":2},{"damage":46,"enemies":"DF_ARCHETYPE_STREAMLINE","floor":16,"turns":12},{"damage":14,"enemies":"Shell Parasite","floor":19,"turns":5},{"damage":34,"enemies":"downfall:FleeingMerchant","floor":20,"turns":4},{"damage":12,"enemies":"downfall:FaceTrader","floor":21,"turns":7},{"damage":0,"enemies":"3 Byrds","floor":22,"turns":2},{"damage":11,"enemies":"Shelled Parasite and Fungi","floor":26,"turns":5},{"damage":32,"enemies":"3 Cultists","floor":27,"turns":7},{"damage":0,"enemies":"Cultist and Chosen","floor":29,"turns":6},{"damage":3,"enemies":"Snake Plant","floor":31,"turns":2},{"damage":32,"enemies":"Centurion and Healer","floor":32,"turns":7},{"damage":70,"enemies":"IC_MUSHROOM_ARCHETYPE","floor":33,"turns":9}],"seed_played":"4690863475438541423","potions_obtained":[{"floor":4,"key":"FearPotion"},{"floor":6,"key":"Fire Potion"},{"floor":14,"key":"Weak Potion"},{"floor":15,"key":"ColorlessPotion"},{"floor":17,"key":"Regen Potion"},{"floor":19,"key":"Slimebound:ThreeZeroPotion"},{"floor":21,"key":"Regen Potion"},{"floor":32,"key":"SkillPotion"}],"is_trial":false,"path_per_floor":["R","M","M","M","?","E","T","M","M","T","R","E","R","E","M","B",null,"R","M","$","?","M","R","T","?","M","M","R","M","R","M","M","B"],"character_chosen":"THE_CHAMP","items_purchased":["champ:Barbells"],"campfire_rested":2,"item_purchase_floors":[20],"current_hp_per_floor":[90,89,89,88,88,55,55,49,40,40,50,27,57,48,48,17,105,105,91,87,75,76,76,76,70,79,58,58,59,91,89,68,0,0,0],"gold":379,"neow_bonus":"RANDOM_COMMON_RELIC","is_daily":false,"chose_seed":false,"campfire_upgraded":4,"win_rate":0.0,"timestamp":1611693807,"path_taken":["R","M","M","M","?","E","T","?","M","?","R","E","R","E","M","BOSS","R","M","$","?","?","R","T","?","M","M","R","M","R","M","M","BOSS"],"items_purchased_type":["Relic"],"build_version":"2020-12-22","purchased_purges":1,"victory":false,"max_hp_per_floor":[90,90,90,90,90,90,90,90,90,90,100,100,100,100,100,100,105,105,105,105,105,106,106,106,106,107,108,108,109,109,110,111,111,111,111],"relic_stats":{"Peace Pipe":0,"SsserpentHead":100,"FaceOfCleric":6,"counters":[20,100],"Bronze Scales":[252],"MawBank":96,"obtain_stats":[{"champ:Barbells":20,"Tiny House":17,"downfall:HeartBlessingRed":23,"champ:ChampionCrown":0,"downfall:HeartBlessingGreen":18,"GremlinMask":21,"MawBank":12,"Peace Pipe":14,"SsserpentHead":21,"FaceOfCleric":21,"downfall:HeartBlessingBlue":11,"Bronze Scales":7,"CultistMask":21,"Bag of Marbles":6,"downfall:CloakOfManyFaces":21,"hexamod:BolsterEngine":0,"NlothsMask":21},{"champ:Barbells":12,"Tiny House":10,"downfall:HeartBlessingRed":14,"champ:ChampionCrown":0,"downfall:HeartBlessingGreen":10,"GremlinMask":13,"MawBank":7,"Peace Pipe":8,"SsserpentHead":13,"FaceOfCleric":13,"downfall:HeartBlessingBlue":6,"Bronze Scales":4,"CultistMask":13,"Bag of Marbles":4,"downfall:CloakOfManyFaces":13,"hexamod:BolsterEngine":0,"NlothsMask":13},{"champ:Barbells":55,"Tiny House":46,"downfall:HeartBlessingRed":64,"champ:ChampionCrown":0,"downfall:HeartBlessingGreen":46,"GremlinMask":62,"MawBank":26,"Peace Pipe":32,"SsserpentHead":62,"FaceOfCleric":62,"downfall:HeartBlessingBlue":20,"Bronze Scales":14,"CultistMask":62,"Bag of Marbles":14,"downfall:CloakOfManyFaces":62,"hexamod:BolsterEngine":0,"NlothsMask":62}]},"card_choices":[{"not_picked":["champ:Shatter","champ:Duel"],"picked":"champ:FlashCut","floor":2},{"not_picked":["champ:BladeFlurry","champ:Backstep"],"picked":"champ:FlashCut","floor":3},{"not_picked":["champ:Endure","champ:PerfectedStrike"],"picked":"champ:ShieldSigil","floor":4},{"not_picked":["champ:GladiatorStyle","champ:Backstep"],"picked":"champ:StrikeOfGenius","floor":6},{"not_picked":["champ:GutPunch","champ:AdrenalArmor"],"picked":"champ:IronFortress","floor":8},{"not_picked":["champ:CrownThrow","champ:FocusedBerserking"],"picked":"champ:StanceDance","floor":9},{"not_picked":["champ:FocusedBerserking","champ:TornadoPunch"],"picked":"champ:SkillfulDodge","floor":12},{"not_picked":["champ:Haymaker","champ:EndlessRage"],"picked":"champ:EnGarde","floor":14},{"not_picked":["champ:Haymaker","champ:Encircle"],"picked":"champ:FlashCut","floor":15},{"not_picked":["champ:HeavySlash","champ:EnchantSword"],"picked":"champ:HoldFirm","floor":16},{"not_picked":["champ:PreciseThrust","champ:Shatter"],"picked":"champ:FocusedDefense","floor":17},{"not_picked":["champ:StanceDance","champ:EnGarde"],"picked":"champ:DefensiveShout","floor":19},{"not_picked":["champ:RapidStrikes+1","champ:GutPunch"],"picked":"champ:Improvising","floor":20},{"not_picked":["champ:Encircle","champ:DefensiveShout"],"picked":"champ:Parry+1","floor":21},{"not_picked":["champ:EnGarde+1","champ:SkillfulDodge+1"],"picked":"champ:CalledShot+1","floor":22},{"not_picked":["champ:AdrenalArmor","champ:FocusedDefense"],"picked":"champ:SetATrap+1","floor":26},{"not_picked":["champ:AdrenalArmor","champ:Haymaker+1"],"picked":"champ:ShieldWall","floor":27},{"not_picked":["champ:Endure","champ:FocusedBerserking"],"picked":"champ:ShieldSigil","floor":29},{"not_picked":["champ:ShieldSigil","champ:BerserkersShout+1","champ:Haymaker"],"picked":"SKIP","floor":31},{"not_picked":["champ:Shatter+1","champ:Backstep+1","champ:ShieldSigil"],"picked":"SKIP","floor":32}],"player_experience":498281,"relics_obtained":[{"floor":6,"key":"Bag of Marbles"},{"floor":7,"key":"Bronze Scales"},{"floor":12,"key":"MawBank"},{"floor":14,"key":"Peace Pipe"},{"floor":21,"key":"downfall:CloakOfManyFaces"}],"event_choices":[],"is_beta":false,"boss_relics":[{"not_picked":["Velvet Choker","Coffee Dripper"],"picked":"Tiny House"}],"items_purged_floors":[20],"is_endless":false,"potions_floor_spawned":[4,6,14,15,19,21,32],"killed_by":"IC_MUSHROOM_ARCHETYPE","ascension_level":4}}