{"host":"gg","time":1611637078,"event":{"mods":["BaseMod","Colored Map","Googly Eyes","Minty Spire (QoL Compilation)","Permanent Neow","Relic Stats","The IronCluck"],"gold_per_floor":[116,116,2,2,16,47,47,63,63,63,93,105,105,124,124,124,124],"floor_reached":16,"language":"ENG","playtime":559,"items_purged":["Normality"],"score":220,"play_id":"4186c955-2d92-400b-8d83-8ca7067754a5","local_time":"20210125205758","is_ascension_mode":true,"campfire_choices":[{"floor":7,"key":"REST"},{"data":"Sunder","floor":13,"key":"SMITH"},{"data":"Defragment","floor":15,"key":"SMITH"}],"circlet_count":0,"master_deck":["AscendersBane","Strike_B","Strike_B","Strike_B","Defend_B","Defend_B","Defend_B","Defend_B","Zap","Dualcast","Core Surge","Defragment+1","Steam Power","Sunder+1","Doom and Gloom","Ball Lightning","BootSequence","Coolheaded","Loop","White Noise"],"relics":["Cracked Core","Omamori","Happy Flower","Bottled Tornado","Ginger"],"acts_visited":["Exordium"],"potions_floor_usage":[11,11,16],"damage_taken":[{"damage":7,"enemies":"2 Louse","floor":1,"turns":2},{"damage":0,"enemies":"Cultist","floor":5,"turns":2},{"damage":40,"enemies":"Gremlin Nob","floor":6,"turns":5},{"damage":0,"enemies":"Small Slimes","floor":8,"turns":2},{"damage":15,"enemies":"Lagavulin","floor":11,"turns":5},{"damage":0,"enemies":"Exordium Wildlife","floor":12,"turns":2},{"damage":1,"enemies":"Looter","floor":14,"turns":2},{"damage":22,"enemies":"Hexaghost","floor":16,"turns":7}],"seed_played":"-2334130763312912243","potions_obtained":[{"floor":6,"key":"LiquidMemories"},{"floor":8,"key":"Weak Potion"},{"floor":14,"key":"EssenceOfDarkness"}],"is_trial":false,"path_per_floor":["M","?","$","T","M","E","R","M","T","?","E","M","R","M","R","B"],"character_chosen":"DEFECT","items_purchased":["Sunder"],"campfire_rested":1,"item_purchase_floors":[3],"current_hp_per_floor":[57,57,57,57,57,17,38,38,38,38,23,23,23,22,22,0,0],"gold":124,"neow_bonus":"THREE_RARE_CARDS","is_daily":false,"chose_seed":false,"campfire_upgraded":2,"win_rate":0.0,"timestamp":1611637078,"path_taken":["M","?","$","?","M","E","R","M","T","?","E","?","R","M","R","BOSS"],"items_purchased_type":["Card"],"build_version":"2020-12-18","purchased_purges":1,"victory":false,"max_hp_per_floor":[71,71,71,71,71,71,71,71,71,71,71,71,71,71,71,71,71],"relic_stats":{"Happy Flower":[6],"counters":[8,27],"Ginger":[0],"obtain_stats":[{"Happy Flower":6,"Omamori":4,"Ginger":11,"Bottled Tornado":9,"Cracked Core":0},{"Happy Flower":3,"Omamori":1,"Ginger":5,"Bottled Tornado":4,"Cracked Core":0},{"Happy Flower":9,"Omamori":2,"Ginger":16,"Bottled Tornado":11,"Cracked Core":0}]},"card_choices":[{"not_picked":["Seek","Thunder Strike"],"picked":"Core Surge","floor":0},{"not_picked":["Turbo","Loop"],"picked":"Defragment","floor":1},{"not_picked":["Beam Cell","Conserve Battery"],"picked":"Doom and Gloom","floor":5},{"not_picked":["Undo","Streamline"],"picked":"Ball Lightning","floor":6},{"not_picked":["Blizzard","Steam"],"picked":"BootSequence","floor":8},{"not_picked":["Conserve Battery","Static Discharge"],"picked":"Coolheaded","floor":11},{"not_picked":["Streamline","Fusion"],"picked":"Loop","floor":12},{"not_picked":["Turbo","Fusion"],"picked":"White Noise","floor":14}],"player_experience":1283384,"relics_obtained":[{"floor":4,"key":"Omamori"},{"floor":6,"key":"Happy Flower"},{"floor":9,"key":"Bottled Tornado"},{"floor":11,"key":"Ginger"}],"event_choices":[{"damage_healed":0,"gold_gain":0,"player_choice":"1 cards matched","damage_taken":0,"max_hp_gain":0,"max_hp_loss":0,"event_name":"Match and Keep!","floor":2,"gold_loss":0,"cards_obtained":["Steam Power"]},{"cards_removed":["Strike_B"],"damage_healed":0,"gold_gain":0,"player_choice":"Offered Basic","damage_taken":0,"max_hp_gain":0,"max_hp_loss":0,"event_name":"Bonfire Elementals","floor":10,"gold_loss":0}],"is_beta":true,"boss_relics":[],"items_purged_floors":[3],"is_endless":false,"potions_floor_spawned":[6,8,14],"killed_by":"Hexaghost","ascension_level":20}}