{"host":"igj4vwc42ivwqexo","time":1611690542,"event":{"mods":["BaseMod","Better Third Choice","Koishi","Marisa????????","Minty Spire (QoL Compilation)","Shop Mod","StSLib","The Blue Laboratory","The Disciple","The Hierophant","The Servant 0.9.4"],"gold_per_floor":[134,134,134,170,200,200,250,250,250,264,233,233,408,450,450,450,450],"floor_reached":16,"language":"ENG","playtime":1074,"items_purged":[],"score":135,"play_id":"f27ee7ba-e9aa-4b98-80e3-35d0abac4099","local_time":"20210126204902","is_ascension_mode":true,"campfire_choices":[{"data":"HandOfGreed","floor":6,"key":"SMITH"},{"data":"Hyperbeam","floor":8,"key":"SMITH"},{"floor":12,"key":"REST"},{"data":"Zap","floor":15,"key":"SMITH"}],"circlet_count":0,"master_deck":["Strike_B+1","Strike_B","Strike_B","Strike_B+1","Defend_B","Defend_B","Defend_B","Defend_B","Zap+1","Dualcast","HandOfGreed+1","Ball Lightning","Static Discharge","Force Field","Hyperbeam+1","Reinforced Body","Doubt","Steam Power"],"relics":["Cracked Core","DataDisk","Kunai"],"acts_visited":["Exordium"],"potions_floor_usage":[7,7,7,16,16],"damage_taken":[{"damage":5,"enemies":"Small Slimes","floor":1,"turns":2},{"damage":0,"enemies":"Cultist","floor":4,"turns":2},{"damage":2,"enemies":"Jaw Worm","floor":5,"turns":3},{"damage":15,"enemies":"3 Sentries","floor":7,"turns":5},{"damage":8,"enemies":"Large Slime","floor":10,"turns":3},{"damage":0,"enemies":"Exordium Wildlife","floor":14,"turns":3},{"damage":27,"enemies":"The Guardian","floor":16,"turns":9}],"seed_played":"-7513976730741001264","potions_obtained":[{"floor":3,"key":"EntropicBrew"},{"floor":3,"key":"blueLaboratory:SavagePotion"},{"floor":3,"key":"Fire Potion"},{"floor":10,"key":"BlessingOfTheForge"}],"is_trial":false,"path_per_floor":["M","?","?","M","M","R","E","R","T","M","?","R","?","M","R","B"],"character_chosen":"DEFECT","items_purchased":[],"campfire_rested":1,"item_purchase_floors":[],"current_hp_per_floor":[45,30,30,30,28,28,13,13,13,5,5,27,27,27,27,0,0],"gold":450,"neow_bonus":"RANDOM_COLORLESS_2","is_daily":false,"chose_seed":false,"campfire_upgraded":3,"win_rate":0.0,"timestamp":1611690542,"path_taken":["M","?","?","M","?","R","E","R","T","M","?","R","?","M","R","BOSS"],"items_purchased_type":[],"build_version":"2020-12-22","purchased_purges":0,"victory":false,"max_hp_per_floor":[75,75,75,75,75,75,75,75,75,75,75,75,75,75,75,75,75],"card_choices":[{"not_picked":["Chrysalis","Thinking Ahead"],"picked":"HandOfGreed","floor":0},{"not_picked":["Sweeping Beam","Hologram"],"picked":"Ball Lightning","floor":1},{"not_picked":["Loop","Rebound"],"picked":"Static Discharge","floor":4},{"not_picked":["Rebound","Coolheaded"],"picked":"Force Field","floor":5},{"not_picked":["Rebound","Beam Cell"],"picked":"Hyperbeam","floor":7},{"not_picked":["Beam Cell","Auto Shields"],"picked":"Reinforced Body","floor":10},{"not_picked":["Gash","Conserve Battery"],"picked":"Steam Power","floor":14}],"player_experience":359457,"relics_obtained":[{"floor":7,"key":"DataDisk"},{"floor":9,"key":"Kunai"}],"event_choices":[{"damage_healed":45,"gold_gain":0,"player_choice":"Upgrade","damage_taken":15,"max_hp_gain":0,"max_hp_loss":75,"event_name":"betterThird:BetterShining","floor":2,"gold_loss":0,"cards_upgraded":["Strike_B","Strike_B"]},{"damage_healed":0,"gold_gain":0,"player_choice":"Got Potions","damage_taken":0,"max_hp_gain":0,"max_hp_loss":0,"event_name":"Lab","floor":3,"gold_loss":0},{"damage_healed":0,"gold_gain":0,"player_choice":"Left","damage_taken":0,"max_hp_gain":0,"max_hp_loss":0,"event_name":"betterThird:BetterGoop","floor":11,"gold_loss":31},{"damage_healed":0,"gold_gain":175,"player_choice":"AGREE","damage_taken":233,"max_hp_gain":0,"max_hp_loss":0,"event_name":"betterThird:BetterSerpent","floor":13,"gold_loss":0}],"is_beta":false,"boss_relics":[],"items_purged_floors":[],"is_endless":false,"potions_floor_spawned":[5,10],"killed_by":"The Guardian","ascension_level":7}}