{"host":"qxeepl7ydvsgmfdb","time":1611673236,"event":{"mods":["AchievementEnabler","BaseMod","Colored Powertips","Minty Spire (QoL Compilation)","Quick Restart","slay the spire mod where everything is the same but ironclad has a cowboy hat"],"gold_per_floor":[115,115,115,139,44,84,102,48,48,67,67,110,123,144,144,272,272,292,260,45,45,59,59,59,59],"floor_reached":24,"language":"ENG","playtime":832,"items_purged":[],"score":361,"play_id":"05df41ca-2014-426b-ab31-efb5e733cd25","local_time":"20210126100036","is_ascension_mode":true,"campfire_choices":[{"floor":11.0,"key":"REST"},{"floor":15.0,"key":"REST"},{"floor":23,"key":"REST"}],"circlet_count":0,"master_deck":["AscendersBane","Strike_G","Strike_G+1","Strike_G","Strike_G","Strike_G+1","Defend_G","Defend_G","Defend_G","Defend_G","Defend_G","Survivor","Neutralize","Deadly Poison","Accuracy","Blade Dance","Cloak And Dagger","Backflip","Slice","Poisoned Stab","After Image","Footwork","Adrenaline","Poisoned Stab","Die Die Die","Blade Dance"],"relics":["Ring of the Snake","NeowsBlessing","Golden Idol","Turnip","Shovel","Blood Vial","HoveringKite","TwistedFunnel"],"acts_visited":["Exordium","TheCity"],"potions_floor_usage":[22],"damage_taken":[{"damage":0.0,"enemies":"Cultist","floor":1.0,"turns":1.0},{"damage":0.0,"enemies":"Jaw Worm","floor":4.0,"turns":1.0},{"damage":0.0,"enemies":"3 Sentries","floor":6.0,"turns":2.0},{"damage":0.0,"enemies":"Small Slimes","floor":7.0,"turns":2.0},{"damage":11.0,"enemies":"2 Fungi Beasts","floor":10.0,"turns":4.0},{"damage":21.0,"enemies":"Lagavulin","floor":12.0,"turns":4.0},{"damage":3.0,"enemies":"Red Slaver","floor":13.0,"turns":3.0},{"damage":12.0,"enemies":"Exordium Thugs","floor":14.0,"turns":3.0},{"damage":30.0,"enemies":"The Guardian","floor":16.0,"turns":16.0},{"damage":8.0,"enemies":"Spheric Guardian","floor":18.0,"turns":5.0},{"damage":23.0,"enemies":"2 Thieves","floor":19.0,"turns":5.0},{"damage":0,"enemies":"Chosen and Byrds","floor":22,"turns":4},{"damage":55,"enemies":"Slavers","floor":24,"turns":5}],"seed_played":"3332050920760325372","potions_obtained":[{"floor":6.0,"key":"CultistPotion"},{"floor":7.0,"key":"Ancient Potion"},{"floor":12.0,"key":"CunningPotion"},{"floor":18.0,"key":"SkillPotion"}],"is_trial":false,"path_per_floor":["M","?","?","M","$","E","M","$","T","M","R","E","M","M","R","B",null,"M","M","$","?","M","R","E"],"character_chosen":"THE_SILENT","items_purchased":["Blade Dance","Cloak And Dagger","Slice","TwistedFunnel","Die Die Die"],"campfire_rested":3,"item_purchase_floors":[5,5,8,20,20],"current_hp_per_floor":[63,46,32,32,32,32,32,32,32,21,42,21,20,10,31,3,53,47,26,26,26,28,49,0,0],"gold":59,"neow_bonus":"THREE_ENEMY_KILL","is_daily":false,"chose_seed":false,"campfire_upgraded":0,"win_rate":0.0,"timestamp":1611673236,"path_taken":["M","?","?","M","?","E","?","$","T","M","R","E","M","M","R","BOSS","M","M","$","?","M","R","E"],"items_purchased_type":["Card","Card","Card","Relic","Card"],"build_version":"2020-12-22","purchased_purges":0,"victory":false,"max_hp_per_floor":[70,70,70,70,70,70,70,70,70,70,70,70,70,70,70,70,70,70,70,70,70,70,70,70,70],"card_choices":[{"not_picked":["Well Laid Plans","Dodge and Roll"],"picked":"Deadly Poison","floor":1.0},{"not_picked":["Sucker Punch","Masterful Stab"],"picked":"Accuracy","floor":4.0},{"not_picked":["Prepared","Sucker Punch","Leg Sweep"],"picked":"SKIP","floor":6.0},{"not_picked":["Prepared","Dagger Throw"],"picked":"Backflip","floor":7.0},{"not_picked":["Backflip","Underhanded Strike","PiercingWail"],"picked":"SKIP","floor":10.0},{"not_picked":["Flying Knee","Escape Plan"],"picked":"Poisoned Stab","floor":12.0},{"not_picked":["Cloak And Dagger","Quick Slash"],"picked":"After Image","floor":13.0},{"not_picked":["Quick Slash","Masterful Stab"],"picked":"Footwork","floor":14.0},{"not_picked":["Doppelganger","Night Terror"],"picked":"Adrenaline","floor":16.0},{"not_picked":["Dash","Calculated Gamble+1","Heel Hook+1"],"picked":"SKIP","floor":18.0},{"not_picked":["Predator+1","Catalyst"],"picked":"Poisoned Stab","floor":19.0},{"not_picked":["Quick Slash","Dodge and Roll+1"],"picked":"Blade Dance","floor":22}],"player_experience":220696,"relics_obtained":[{"floor":6.0,"key":"Turnip"},{"floor":9.0,"key":"Shovel"},{"floor":12.0,"key":"Blood Vial"}],"event_choices":[{"damage_healed":0.0,"max_hp_gain":0.0,"max_hp_loss":0.0,"gold_gain":0.0,"event_name":"Golden Idol","player_choice":"Take Damage","floor":2.0,"gold_loss":0.0,"damage_taken":17.0,"relics_obtained":["Golden Idol"]},{"damage_healed":0.0,"max_hp_gain":0.0,"max_hp_loss":0.0,"gold_gain":0.0,"event_name":"Shining Light","player_choice":"Entered Light","floor":3.0,"gold_loss":0.0,"damage_taken":14.0,"cards_upgraded":["Strike_G","Strike_G"]},{"damage_healed":0.0,"max_hp_gain":0.0,"max_hp_loss":0.0,"gold_gain":0.0,"event_name":"Ghosts","player_choice":"Ignored","floor":21.0,"gold_loss":0.0,"damage_taken":0.0}],"is_beta":false,"boss_relics":[{"not_picked":["Pandora\u0027s Box","Runic Pyramid"],"picked":"HoveringKite"}],"items_purged_floors":[],"is_endless":false,"potions_floor_spawned":[6,7,12,18,19],"killed_by":"Slavers","ascension_level":11}}