{"host":"4w9vompg42n13q24","time":1611694198,"event":{"mods":["Aspiration","BaseMod","Better Third Choice","Colored Map","Colored Powertips","DeckTracker","Downfall","GifTheSpireLib","Glutton Mod","Hermit","Highlight Path","Hubris","Minty Spire (QoL Compilation)","Relic Stats","StSLib","Stuff the Spire","The Druid","The Necromancer","Trackpad"],"gold_per_floor":[112,123,123,123,123,123,123],"floor_reached":6,"language":"ENG","playtime":342,"items_purged":[],"score":43,"play_id":"41d1372a-796f-45bd-965d-6af0378f67e0","local_time":"20210126214958","is_ascension_mode":true,"campfire_choices":[],"circlet_count":0,"master_deck":["theDruid:Strike_O","theDruid:Strike_O","theDruid:Strike_O","theDruid:Strike_O","theDruid:Defend_O","theDruid:Defend_O","theDruid:Defend_O","theDruid:Defend_O","theDruid:BriarArmor","theDruid:WildSlash","theDruid:Infestation"],"relics":["theDruid:CrownOfTheWilds","aspiration:Nostalgia","hexamod:SpiritBrand","hubris:Towel","StuffTheSpire:Experiment12","Golden Idol"],"acts_visited":["Exordium"],"potions_floor_usage":[],"damage_taken":[{"damage":7,"enemies":"Small Slimes","floor":1,"turns":4},{"damage":5,"enemies":"2 Louse","floor":2,"turns":3},{"damage":54,"enemies":"Lagavulin","floor":6,"turns":6}],"seed_played":"1139504804575292177","potions_obtained":[{"floor":1,"key":"Strength Potion"}],"is_trial":false,"path_per_floor":["M","M","?","?","?","E"],"character_chosen":"DRUID","items_purchased":[],"campfire_rested":0,"item_purchase_floors":[],"current_hp_per_floor":[68,63,63,56,38,0,0],"gold":123,"neow_bonus":"NOSTALGIA","is_daily":false,"chose_seed":false,"campfire_upgraded":0,"win_rate":0.0,"timestamp":1611694198,"path_taken":["M","M","?","?","?","E"],"items_purchased_type":[],"build_version":"2020-12-22","purchased_purges":0,"victory":false,"max_hp_per_floor":[75,75,75,75,75,75,75],"relic_stats":{"counters":[3,13],"Golden Idol":0,"obtain_stats":[{"StuffTheSpire:Experiment12":4,"aspiration:Nostalgia":0,"Golden Idol":5,"hubris:Towel":3,"hexamod:SpiritBrand":0,"theDruid:CrownOfTheWilds":0},{"StuffTheSpire:Experiment12":2,"aspiration:Nostalgia":0,"Golden Idol":2,"hubris:Towel":2,"hexamod:SpiritBrand":0,"theDruid:CrownOfTheWilds":0},{"StuffTheSpire:Experiment12":7,"aspiration:Nostalgia":0,"Golden Idol":7,"hubris:Towel":7,"hexamod:SpiritBrand":0,"theDruid:CrownOfTheWilds":0}]},"card_choices":[{"not_picked":["theDruid:Eclipse","theDruid:BrambleLash"],"picked":"theDruid:Infestation","floor":1},{"not_picked":["theDruid:Guidance","theDruid:ExposingSlash","theDruid:Starburst"],"picked":"SKIP","floor":2}],"player_experience":652172,"relics_obtained":[],"event_choices":[{"damage_healed":0,"gold_gain":0,"player_choice":"Relic ","damage_taken":7,"max_hp_gain":0,"max_hp_loss":0,"event_name":"betterThird:BetterScrap","floor":4,"gold_loss":0,"cards_obtained":["Expertise"]},{"damage_healed":0,"gold_gain":0,"player_choice":"Take Damage","damage_taken":18,"relics_obtained":["Golden Idol"],"max_hp_gain":0,"max_hp_loss":0,"event_name":"Golden Idol","floor":5,"gold_loss":0}],"is_beta":false,"boss_relics":[],"items_purged_floors":[],"is_endless":false,"potions_floor_spawned":[1],"killed_by":"Lagavulin","ascension_level":5}}