{"host":"vl29iwkwnyytuw8q","time":1611678783,"event":{"mods":["BaseMod","Minty Spire (QoL Compilation)","Permanent Neow","Relic Stats","StSLib"],"gold_per_floor":[114,128,53,64,80,115,115,149,149,149,149,160,160,194,194,194,194],"floor_reached":16,"language":"ENG","playtime":360,"items_purged":["Normality"],"score":222,"play_id":"1d825bff-a7ac-4da6-98c1-b34db708a753","local_time":"20210126173303","is_ascension_mode":true,"campfire_choices":[{"data":"Bludgeon","floor":7.0,"key":"SMITH"},{"floor":11.0,"key":"REST"},{"floor":15.0,"key":"REST"}],"circlet_count":0,"master_deck":["AscendersBane","Strike_R","Strike_R","Strike_R","Strike_R","Strike_R","Defend_R","Defend_R","Defend_R","Defend_R","Bash","Bludgeon+1","Perfected Strike","Cleave","Anger","Combust","Dropkick","Seeing Red","Rampage"],"relics":["Burning Blood","Self Forming Clay","Ginger","Incense Burner","Kunai","Singing Bowl","Bag of Preparation"],"acts_visited":["Exordium"],"potions_floor_usage":[16,16],"damage_taken":[{"damage":1.0,"enemies":"Cultist","floor":1.0,"turns":3.0},{"damage":8.0,"enemies":"2 Louse","floor":2.0,"turns":3.0},{"damage":0.0,"enemies":"Small Slimes","floor":4.0,"turns":2.0},{"damage":13.0,"enemies":"Blue Slaver","floor":5.0,"turns":3.0},{"damage":41.0,"enemies":"Lagavulin","floor":6.0,"turns":7.0},{"damage":16.0,"enemies":"Gremlin Nob","floor":8.0,"turns":3.0},{"damage":0.0,"enemies":"Exordium Wildlife","floor":12.0,"turns":2.0},{"damage":33.0,"enemies":"Lagavulin","floor":14.0,"turns":5.0},{"damage":38,"enemies":"The Guardian","floor":16,"turns":10}],"seed_played":"6127021010424643506","potions_obtained":[{"floor":1.0,"key":"ElixirPotion"},{"floor":4.0,"key":"ElixirPotion"},{"floor":8.0,"key":"BlessingOfTheForge"}],"is_trial":false,"path_per_floor":["M","M","$","M","M","E","R","E","T","T","R","M","?","E","R","B"],"character_chosen":"IRONCLAD","items_purchased":[],"campfire_rested":2,"item_purchase_floors":[],"current_hp_per_floor":[73,71,71,75,68,33,33,23,23,23,45,51,40,15,38,0,0],"gold":194,"neow_bonus":"THREE_RARE_CARDS","is_daily":false,"chose_seed":false,"campfire_upgraded":1,"win_rate":0.0,"timestamp":1611678783,"path_taken":["M","?","$","M","M","E","R","E","T","?","R","?","?","E","R","BOSS"],"items_purchased_type":[],"build_version":"2020-12-22","purchased_purges":1,"victory":false,"max_hp_per_floor":[75,75,75,75,75,75,75,75,75,75,75,75,75,77,77,77,77],"relic_stats":{"Singing Bowl":2,"counters":[9,38],"Self Forming Clay":[39],"Bag of Preparation":[2],"Ginger":[0],"Kunai":[3],"obtain_stats":[{"Singing Bowl":13,"Self Forming Clay":6,"Incense Burner":9,"Bag of Preparation":14,"Ginger":8,"Kunai":10,"Burning Blood":0},{"Singing Bowl":7,"Self Forming Clay":5,"Incense Burner":6,"Bag of Preparation":8,"Ginger":6,"Kunai":6,"Burning Blood":0},{"Singing Bowl":23,"Self Forming Clay":18,"Incense Burner":21,"Bag of Preparation":28,"Ginger":21,"Kunai":21,"Burning Blood":0}],"Burning Blood":46},"card_choices":[{"not_picked":["Offering","Reaper"],"picked":"Bludgeon","floor":0.0},{"not_picked":["Armaments","Heavy Blade"],"picked":"Perfected Strike","floor":1.0},{"not_picked":["Flex","Sword Boomerang"],"picked":"Cleave","floor":2.0},{"not_picked":["Perfected Strike","Heavy Blade"],"picked":"Anger","floor":4.0},{"not_picked":["Iron Wave","Metallicize"],"picked":"Combust","floor":5.0},{"not_picked":["Corruption","Perfected Strike"],"picked":"Dropkick","floor":6.0},{"not_picked":["True Grit","Thunderclap"],"picked":"Seeing Red","floor":8.0},{"not_picked":["Searing Blow","Body Slam"],"picked":"Rampage","floor":12.0},{"not_picked":["Thunderclap","Dropkick","Iron Wave"],"picked":"Singing Bowl","floor":14.0}],"player_experience":641116,"relics_obtained":[{"floor":6.0,"key":"Self Forming Clay"},{"floor":8.0,"key":"Ginger"},{"floor":9.0,"key":"Incense Burner"},{"floor":10.0,"key":"Kunai"},{"floor":14.0,"key":"Bag of Preparation"}],"event_choices":[{"damage_healed":0.0,"max_hp_gain":0.0,"max_hp_loss":0.0,"gold_gain":0.0,"event_name":"Scrap Ooze","player_choice":"Success","floor":13.0,"gold_loss":0.0,"damage_taken":11.0,"relics_obtained":["Singing Bowl"]}],"is_beta":false,"boss_relics":[],"items_purged_floors":[3],"is_endless":false,"potions_floor_spawned":[1,4,8],"killed_by":"The Guardian","ascension_level":17}}