{"host":"s4ae7avgknp5vwpe","time":1611642042,"event":{"mods":["BaseMod","Minty Spire (QoL Compilation)"],"gold_per_floor":[114,124,49,49,49,74,74,89,89,89,109,127,127,27,27,129,129,147,147,246,258,277,312,312,4,4,4,35,35,35,49,49,144,144,156,156,170,183,183,183],"floor_reached":39,"language":"ENG","playtime":1863,"items_purged":["Strike_G","Strike_G","Strike_G"],"score":566,"play_id":"e6109c4c-5094-42bd-b897-8e8a3180f0e9","local_time":"20210125222042","is_ascension_mode":true,"campfire_choices":[{"floor":7,"key":"REST"},{"floor":10,"key":"REST"},{"floor":13,"key":"REST"},{"data":"Dagger Spray","floor":15,"key":"SMITH"},{"floor":24,"key":"REST"},{"floor":27,"key":"REST"},{"data":"Terror","floor":32,"key":"SMITH"}],"circlet_count":0,"master_deck":["Strike_G","Defend_G","Defend_G","Defend_G","Defend_G","Defend_G","Survivor","Neutralize+1","Quick Slash","Dagger Spray+1","Flying Knee","Escape Plan","Finisher","Adrenaline","Expertise","Prepared","Terror+1","Reflex+1","Outmaneuver+1","Grand Finale","CurseOfTheBell","Underhanded Strike","Neutralize","Distraction+1","Tactician+1"],"relics":["Ring of the Snake","Ice Cream","Mercury Hourglass","Sozu","Smiling Mask","Letter Opener","Toxic Egg 2","Bottled Lightning","MutagenicStrength","Calling Bell","Lantern","Ornamental Fan","Gambling Chip"],"acts_visited":["Exordium","TheCity","TheBeyond"],"potions_floor_usage":[11,12,16],"damage_taken":[{"damage":2,"enemies":"Jaw Worm","floor":1,"turns":5},{"damage":4,"enemies":"Cultist","floor":2,"turns":4},{"damage":46,"enemies":"Lagavulin","floor":6,"turns":11},{"damage":0,"enemies":"Small Slimes","floor":8,"turns":3},{"damage":10,"enemies":"Exordium Wildlife","floor":11,"turns":5},{"damage":3,"enemies":"Large Slime","floor":12,"turns":5},{"damage":54,"enemies":"Slime Boss","floor":16,"turns":12},{"damage":0,"enemies":"Spheric Guardian","floor":18,"turns":3},{"damage":0,"enemies":"3 Byrds","floor":21,"turns":2},{"damage":15,"enemies":"Snake Plant","floor":22,"turns":4},{"damage":31,"enemies":"Book of Stabbing","floor":23,"turns":5},{"damage":1,"enemies":"Gremlin Leader","floor":28,"turns":4},{"damage":0,"enemies":"Snecko","floor":31,"turns":3},{"damage":5,"enemies":"Collector","floor":33,"turns":6},{"damage":0,"enemies":"Orb Walker","floor":35,"turns":1},{"damage":35,"enemies":"3 Darklings","floor":37,"turns":5},{"damage":15,"enemies":"Maw","floor":38,"turns":4},{"damage":30,"enemies":"2 Orb Walkers","floor":39,"turns":4}],"seed_played":"-8994320774211599770","potions_obtained":[{"floor":6,"key":"Swift Potion"},{"floor":11,"key":"Fruit Juice"},{"floor":12,"key":"Dexterity Potion"}],"is_trial":false,"path_per_floor":["M","M","$","?","?","E","R","M","T","R","M","M","R","$","R","B",null,"M","?","?","M","M","E","R","$","T","R","E","?","?","M","R","B",null,"M","?","M","M","?"],"character_chosen":"THE_SILENT","items_purchased":["Letter Opener"],"campfire_rested":5,"item_purchase_floors":[25],"current_hp_per_floor":[61,57,57,57,50,4,25,25,25,46,41,38,60,60,60,6,58,58,58,58,58,43,12,34,34,34,56,55,55,55,55,55,50,69,69,69,34,19,0,0],"gold":183,"neow_bonus":"TRANSFORM_CARD","is_daily":false,"chose_seed":false,"campfire_upgraded":2,"win_rate":0.0,"timestamp":1611642042,"path_taken":["M","M","$","?","?","E","R","M","T","R","M","?","R","?","R","BOSS","M","?","?","M","?","E","R","$","T","R","E","?","?","M","R","BOSS","M","?","M","?","?"],"items_purchased_type":["Relic"],"build_version":"2020-12-22","purchased_purges":3,"victory":false,"max_hp_per_floor":[70,70,70,70,70,70,70,70,70,70,75,75,75,75,75,75,75,75,75,75,75,75,75,75,75,75,75,75,75,75,75,75,75,75,75,75,75,75,75,75],"card_choices":[{"not_picked":["Acrobatics","Choke","Flying Knee"],"picked":"SKIP","floor":1},{"not_picked":["Endless Agony","Prepared"],"picked":"Dagger Spray","floor":2},{"not_picked":["Blade Dance","Slice"],"picked":"Flying Knee","floor":6},{"not_picked":["Dodge and Roll","Bane","Slice"],"picked":"SKIP","floor":8},{"not_picked":["Caltrops","Flechettes"],"picked":"Escape Plan","floor":11},{"not_picked":["Underhanded Strike","Backstab"],"picked":"Finisher","floor":12},{"not_picked":["Corpse Explosion","Phantasmal Killer"],"picked":"Adrenaline","floor":16},{"not_picked":["Underhanded Strike+1","Tactician"],"picked":"Expertise","floor":18},{"not_picked":["PiercingWail","Sucker Punch"],"picked":"Prepared","floor":21},{"not_picked":["Dagger Spray","Concentrate"],"picked":"Terror","floor":22},{"not_picked":["PiercingWail","Noxious Fumes"],"picked":"Reflex+1","floor":23},{"not_picked":["Quick Slash","Well Laid Plans","PiercingWail+1"],"picked":"SKIP","floor":28},{"not_picked":["Flying Knee+1","Wraith Form v2"],"picked":"Outmaneuver+1","floor":31},{"not_picked":["Unload","Burst+1"],"picked":"Grand Finale","floor":33},{"not_picked":["Expertise+1","Blade Dance+1"],"picked":"Underhanded Strike","floor":35},{"not_picked":["Expertise+1","Eviscerate+1"],"picked":"Distraction+1","floor":37},{"not_picked":["Heel Hook+1","Predator+1"],"picked":"Tactician+1","floor":38}],"player_experience":244857,"relics_obtained":[{"floor":6,"key":"Ice Cream"},{"floor":9,"key":"Mercury Hourglass"},{"floor":23,"key":"Smiling Mask"},{"floor":26,"key":"Toxic Egg 2"},{"floor":28,"key":"Bottled Lightning"},{"floor":34,"key":"Lantern"},{"floor":34,"key":"Ornamental Fan"},{"floor":34,"key":"Gambling Chip"}],"event_choices":[{"damage_healed":0,"gold_gain":0,"player_choice":"Grow","damage_taken":0,"max_hp_gain":0,"max_hp_loss":0,"event_name":"Living Wall","floor":4,"gold_loss":0,"cards_upgraded":["Neutralize"]},{"damage_healed":0,"gold_gain":0,"player_choice":"Damaged","damage_taken":7,"max_hp_gain":0,"max_hp_loss":0,"event_name":"Wheel of Change","floor":5,"gold_loss":0},{"damage_healed":0,"gold_gain":0,"player_choice":"Ignored","damage_taken":0,"max_hp_gain":0,"max_hp_loss":0,"event_name":"Vampires","floor":19,"gold_loss":0},{"damage_healed":0,"gold_gain":99,"player_choice":"Stole From Cult","damage_taken":0,"max_hp_gain":0,"max_hp_loss":0,"event_name":"Nest","floor":20,"gold_loss":0},{"damage_healed":0,"gold_gain":0,"player_choice":"Ignored","damage_taken":0,"max_hp_gain":0,"max_hp_loss":0,"event_name":"Cursed Tome","floor":29,"gold_loss":0},{"damage_healed":0,"gold_gain":0,"player_choice":"Inject Mutagens","damage_taken":0,"relics_obtained":["MutagenicStrength"],"max_hp_gain":0,"max_hp_loss":0,"event_name":"Drug Dealer","floor":30,"gold_loss":0},{"damage_healed":0,"gold_gain":0,"player_choice":"1 cards matched","damage_taken":0,"max_hp_gain":0,"max_hp_loss":0,"event_name":"Match and Keep!","floor":36,"gold_loss":0,"cards_obtained":["Neutralize"]},{"damage_healed":0,"gold_gain":0,"player_choice":"Fight","damage_taken":0,"max_hp_gain":0,"max_hp_loss":0,"event_name":"Mysterious Sphere","floor":39,"gold_loss":0}],"is_beta":false,"boss_relics":[{"not_picked":["SacredBark","Fusion Hammer"],"picked":"Sozu"},{"not_picked":["Black Star","Tiny House"],"picked":"Calling Bell"}],"items_purged_floors":[3,14,25],"is_endless":false,"potions_floor_spawned":[6,11,12,23,28,33,37],"killed_by":"2 Orb Walkers","ascension_level":7}}