{"host":"18wi9kpcl4eah7pe","time":1611685322,"event":{"mods":["BaseMod","Colored Powertips","Downfall","Minty Spire (QoL Compilation)","StSLib"],"gold_per_floor":[199,218,29,29,40,73,73,73,103,103,3,3,3,3,17,115,115,115,129,129,147,147,177,177,77,62,76,76,107,119,59,71,71,71,71],"floor_reached":33,"language":"ENG","playtime":1407,"items_purged":[],"score":347,"play_id":"2579b8d5-e7fb-43b1-9811-e2e681222cc1","local_time":"20210126122202","is_ascension_mode":true,"campfire_choices":[{"floor":1,"key":"RECALL"},{"floor":11,"key":"REST"},{"floor":13,"key":"REST"},{"data":"Guardian:ChargeUp","floor":18,"key":"SMITH"},{"floor":25,"key":"REST"}],"circlet_count":0,"master_deck":["Guardian:Strike_Guardian","Guardian:Strike_Guardian","Guardian:Strike_Guardian","Guardian:Defend_Guardian","Guardian:Defend_Guardian+1","Guardian:Defend_Guardian+1","Guardian:CurlUp+1","Guardian:TwinSlam","Guardian:ShieldCharger","Guardian:ChargeUp+1","Guardian:PiercingHide","downfall:Malfunctioning","Guardian:VentSteam","Guardian:FierceBash","Guardian:Planning","Guardian:ConstructionForm+1","Guardian:DonusPower","RitualDagger+1","Guardian:Reroute","Guardian:DecasProtection","Guardian:Preprogram","Guardian:AncientConstruct+1","Guardian:DecasProtection","Guardian:Repulse+1","Guardian:Gem_Red","Guardian:BodySlam"],"relics":["Guardian:ModeShifter","Happy Flower","Frozen Egg 2","Boot","downfall:HeartBlessingRed","expansioncontent:StudyCardRelic","Pen Nib","Mercury Hourglass","downfall:HeartBlessingGreen","Akabeko","Guardian:StasisCodex","Strawberry"],"acts_visited":["Exordium","TheCity"],"potions_floor_usage":[3,10,26,26,29,32,33],"damage_taken":[{"damage":4,"enemies":"Small Slimes","floor":2,"turns":4},{"damage":8,"enemies":"downfall:FleeingMerchant","floor":3,"turns":4},{"damage":6,"enemies":"2 Louse","floor":5,"turns":4},{"damage":24,"enemies":"Gremlin Nob","floor":6,"turns":6},{"damage":20,"enemies":"3 Sentries","floor":9,"turns":11},{"damage":0,"enemies":"Cultist","floor":10,"turns":1},{"damage":13,"enemies":"Blue Slaver","floor":15,"turns":3},{"damage":46,"enemies":"IC_STATUS_ARCHETYPE","floor":16,"turns":11},{"damage":0,"enemies":"Shell Parasite","floor":19,"turns":4},{"damage":0,"enemies":"Sentry and Sphere","floor":21,"turns":5},{"damage":27,"enemies":"Gremlin Leader","floor":23,"turns":7},{"damage":0,"enemies":"downfall:FleeingMerchant","floor":26,"turns":4},{"damage":0,"enemies":"Snecko","floor":27,"turns":3},{"damage":31,"enemies":"Slavers","floor":29,"turns":4},{"damage":7,"enemies":"3 Cultists","floor":30,"turns":5},{"damage":0,"enemies":"downfall:FleeingMerchant","floor":31,"turns":4},{"damage":14,"enemies":"Centurion and Healer","floor":32,"turns":3},{"damage":43,"enemies":"DF_ARCHETYPE_CLAW","floor":33,"turns":6}],"seed_played":"-159999712138474355","potions_obtained":[{"floor":2,"key":"bronze:BurnAndBuffPotion"},{"floor":6,"key":"SmokeBomb"},{"floor":16,"key":"Swift Potion"},{"floor":21,"key":"CultistPotion"},{"floor":22,"key":"CultistPotion"},{"floor":27,"key":"bronze:BurnAndBuffPotion"},{"floor":30,"key":"Guardian:AcceleratePotion"},{"floor":32,"key":"Fruit Juice"}],"is_trial":false,"path_per_floor":["R","M","$","?","M","E","T","?","E","M","R","?","R","?","M","B",null,"R","M","?","M","?","E","T","R","$","M","?","E","M","$","M","B"],"character_chosen":"GUARDIAN","items_purchased":["Happy Flower","Guardian:PiercingHide","Guardian:StasisCodex","Strawberry"],"campfire_rested":3,"item_purchase_floors":[3,3,31,31],"current_hp_per_floor":[80,76,68,68,62,38,38,38,18,18,42,47,72,72,59,13,85,85,85,85,85,85,58,58,83,83,83,83,52,45,52,43,0,0,0],"gold":71,"neow_bonus":"HUNDRED_GOLD","is_daily":false,"chose_seed":false,"campfire_upgraded":1,"win_rate":0.0,"timestamp":1611685322,"path_taken":["R","M","$","?","M","E","T","?","E","?","R","?","R","?","M","BOSS","R","M","?","M","?","E","T","R","$","?","?","E","M","?","M","BOSS"],"items_purchased_type":["Relic","Card","Relic","Relic"],"build_version":"2020-12-22","purchased_purges":0,"victory":false,"max_hp_per_floor":[80,80,80,80,80,80,80,80,80,80,80,85,85,85,85,85,85,85,85,85,85,85,85,85,85,85,85,85,85,85,92,97,97,97,97],"card_choices":[{"not_picked":["Guardian:SpikerProtocol","Guardian:Suspension"],"picked":"Guardian:ShieldCharger","floor":2},{"not_picked":["Guardian:TemporalStrike","Guardian:RefractedBeam"],"picked":"Guardian:ChargeUp","floor":3},{"not_picked":["Guardian:ChargeUp","Guardian:Gem_Purple"],"picked":"Guardian:VentSteam","floor":5},{"not_picked":["Guardian:Reroute","Guardian:TemporalShield"],"picked":"Guardian:Gem_Green","floor":6},{"not_picked":["Guardian:Emergency","Guardian:Gem_Cyan"],"picked":"Guardian:Planning","floor":9},{"not_picked":["Guardian:BodySlam","Guardian:Recover"],"picked":"Guardian:Gem_Blue","floor":15},{"not_picked":["Guardian:SphericShield","Guardian:BaubleBeam"],"picked":"Guardian:ConstructionForm+1","floor":16},{"not_picked":["Guardian:Gem_Lightblue","Guardian:Recover"],"picked":"Guardian:Gem_Green","floor":19},{"not_picked":["Guardian:Planning","Guardian:TimeBomb"],"picked":"Guardian:DonusPower","floor":21},{"not_picked":["Guardian:ShieldCharger+1","Guardian:PiercingHide+1"],"picked":"Guardian:Reroute","floor":23},{"not_picked":["Guardian:AncientConstruct+1","Guardian:PrimingBeam+1"],"picked":"Guardian:DecasProtection","floor":26},{"not_picked":["Guardian:Gem_Lightblue","Guardian:Gem_Yellow"],"picked":"Guardian:Preprogram","floor":27},{"not_picked":["Guardian:PrimingBeam","Guardian:CrystalBeam"],"picked":"Guardian:DecasProtection","floor":29},{"not_picked":["Guardian:PrimingBeam+1","Guardian:CrystalBeam+1"],"picked":"Guardian:Repulse+1","floor":30},{"not_picked":["Guardian:PolyBeam+1","Guardian:Gem_Synthetic"],"picked":"Guardian:Gem_Red","floor":31},{"not_picked":["Guardian:PiercingHide","Guardian:RollAttack"],"picked":"Guardian:BodySlam","floor":32}],"player_experience":967745,"relics_obtained":[{"floor":6,"key":"Frozen Egg 2"},{"floor":7,"key":"Boot"},{"floor":9,"key":"Ancient Tea Set"},{"floor":23,"key":"Pen Nib"},{"floor":24,"key":"Mercury Hourglass"},{"floor":29,"key":"Akabeko"}],"event_choices":[{"damage_healed":0,"gold_gain":0,"player_choice":"Donut","damage_taken":0,"max_hp_gain":5,"max_hp_loss":0,"event_name":"Big Fish","floor":12,"gold_loss":0}],"is_beta":false,"boss_relics":[{"not_picked":["Empty Cage","Runic Pyramid"],"picked":"expansioncontent:StudyCardRelic"}],"items_purged_floors":[],"is_endless":false,"potions_floor_spawned":[2,6,10,16,21,27,30,32],"killed_by":"DF_ARCHETYPE_CLAW","ascension_level":2}}