{"host":"h4qgcirtxz6qax9j","time":1611686319,"event":{"mods":["2.2 Compatiblity","AchievementEnabler","BaseMod","Colored Powertips","Custom Start","Hermit","Marisa£¨Ùöéë¡¡Øª×âÞÞ£©","Minty Spire (QoL Compilation)","Replay The Spire","StSLib","SuperFastMode","The Servant 0.9.4"],"gold_per_floor":[112,112,112,112,112,112,130,141,141,141,141,156,170,91,91,196,196,209,225,179,191,191,191],"floor_reached":22,"language":"KOR","playtime":411,"items_purged":[],"score":185,"play_id":"5ab0e2db-70bb-4c12-a93f-3a152ba17a40","local_time":"20210127033839","is_ascension_mode":true,"campfire_choices":[{"floor":6,"key":"DIG"},{"floor":11,"key":"DIG"},{"floor":15,"key":"REST"}],"circlet_count":0,"master_deck":["Strike_MRS","Strike_MRS+1","Strike_MRS","Defend_MRS","Defend_MRS","Defend_MRS","Defend_MRS","MasterSpark+1","UpSweep","AbeCurse","CurseOfTheBell","DeepEcoloBomb","BlazingStar","JA","PulseMagic","DoubleSpark","MilkyWay"],"relics":["MiniHakkero","Calling Bell","Abe\u0027s Treasure","Replay:Mystery Machine","Pear","Replay:Multitool","Happy Flower","Gremlin Horn","StoneCalendar","Replay:Bronze Core"],"acts_visited":["Exordium","TheCity"],"potions_floor_usage":[16,16],"damage_taken":[{"damage":1,"enemies":"2 Louse","floor":1,"turns":3},{"damage":0,"enemies":"Small Slimes","floor":7,"turns":3},{"damage":0,"enemies":"Cultist","floor":8,"turns":3},{"damage":3,"enemies":"2 Fungi Beasts","floor":12,"turns":2},{"damage":0,"enemies":"Large Slime","floor":13,"turns":4},{"damage":73,"enemies":"The Guardian","floor":16,"turns":7},{"damage":10,"enemies":"Chosen","floor":18,"turns":3},{"damage":26,"enemies":"2 Thieves","floor":19,"turns":5},{"damage":32,"enemies":"Cultist and Chosen","floor":21,"turns":5},{"damage":23,"enemies":"Snake Plant","floor":22,"turns":1}],"seed_played":"-4847972068531651194","potions_obtained":[{"floor":1,"key":"Strength Potion"},{"floor":12,"key":"Adrenaline Potion"},{"floor":16,"key":"Death Potion"},{"floor":19,"key":"Dexterity Potion"},{"floor":21,"key":"Toxic Potion"}],"is_trial":false,"path_per_floor":["M","$","?","?","$","R","M","M","T","?","R","M","M","$","R","B",null,"M","M","$","M","M"],"character_chosen":"MARISA","items_purchased":["PulseMagic","DoubleSpark"],"campfire_rested":1,"item_purchase_floors":[14,20],"current_hp_per_floor":[84,84,84,67,67,67,67,67,67,67,67,64,64,64,85,12,85,75,49,49,17,0,0],"gold":191,"neow_bonus":"DOUBLE_BOSS_RELIC","is_daily":false,"chose_seed":false,"campfire_upgraded":0,"win_rate":0.0,"timestamp":1611686319,"path_taken":["M","$","?","?","$","R","M","M","T","?","R","?","M","$","R","BOSS","M","M","$","M","M"],"items_purchased_type":["Card","Card"],"build_version":"2020-12-22","purchased_purges":0,"victory":false,"max_hp_per_floor":[85,85,85,85,85,85,85,85,85,85,85,85,85,85,85,85,85,85,85,85,85,85,85],"card_choices":[{"not_picked":["LuminesStrike","NonDirectionalLaser","OrrerysSun"],"picked":"SKIP","floor":1},{"not_picked":["UnstableBomb","MilkyWay"],"picked":"DeepEcoloBomb","floor":7},{"not_picked":["SprinkleStarSeal","EnergyRecoil"],"picked":"BlazingStar","floor":8},{"not_picked":["IllusionStar","NonDirectionalLaser","DragonMeteor"],"picked":"SKIP","floor":12},{"not_picked":["MysteriousBeam","DragonMeteor","GrandCross"],"picked":"SKIP","floor":13},{"not_picked":["PowerUp","EnergyRecoil","MeteoricShower+1"],"picked":"SKIP","floor":18},{"not_picked":["IllusionStar","FairyDestructionRay","SporeBomb+1"],"picked":"SKIP","floor":19},{"not_picked":["SprinkleStarSeal+1","AsteroidBelt+1"],"picked":"MilkyWay","floor":21}],"player_experience":113662,"relics_obtained":[{"floor":0,"key":"Replay:Mystery Machine"},{"floor":0,"key":"Pear"},{"floor":0,"key":"Replay:Multitool"},{"floor":6,"key":"Happy Flower"},{"floor":9,"key":"Gremlin Horn"},{"floor":11,"key":"StoneCalendar"}],"event_choices":[{"damage_healed":0,"gold_gain":0,"player_choice":"Ignored","damage_taken":0,"max_hp_gain":0,"max_hp_loss":0,"event_name":"Golden Wing","floor":3,"gold_loss":0},{"damage_healed":0,"gold_gain":0,"player_choice":"Entered Light","damage_taken":17,"max_hp_gain":0,"max_hp_loss":0,"event_name":"Shining Light","floor":4,"gold_loss":0,"cards_upgraded":["MasterSpark","Strike_MRS"]},{"damage_healed":0,"gold_gain":0,"cards_transformed":["Strike_MRS"],"player_choice":"Transformed","damage_taken":0,"max_hp_gain":0,"max_hp_loss":0,"event_name":"Transmorgrifier","floor":10,"gold_loss":0,"cards_obtained":["JA"]}],"is_beta":false,"boss_relics":[{"not_picked":["Philosopher\u0027s Stone","Kintsugi"],"picked":"Replay:Bronze Core"}],"items_purged_floors":[],"is_endless":false,"potions_floor_spawned":[1,12,16,19,21],"killed_by":"Snake Plant","ascension_level":1}}