{"host":"70zhvo5nwrhp1mbg","time":1611622932,"event":{"mods":["BaseMod","Colored Map","Colored Powertips","Filter the Spire","Highlight Path","Minty Spire (QoL Compilation)","Rare Cards Sparkle","StSLib"],"gold_per_floor":[112,125,44,44,58,58,88,102,129,164,177,256,256,267,267,365,415,429,401,401,413,2,2,2,2,2],"floor_reached":25,"language":"ENG","playtime":1993,"items_purged":[],"score":288,"play_id":"b1164896-800a-421e-8f8b-f705a1ad9580","local_time":"20210125200212","is_ascension_mode":true,"campfire_choices":[{"data":"Flame Barrier","floor":6,"key":"SMITH"},{"floor":13,"key":"REST"},{"floor":15,"key":"REST"},{"floor":23,"key":"REST"}],"circlet_count":0,"master_deck":["Strike_R+1","Strike_R","Strike_R","Defend_R","Defend_R","Defend_R","Defend_R","Bash+1","Impervious","Pommel Strike","Shockwave","Flame Barrier+1","Shrug It Off","Cleave","Armaments","Uppercut","True Grit","Clothesline","Reaper","Rupture","Inflame+1","Metallicize","Searing Blow+1"],"relics":["Burning Blood","Juzu Bracelet","Art of War","Potion Belt","Tiny House","Frozen Egg 2","Medical Kit"],"acts_visited":["Exordium","TheCity"],"potions_floor_usage":[7,11,16,16,18,19,21],"damage_taken":[{"damage":3,"enemies":"2 Louse","floor":1,"turns":4},{"damage":9,"enemies":"Cultist","floor":2,"turns":6},{"damage":10,"enemies":"Small Slimes","floor":5,"turns":4},{"damage":22,"enemies":"3 Sentries","floor":7,"turns":15},{"damage":14,"enemies":"2 Fungi Beasts","floor":8,"turns":4},{"damage":30,"enemies":"Lagavulin","floor":10,"turns":8},{"damage":10,"enemies":"Exordium Thugs","floor":11,"turns":5},{"damage":1,"enemies":"Red Slaver","floor":14,"turns":5},{"damage":21,"enemies":"The Guardian","floor":16,"turns":14},{"damage":61,"enemies":"Spheric Guardian","floor":18,"turns":9},{"damage":41,"enemies":"2 Thieves","floor":19,"turns":5},{"damage":11,"enemies":"Snake Plant","floor":21,"turns":6},{"damage":40,"enemies":"Gremlin Leader","floor":25,"turns":2}],"seed_played":"1656115778244516364","potions_obtained":[{"floor":2,"key":"Dexterity Potion"},{"floor":10,"key":"Explosive Potion"},{"floor":11,"key":"AttackPotion"},{"floor":14,"key":"EssenceOfSteel"},{"floor":17,"key":"BloodPotion"},{"floor":18,"key":"LiquidBronze"},{"floor":19,"key":"ColorlessPotion"}],"is_trial":false,"path_per_floor":["M","M","$","?","M","R","E","M","T","E","M","?","R","M","R","B",null,"M","M","?","M","$","R","?","E"],"character_chosen":"IRONCLAD","items_purchased":["Flame Barrier","Frozen Egg 2","Medical Kit"],"campfire_rested":3,"item_purchase_floors":[3,22,22],"current_hp_per_floor":[75,72,72,72,68,68,52,44,44,20,16,16,40,45,69,54,79,47,19,19,14,14,39,39,0,0],"gold":2,"neow_bonus":"ONE_RANDOM_RARE_CARD","is_daily":false,"chose_seed":false,"campfire_upgraded":1,"win_rate":0.0,"timestamp":1611622932,"path_taken":["M","M","$","?","?","R","E","M","T","E","M","?","R","M","R","BOSS","M","M","?","M","?","R","?","E"],"items_purchased_type":["Card","Relic","Relic"],"build_version":"2020-12-22","purchased_purges":0,"victory":false,"max_hp_per_floor":[80,80,80,80,80,80,80,80,80,80,80,80,80,80,80,80,85,85,85,85,85,85,85,85,85,85],"card_choices":[{"not_picked":["Thunderclap","Havoc"],"picked":"Pommel Strike","floor":1},{"not_picked":["Wild Strike","Anger"],"picked":"Shockwave","floor":2},{"not_picked":["Cleave","Rampage"],"picked":"Shrug It Off","floor":5},{"not_picked":["Twin Strike","Sentinel"],"picked":"Cleave","floor":7},{"not_picked":["Ghostly Armor","Evolve"],"picked":"Armaments","floor":8},{"not_picked":["Cleave","Sword Boomerang"],"picked":"Uppercut","floor":10},{"not_picked":["Blood for Blood","Infernal Blade"],"picked":"True Grit","floor":11},{"not_picked":["Seeing Red","Flex"],"picked":"Clothesline","floor":14},{"not_picked":["Fiend Fire","Juggernaut"],"picked":"Reaper","floor":16},{"not_picked":["Sword Boomerang","Flex"],"picked":"Rupture","floor":17},{"not_picked":["Perfected Strike","Searing Blow"],"picked":"Inflame+1","floor":18},{"not_picked":["Dark Embrace","Warcry","Burning Pact"],"picked":"SKIP","floor":19},{"not_picked":["Clash","Thunderclap"],"picked":"Searing Blow+1","floor":21}],"player_experience":492323,"relics_obtained":[{"floor":7,"key":"Juzu Bracelet"},{"floor":9,"key":"Art of War"},{"floor":10,"key":"Potion Belt"}],"event_choices":[{"damage_healed":0,"gold_gain":0,"player_choice":"Upgraded","damage_taken":0,"max_hp_gain":0,"max_hp_loss":0,"event_name":"Upgrade Shrine","floor":4,"gold_loss":0,"cards_upgraded":["Bash"]},{"damage_healed":0,"gold_gain":79,"player_choice":"Gained Gold","damage_taken":0,"max_hp_gain":0,"max_hp_loss":0,"event_name":"Golden Wing","floor":12,"gold_loss":0},{"damage_healed":0,"gold_gain":0,"cards_transformed":["Strike_R"],"player_choice":"Transformed","damage_taken":0,"max_hp_gain":0,"max_hp_loss":0,"event_name":"Transmorgrifier","floor":20,"gold_loss":0,"cards_obtained":["Metallicize"]},{"cards_removed":["Strike_R"],"damage_healed":0,"gold_gain":0,"player_choice":"Purged","damage_taken":0,"max_hp_gain":0,"max_hp_loss":0,"event_name":"Purifier","floor":24,"gold_loss":0}],"is_beta":false,"boss_relics":[{"not_picked":["Coffee Dripper","Sozu"],"picked":"Tiny House"}],"items_purged_floors":[],"is_endless":false,"potions_floor_spawned":[2,10,11,14,18,19],"killed_by":"Gremlin Leader","ascension_level":7}}