{"host":"jumrmhf584hajrnz","time":1611683960,"event":{"mods":["BaseMod","Duelist Mod","GifTheSpireLib","Minty Spire (QoL Compilation)","Quick Restart","Replay The Spire","StSLib"],"gold_per_floor":[140,89,89,153,170,205,205,216,216,216,247,247,247,263,263,263,263],"floor_reached":16,"language":"ENG","playtime":651,"items_purged":[],"score":291,"play_id":"cc2fe480-7ec0-4e7c-85e8-bcdf31935e95","local_time":"20210126185920","is_ascension_mode":true,"campfire_choices":[{"floor":10,"key":"REST"},{"floor":12,"key":"REST"},{"floor":15,"key":"REST"}],"circlet_count":0,"master_deck":["theDuelist:PortraitSecret+1","theDuelist:ArchfiendSoldier","theDuelist:ArchfiendSoldier","theDuelist:ArchfiendSoldier","AscendersBane","theDuelist:CastleWalls","theDuelist:CastleWalls","theDuelist:CastleWalls","theDuelist:FiendMegacyber+1","theDuelist:Sparks","theDuelist:SummonedSkull","Finesse","theDuelist:Lajinn","theDuelist:FeatherShot+2","theDuelist:FiendSkull","theDuelist:Doomdog","theDuelist:Doomdog","theDuelist:Doomdog","theDuelist:Doomdog","theDuelist:GiantOrc"],"relics":["theDuelist:MillenniumPuzzle","theDuelist:CardPoolRelic","theDuelist:CardPoolBasicRelic","theDuelist:BoosterPackPoolRelic","theDuelist:CardPoolAddRelic","theDuelist:CardPoolMinusRelic","theDuelist:CardPoolSaveRelic","theDuelist:CardPoolOptionsRelic","NeowsBlessing","Replay:Baseball","StrikeDummy","Pantograph","War Paint"],"acts_visited":["Exordium"],"potions_floor_usage":[],"damage_taken":[{"damage":0,"enemies":"Cultist","floor":1,"turns":1},{"damage":0,"enemies":"Small Slimes","floor":5,"turns":1},{"damage":0,"enemies":"Gremlin Nob","floor":6,"turns":1},{"damage":0,"enemies":"Jaw Worm","floor":8,"turns":2},{"damage":33,"enemies":"3 Sentries","floor":11,"turns":6},{"damage":13,"enemies":"Looter","floor":14,"turns":3},{"damage":83,"enemies":"Fading Forest","floor":16,"turns":7}],"seed_played":"6857523980518115366","potions_obtained":[{"floor":4,"key":"Dexterity Potion"},{"floor":5,"key":"SteroidPotion"}],"is_trial":false,"path_per_floor":["M","$","?","?","M","E","?","M","T","R","E","R","?","M","R","B"],"character_chosen":"THE_DUELIST","items_purchased":["theDuelist:Lajinn"],"campfire_rested":3,"item_purchase_floors":[2],"current_hp_per_floor":[63,63,63,40,40,40,40,40,40,61,28,49,49,36,57,0,0],"gold":263,"neow_bonus":"THREE_ENEMY_KILL","is_daily":false,"chose_seed":false,"campfire_upgraded":0,"win_rate":0.0,"timestamp":1611683960,"path_taken":["M","?","?","?","?","E","?","M","T","R","E","R","?","M","R","BOSS"],"items_purchased_type":["Card"],"build_version":"2020-12-22","purchased_purges":0,"victory":false,"max_hp_per_floor":[70,70,70,70,70,70,70,70,70,70,70,70,70,70,70,70,70],"card_choices":[{"not_picked":["Mayhem","Sadistic Nature","Secret Weapon"],"picked":"Finesse","floor":1},{"not_picked":["theDuelist:BerserkerCrush+1","theDuelist:Wildfire+1","theDuelist:DarkFusion+1","theDuelist:SphereKuriboh"],"picked":"theDuelist:FeatherShot+1","floor":4},{"not_picked":["theDuelist:FabledAshenveil","theDuelist:TributeDoomed","theDuelist:GracefulCharity","theDuelist:DarkEnergy"],"picked":"theDuelist:FiendSkull","floor":4},{"not_picked":["theDuelist:DoomDonuts","theDuelist:DarknessNeosphere","theDuelist:RedMirror"],"picked":"theDuelist:Doomdog","floor":5},{"not_picked":["theDuelist:GiantOrc","theDuelist:CheerfulCoffin","theDuelist:DrivenDaredevil","theDuelist:SummonedSkull"],"picked":"theDuelist:Doomdog","floor":6},{"not_picked":["theDuelist:DoomDonuts","theDuelist:DarknessNeosphere","theDuelist:RedMirror"],"picked":"theDuelist:Doomdog","floor":8},{"not_picked":["theDuelist:DoomDonuts","theDuelist:DarknessNeosphere","theDuelist:RedMirror"],"picked":"theDuelist:Doomdog","floor":11},{"not_picked":["theDuelist:UmbralHorrorGhost","theDuelist:UmbralHorrorUniform","theDuelist:Pumpking","theDuelist:DarkFusion"],"picked":"theDuelist:GiantOrc","floor":14}],"player_experience":1571136,"relics_obtained":[{"floor":4,"key":"Replay:Baseball"},{"floor":6,"key":"StrikeDummy"},{"floor":9,"key":"Pantograph"},{"floor":11,"key":"War Paint"}],"event_choices":[{"damage_healed":0,"gold_gain":0,"player_choice":"Traded Sparks for Portrait\u0027s Secret","duelist":true,"damage_taken":0,"max_hp_gain":0,"max_hp_loss":0,"event_name":"Card Trader","floor":3,"gold_loss":0},{"damage_healed":0,"gold_gain":0,"player_choice":"Grow","damage_taken":0,"max_hp_gain":0,"max_hp_loss":0,"event_name":"Living Wall","floor":7,"gold_loss":0,"cards_upgraded":["theDuelist:FeatherShot"]},{"damage_healed":0,"gold_gain":0,"player_choice":"Leave","duelist":true,"damage_taken":0,"max_hp_gain":0,"max_hp_loss":0,"event_name":"Card Trader","floor":13,"gold_loss":0}],"is_beta":false,"boss_relics":[],"items_purged_floors":[],"is_endless":false,"potions_floor_spawned":[5,14],"killed_by":"Fading Forest","ascension_level":20}}