{"host":"np9ouipdmi0bkas5","time":1611675117,"event":{"mods":["AchievementEnabler","Aspiration","BaseMod","Colored Map","Downfall","Highlight Path","Hubris","Infinite Spire","Minty Spire (QoL Compilation)","Replay The Spire","StSLib"],"gold_per_floor":[111,111,111,111,75,100,100,115,115,146,160,160,174,2,2,100,100,13,13,82,92,53,53,53,53,103,103,103,114,143,158,208,258,258,378,378,418,457,507,429,479,538,643,643,643,697,697,755,126,126,126,126,126],"floor_reached":52,"language":"ENG","playtime":3062,"items_purged":["Strike_P","WreathOfFlame+1"],"score":858,"play_id":"d7faa68c-6374-4d30-9a51-3585889eb85d","local_time":"20210126073157","is_ascension_mode":false,"campfire_choices":[{"data":"Scrawl","floor":7,"key":"SMITH"},{"floor":12,"key":"REST"},{"floor":15,"key":"REST"},{"floor":25,"key":"REST"},{"data":"BattleHymn","floor":27,"key":"SMITH"},{"floor":34,"key":"REST"}],"circlet_count":0,"master_deck":["Strike_P","Strike_P","Strike_P","Defend_P","Defend_P","Defend_P","Eruption","Vigilance","Indignation","BowlingBash","BowlingBash","Scrawl+1","BattleHymn+1","WaveOfTheHand","Halt","FlurryOfBlows","Establishment","hubris:NaturalOne","Sanctity+1","Consecrate+1","ClearTheMind","ClearTheMind","Crescendo","WheelKick","Halt","ConjureBlade","Doubt","Vigilance","Dramatic Entrance","infinitespire:Punishment","LikeWater","BattleHymn","DeceiveReality","InnerPeace+1","Inflame","Barricade"],"relics":["PureWater","NeowsBlessing","hubris:Icosahedron","infinitespire:EmpoweringShard","Sundial","aspiration:HiddenCompartment","Replay:Wax Seal","Anchor","aspiration:SecretTechniqueScroll","SsserpentHead","hubris:DisguiseKit","infinitespire:EvilPickle","ReplayTheSpireMod:SealedPack","hubris:TinFlute","aspiration:ArtOfWarUpgrade","infinitespire:FocusingShard","The Courier","aspiration:IroncladSkillbook","Cauldron","infinitespire:Lychee Nut","infinitespire:PuzzleCube"],"acts_visited":["Exordium","TheCity","TheBeyond"],"potions_floor_usage":[16,16,35,48,48,50,50],"damage_taken":[{"damage":0,"enemies":"2 Louse","floor":1,"turns":1},{"damage":0,"enemies":"Lagavulin","floor":6,"turns":1},{"damage":0,"enemies":"Small Slimes","floor":8,"turns":1},{"damage":18,"enemies":"3 Sentries","floor":10,"turns":3},{"damage":0,"enemies":"Jaw Worm","floor":11,"turns":3},{"damage":22,"enemies":"Exordium Wildlife","floor":13,"turns":2},{"damage":12,"enemies":"Slime Boss","floor":16,"turns":3},{"damage":36,"enemies":"3 Byrds","floor":18,"turns":5},{"damage":19,"enemies":"Chosen","floor":20,"turns":5},{"damage":2,"enemies":"Sentry and Sphere","floor":21,"turns":4},{"damage":0,"enemies":"Chosen and Byrds","floor":29,"turns":5},{"damage":6,"enemies":"Replay:Snechameleon","floor":30,"turns":3},{"damage":0,"enemies":"Snecko","floor":31,"turns":2},{"damage":0,"enemies":"Pondfish","floor":35,"turns":6},{"damage":7,"enemies":"3 Shapes","floor":37,"turns":2},{"damage":23,"enemies":"Orb Walker","floor":38,"turns":4},{"damage":40,"enemies":"Nemesis","floor":42,"turns":5},{"damage":13,"enemies":"Transient","floor":46,"turns":5},{"damage":22,"enemies":"Maw","floor":48,"turns":5},{"damage":0,"enemies":"4 Shapes","floor":50,"turns":1},{"damage":40,"enemies":"infinitespire:MassOfShapes","floor":52,"turns":3}],"seed_played":"-6113911098053370493","potions_obtained":[{"floor":6,"key":"bronze:BurnAndBuffPotion"},{"floor":10,"key":"bronze:BurnAndBuffPotion"},{"floor":11,"key":"FairyPotion"},{"floor":16,"key":"Reflective Coating"},{"floor":29,"key":"SmokeBomb"},{"floor":47,"key":"Ambrosia"},{"floor":47,"key":"Slimebound:ThreeZeroPotion"},{"floor":48,"key":"Explosive Potion"}],"is_trial":false,"path_per_floor":["M","?","?","?","$","E","R","M","T","E","M","R","M","$","R","B",null,"M","?","M","M","$","PTL","PTL","R","?","R","T","M","E","M","?","?","R","B",null,"M","M","?","$","T","E","?","R","T","M","AVR","M","$","M","R","B"],"character_chosen":"WATCHER","items_purchased":["BowlingBash","Replay:Wax Seal","Anchor","ClearTheMind","BattleHymn","Inflame","Barricade","infinitespire:Lychee Nut","infinitespire:PuzzleCube"],"campfire_rested":4,"item_purchase_floors":[5,14,14,22,40,49,49,49,49],"current_hp_per_floor":[72,72,72,65,65,65,65,65,65,47,47,68,46,46,67,55,72,36,36,17,15,15,15,15,36,60,60,60,60,54,54,54,54,72,72,72,65,42,82,82,82,42,10,10,10,24,24,6,6,10,10,0,0],"gold":126,"neow_bonus":"THREE_ENEMY_KILL","is_daily":false,"chose_seed":false,"campfire_upgraded":2,"win_rate":0.0,"timestamp":1611675117,"path_taken":["M","?","?","?","?","E","R","M","T","E","M","R","M","$","R","BOSS","M","?","?","M","$","PTL","PTL","R","?","R","T","M","E","M","?","?","R","BOSS","M","M","?","$","?","E","?","R","T","M","AVR","M","$","M","R","BOSS"],"items_purchased_type":["Card","Relic","Relic","Card","Card","Card","Card","Relic","Relic"],"build_version":"2020-12-22","purchased_purges":2,"victory":false,"max_hp_per_floor":[72,72,72,72,72,72,72,72,72,72,72,72,72,72,72,72,72,72,72,72,72,72,72,72,72,72,72,72,72,72,72,72,72,72,72,72,72,72,82,82,82,82,82,82,82,82,82,82,61,61,61,61,61],"card_choices":[{"not_picked":["Worship","PathToVictory"],"picked":"Indignation","floor":1},{"not_picked":["Protect","Replay:AllIn"],"picked":"Scrawl","floor":6},{"not_picked":["ThirdEye","SashWhip"],"picked":"BattleHymn","floor":8},{"not_picked":["Adaptation","Replay:Vibes"],"picked":"WaveOfTheHand","floor":10},{"not_picked":["Replay:BluntJabs","Swivel"],"picked":"Halt","floor":11},{"not_picked":["Replay:ManipulateFuture","Adaptation"],"picked":"FlurryOfBlows","floor":13},{"not_picked":["MasterReality","LessonLearned"],"picked":"Establishment","floor":16},{"not_picked":["SignatureMove+1","Replay:BluntJabs","Crescendo"],"picked":"SKIP","floor":18},{"not_picked":["Halt","CutThroughFate"],"picked":"Sanctity+1","floor":20},{"not_picked":["CutThroughFate","FlurryOfBlows+1"],"picked":"Consecrate+1","floor":21},{"not_picked":["Replay:Hum","Nirvana","Guardian:BronzeOrb"],"picked":"Crescendo","floor":29},{"not_picked":["Conclude+1","FlyingSleeves","Guardian:Gem_Blue"],"picked":"WheelKick","floor":30},{"not_picked":["LessonLearned","Replay:Vibes","Guardian:Suspension"],"picked":"Halt","floor":31},{"not_picked":["Brilliance","DeusExMachina","Guardian:SphericShield"],"picked":"ConjureBlade","floor":35},{"not_picked":["Slimebound:CorrosiveSpit","Survivor","sneckomod:Unknown"],"picked":"Vigilance","floor":36},{"not_picked":["Replay:AllIn","LessonLearned","Vault"],"picked":"Establishment","floor":36},{"not_picked":["Replay:BasicMightCard","Forethought","ReplayTheSpireMod:Private Reserves"],"picked":"Dramatic Entrance","floor":36},{"not_picked":["infinitespire:DeathsTouch","ReplayTheSpireMod:Haul","infinitespire:TheBestDefense"],"picked":"infinitespire:Punishment","floor":36},{"not_picked":["Replay:Vibes+1","Evaluate","Guardian:MultiBeam"],"picked":"LikeWater","floor":37},{"not_picked":["ClearTheMind+1","Collect+1","Guardian:Suspension"],"picked":"WreathOfFlame+1","floor":38},{"not_picked":["Replay:AllIn","Protect","Pray","Guardian:PrimingBeam"],"picked":"SKIP","floor":42},{"not_picked":["EmptyBody+1","Collect","Guardian:CrystalBeam"],"picked":"DeceiveReality","floor":43},{"not_picked":["CrushJoints+1","Protect+1","Guardian:ShieldCharger"],"picked":"InnerPeace+1","floor":46},{"not_picked":["Armaments","Replay:AtTheReady+1","Sword Boomerang+1","EmptyBody","Guardian:WalkerClaw"],"picked":"SKIP","floor":48}],"player_experience":73625,"relics_obtained":[{"floor":6,"key":"infinitespire:EmpoweringShard"},{"floor":9,"key":"Sundial"},{"floor":10,"key":"aspiration:HiddenCompartment"},{"floor":28,"key":"hubris:DisguiseKit"},{"floor":41,"key":"hubris:TinFlute"},{"floor":42,"key":"Art of War"},{"floor":43,"key":"infinitespire:FocusingShard"},{"floor":45,"key":"The Courier"}],"event_choices":[{"damage_healed":0,"gold_gain":0,"player_choice":"Ignored","damage_taken":0,"max_hp_gain":0,"max_hp_loss":0,"event_name":"Shining Light","floor":3,"gold_loss":0},{"cards_removed":["Defend_P"],"damage_healed":0,"gold_gain":0,"player_choice":"Card Removal","damage_taken":7,"max_hp_gain":0,"max_hp_loss":0,"event_name":"Golden Wing","floor":4,"gold_loss":0},{"damage_healed":0,"gold_gain":0,"player_choice":"Trade","damage_taken":0,"relics_obtained":["SsserpentHead"],"max_hp_gain":0,"max_hp_loss":0,"event_name":"FaceTrader","floor":19,"gold_loss":0},{"damage_healed":24,"gold_gain":0,"player_choice":"Heal","damage_taken":0,"max_hp_gain":0,"max_hp_loss":0,"event_name":"The Library","floor":26,"gold_loss":0},{"damage_healed":0,"gold_gain":0,"player_choice":"Ignored","damage_taken":0,"max_hp_gain":0,"max_hp_loss":0,"event_name":"Ghosts","floor":32,"gold_loss":0},{"cards_removed":["Establishment"],"damage_healed":30,"gold_gain":0,"player_choice":"Offered Rare","damage_taken":0,"max_hp_gain":10,"max_hp_loss":0,"event_name":"Bonfire Elementals","floor":39,"gold_loss":0}],"is_beta":false,"boss_relics":[{"not_picked":["hubris:TerracottaHorce","Runic Dome"],"picked":"aspiration:SecretTechniqueScroll"},{"not_picked":["Replay:Bronze Core","bronze:MakeshiftBattery"],"picked":"ReplayTheSpireMod:SealedPack"}],"items_purged_floors":[14,49],"is_endless":false,"potions_floor_spawned":[6,10,11,16,29,30,31,48,50],"killed_by":"infinitespire:MassOfShapes","ascension_level":0}}