{"host":"og6lam4kt3nibbw0","time":1611682772,"event":{"mods":["AchievementEnabler","BaseMod","Colored Map","DeckTracker","Highlight Path","Keyboard Shortcuts","Minty Spire (QoL Compilation)","Permanent Neow","Quick Restart","StSLib","SuperFastMode"],"gold_per_floor":[10,21,21,46,60,60,99,99,126,157,82,98,118,118,118,213,213,233,253,291,291,91,126,126,145,145,145,145,168,168,3,3,96,96,120,120,120,120],"floor_reached":37,"language":"KOR","playtime":762,"items_purged":["Strike_G","Defend_G","Strike_G"],"score":1094,"play_id":"be36f560-045c-4b78-a80e-b07d2a19069e","local_time":"20210127023932","is_ascension_mode":true,"campfire_choices":[{"data":"Backstab","floor":6.0,"key":"SMITH"},{"data":"Escape Plan","floor":15.0,"key":"SMITH"},{"floor":28.0,"key":"RECALL"},{"data":"Calculated Gamble","floor":30.0,"key":"SMITH"},{"data":"Concentrate","floor":32.0,"key":"SMITH"}],"circlet_count":0,"master_deck":["AscendersBane","Strike_G","Strike_G+1","Defend_G","Defend_G","Defend_G","Survivor","Neutralize","Phantasmal Killer","Backstab+1","Skewer+1","Calculated Gamble+1","Footwork","Acrobatics","Prepared","Escape Plan+1","Noxious Fumes","Grand Finale","PiercingWail","Prepared+1","Bandage Up","Reflex","Concentrate+1","Adrenaline","Master of Strategy"],"relics":["Ring of the Snake","Golden Idol","Regal Pillow","Boot","Whetstone","Empty Cage","Red Mask","Ice Cream","Snake Skull","Busted Crown"],"acts_visited":["Exordium","TheCity","TheBeyond"],"potions_floor_usage":[33,33],"damage_taken":[{"damage":0.0,"enemies":"2 Louse","floor":1.0,"turns":1.0},{"damage":0.0,"enemies":"Small Slimes","floor":2.0,"turns":1.0},{"damage":0.0,"enemies":"Cultist","floor":4.0,"turns":1.0},{"damage":0.0,"enemies":"2 Fungi Beasts","floor":5.0,"turns":1.0},{"damage":0.0,"enemies":"3 Sentries","floor":7.0,"turns":1.0},{"damage":0.0,"enemies":"Lagavulin","floor":10.0,"turns":1.0},{"damage":0.0,"enemies":"Exordium Wildlife","floor":12.0,"turns":1.0},{"damage":0.0,"enemies":"Blue Slaver","floor":13.0,"turns":1.0},{"damage":0.0,"enemies":"Slime Boss","floor":16.0,"turns":1.0},{"damage":0.0,"enemies":"Spheric Guardian","floor":18.0,"turns":1.0},{"damage":0.0,"enemies":"2 Thieves","floor":19.0,"turns":1.0},{"damage":0.0,"enemies":"Masked Bandits","floor":20.0,"turns":1.0},{"damage":0.0,"enemies":"Slavers","floor":23.0,"turns":1.0},{"damage":0.0,"enemies":"Cultist and Chosen","floor":25.0,"turns":1.0},{"damage":13.0,"enemies":"Chosen and Byrds","floor":29.0,"turns":5.0},{"damage":49,"enemies":"Champ","floor":33,"turns":7},{"damage":5,"enemies":"3 Shapes","floor":35,"turns":5},{"damage":63,"enemies":"2 Orb Walkers","floor":37,"turns":4}],"seed_played":"-5279088095018184488","potions_obtained":[{"floor":1.0,"key":"LiquidBronze"},{"floor":5.0,"key":"FearPotion"},{"floor":19.0,"key":"Ancient Potion"},{"floor":25.0,"key":"Energy Potion"},{"floor":29.0,"key":"Energy Potion"}],"is_trial":false,"path_per_floor":["M","M","?","M","M","R","E","?","T","E","$","M","M","?","R","B",null,"M","M","?","?","$","E","?","M","T","?","R","M","R","$","R","B",null,"M","?","?"],"character_chosen":"THE_SILENT","items_purchased":["Bandage Up","Concentrate"],"campfire_rested":0,"item_purchase_floors":[22,31],"current_hp_per_floor":[59,59,59,59,59,59,59,59,59,59,59,59,59,64,64,64,65,65,65,65,65,65,65,65,65,65,65,65,52,52,52,52,7,51,50,50,0,0],"gold":120,"neow_bonus":"THREE_RARE_CARDS","is_daily":false,"chose_seed":true,"campfire_upgraded":4,"win_rate":0.0,"timestamp":1611682772,"path_taken":["M","M","?","M","M","R","E","R","?","T","E","$","?","M","?","R","BOSS","M","M","?","?","?","E","?","M","T","?","R","?","R","$","R","BOSS","M","?","?"],"items_purchased_type":["Card","Card"],"build_version":"2020-12-22","purchased_purges":3,"victory":false,"max_hp_per_floor":[66,66,60,60,60,60,60,60,60,60,60,60,60,65,65,65,65,65,65,65,65,65,65,65,65,65,65,65,65,65,65,65,65,65,65,65,65,65],"card_choices":[{"not_picked":["A Thousand Cuts","Burst"],"picked":"Phantasmal Killer","floor":0.0},{"not_picked":["Calculated Gamble","Deflect"],"picked":"Backstab","floor":1.0},{"not_picked":["Caltrops","Tactician"],"picked":"Skewer","floor":2.0},{"not_picked":["Flying Knee","PiercingWail"],"picked":"Calculated Gamble","floor":4.0},{"not_picked":["Catalyst","Outmaneuver"],"picked":"Footwork","floor":5.0},{"not_picked":["Setup","Caltrops"],"picked":"Acrobatics","floor":7.0},{"not_picked":["Deflect","Dagger Spray"],"picked":"Prepared","floor":10.0},{"not_picked":["Endless Agony","PiercingWail"],"picked":"Escape Plan","floor":12.0},{"not_picked":["Flechettes","Catalyst"],"picked":"Noxious Fumes","floor":13.0},{"not_picked":["Venomology","Wraith Form v2"],"picked":"Grand Finale","floor":16.0},{"not_picked":["Dagger Spray","Bane+1","Underhanded Strike"],"picked":"SKIP","floor":18.0},{"not_picked":["Dagger Spray","Deadly Poison"],"picked":"PiercingWail","floor":19.0},{"not_picked":["Poisoned Stab","Quick Slash"],"picked":"Prepared+1","floor":20.0},{"not_picked":["Deadly Poison","Setup","Outmaneuver"],"picked":"SKIP","floor":23.0},{"not_picked":["Blur","Backstab"],"picked":"Reflex","floor":25.0},{"not_picked":["Blade Dance+1","Skewer","Concentrate+1"],"picked":"SKIP","floor":29.0},{"not_picked":["Venomology","Corpse Explosion"],"picked":"Adrenaline","floor":33},{"not_picked":["Outmaneuver"],"picked":"SKIP","floor":35},{"not_picked":[],"picked":"Master of Strategy","floor":36}],"player_experience":960781,"relics_obtained":[{"floor":7.0,"key":"Regal Pillow"},{"floor":9.0,"key":"Boot"},{"floor":10.0,"key":"Whetstone"},{"floor":20.0,"key":"Red Mask"},{"floor":23.0,"key":"Ice Cream"},{"floor":26.0,"key":"Snake Skull"}],"event_choices":[{"damage_healed":0.0,"max_hp_gain":0.0,"max_hp_loss":6.0,"gold_gain":0.0,"event_name":"Golden Idol","player_choice":"Lose Max HP","floor":3.0,"gold_loss":0.0,"damage_taken":0.0,"relics_obtained":["Golden Idol"]},{"damage_healed":0.0,"max_hp_gain":0.0,"max_hp_loss":0.0,"gold_gain":0.0,"event_name":"Lab","player_choice":"Got Potions","floor":8.0,"gold_loss":0.0,"damage_taken":0.0},{"damage_healed":0.0,"max_hp_gain":5.0,"max_hp_loss":0.0,"gold_gain":0.0,"event_name":"Big Fish","player_choice":"Donut","floor":14.0,"gold_loss":0.0,"damage_taken":0.0},{"damage_healed":0.0,"max_hp_gain":0.0,"max_hp_loss":0.0,"gold_gain":0.0,"event_name":"Masked Bandits","player_choice":"Fought Bandits","floor":20.0,"gold_loss":0.0,"damage_taken":0.0},{"damage_healed":0.0,"max_hp_gain":0.0,"max_hp_loss":0.0,"gold_gain":0.0,"event_name":"Vampires","player_choice":"Ignored","floor":21.0,"gold_loss":0.0,"damage_taken":0.0},{"damage_healed":0.0,"max_hp_gain":0.0,"max_hp_loss":0.0,"gold_gain":0.0,"event_name":"Ghosts","player_choice":"Ignored","floor":24.0,"gold_loss":0.0,"damage_taken":0.0},{"damage_healed":0.0,"max_hp_gain":0.0,"max_hp_loss":0.0,"gold_gain":0.0,"event_name":"Cursed Tome","player_choice":"Ignored","floor":27.0,"gold_loss":0.0,"damage_taken":0.0},{"damage_healed":0,"gold_gain":0,"player_choice":"Memory 1","damage_taken":0,"max_hp_gain":0,"max_hp_loss":0,"event_name":"SensoryStone","floor":36,"gold_loss":0},{"damage_healed":0,"gold_gain":0,"player_choice":"Fight","damage_taken":0,"max_hp_gain":0,"max_hp_loss":0,"event_name":"Mysterious Sphere","floor":37,"gold_loss":0}],"is_beta":false,"boss_relics":[{"not_picked":["WristBlade","HoveringKite"],"picked":"Empty Cage"},{"not_picked":["Astrolabe","Snecko Eye"],"picked":"Busted Crown"}],"items_purged_floors":[11,22,31],"is_endless":false,"potions_floor_spawned":[1,5,7,10,13,19,25,29],"killed_by":"2 Orb Walkers","ascension_level":20}}