{"host":"52qn9i9g887267js","time":1611647967,"event":{"mods":["BaseMod","Colored Map","Colored Powertips","Downfall","Hermit","Jorbs\u0027s Wanderer Trilogy","Minty Spire (QoL Compilation)","StSLib","The Bug Knight","The Cursed","The Hierophant"],"gold_per_floor":[119,44,219,229,229,81,81,156,156,171,171,183,203,267,267,370,370,388,61,61,71,81,113,113,126,126,138,153,166,16,29,29,132,132,152,202,202,202,220,233,243,243,267,267,267,280,298,316,316,316],"floor_reached":51,"language":"ENG","playtime":6894,"items_purged":["TheCursedMod:Strike_TheCursed","TheCursedMod:Strike_TheCursed","TheCursedMod:Strike_TheCursed","TheCursedMod:DarkBarrier"],"score":615,"play_id":"0c19450b-7e24-4f45-a158-e36a8718500f","local_time":"20210125235927","is_ascension_mode":false,"campfire_choices":[{"data":"TheCursedMod:CircleOfFlame","floor":7.0,"key":"SMITH"},{"data":"TheCursedMod:SpitefulPlan","floor":11.0,"key":"SMITH"},{"floor":15.0,"key":"REST"},{"floor":24.0,"key":"REST"},{"floor":32.0,"key":"REST"},{"data":"TheCursedMod:VoidForm","floor":42.0,"key":"SMITH"},{"data":"TheCursedMod:Obscuration","floor":44.0,"key":"SMITH"},{"floor":49.0,"key":"REST"}],"circlet_count":0,"master_deck":["TheCursedMod:Defend_TheCursed","TheCursedMod:Defend_TheCursed","TheCursedMod:CursedWand","TheCursedMod:CleanUpWorkshop","TheCursedMod:Dregs","TheCursedMod:CircleOfFlame+1","Doubt","TheCursedMod:Wield","TheCursedMod:Wield","TheCursedMod:SpitefulPlan+1","TheCursedMod:CursedShiv+1","TheCursedMod:AbyssShockwave+1","TheCursedMod:VoidForm+1","TheCursedMod:Obscuration+1","Bandage Up","TheCursedMod:RapidMovement+1"],"relics":["TheCursedMod:BlackMagicAdvanced","Molten Egg 2","Letter Opener","Bag of Marbles","Meat on the Bone","Shuriken","Busted Crown","Torii"],"acts_visited":["Exordium","TheCity","TheBeyond"],"potions_floor_usage":[50,50],"damage_taken":[{"damage":4.0,"enemies":"Jaw Worm","floor":1.0,"turns":5.0},{"damage":1.0,"enemies":"2 Louse","floor":4.0,"turns":2.0},{"damage":0.0,"enemies":"Small Slimes","floor":10.0,"turns":2.0},{"damage":5.0,"enemies":"Gremlin Gang","floor":12.0,"turns":2.0},{"damage":5.0,"enemies":"Red Slaver","floor":13.0,"turns":2.0},{"damage":16.0,"enemies":"Lagavulin Event","floor":14.0,"turns":4.0},{"damage":16.0,"enemies":"Hexaghost","floor":16.0,"turns":7.0},{"damage":0.0,"enemies":"3 Byrds","floor":18.0,"turns":2.0},{"damage":5.0,"enemies":"2 Thieves","floor":21.0,"turns":2.0},{"damage":17.0,"enemies":"Centurion and Healer","floor":22.0,"turns":4.0},{"damage":23.0,"enemies":"Book of Stabbing","floor":23.0,"turns":4.0},{"damage":0.0,"enemies":"Snecko","floor":25.0,"turns":3.0},{"damage":10.0,"enemies":"Cultist and Chosen","floor":27.0,"turns":4.0},{"damage":10.0,"enemies":"Centurion and Healer","floor":28.0,"turns":4.0},{"damage":20.0,"enemies":"Snake Plant","floor":29.0,"turns":4.0},{"damage":16.0,"enemies":"Shelled Parasite and Fungi","floor":31.0,"turns":5.0},{"damage":13.0,"enemies":"Collector","floor":33.0,"turns":5.0},{"damage":0.0,"enemies":"3 Shapes","floor":35.0,"turns":1.0},{"damage":12.0,"enemies":"Mind Bloom Boss Battle","floor":36.0,"turns":6.0},{"damage":6.0,"enemies":"3 Darklings","floor":39.0,"turns":3.0},{"damage":12.0,"enemies":"Maw","floor":40.0,"turns":5.0},{"damage":23.0,"enemies":"Writhing Mass","floor":41.0,"turns":5.0},{"damage":11.0,"enemies":"Jaw Worm Horde","floor":46.0,"turns":2.0},{"damage":6.0,"enemies":"4 Shapes","floor":47.0,"turns":5.0},{"damage":37.0,"enemies":"Transient","floor":48.0,"turns":5.0},{"damage":51,"enemies":"Time Eater","floor":50,"turns":8}],"seed_played":"25648371988190048","potions_obtained":[{"floor":4.0,"key":"LiquidMemories"},{"floor":10.0,"key":"FearPotion"},{"floor":14.0,"key":"SteroidPotion"},{"floor":28.0,"key":"ColorlessPotion"},{"floor":33.0,"key":"hexamod:EctoCoolerPotion"},{"floor":35.0,"key":"Regen Potion"},{"floor":41.0,"key":"Explosive Potion"},{"floor":46.0,"key":"Swift Potion"},{"floor":48.0,"key":"Explosive Potion"}],"is_trial":false,"path_per_floor":["M","$","?","M","?","$","R","?","T","M","R","M","M","?","R","B",null,"M","$","?","M","M","E","R","M","T","M","M","M","$","M","R","B",null,"M","?","?","?","M","M","M","R","T","R","?","M","M","M","R","B",null],"character_chosen":"THE_CURSED","items_purchased":["TheCursedMod:Wield","TheCursedMod:SurpriseAttack+1","Bag of Marbles"],"campfire_rested":4,"item_purchase_floors":[6,19,19],"current_hp_per_floor":[64,64,64,63,56,56,56,45,45,45,45,40,35,19,39,23,68,68,68,68,63,46,23,43,43,43,45,35,27,27,23,43,42,68,68,56,56,56,54,46,39,39,39,39,39,44,42,21,40,20],"gold":316,"neow_bonus":"REMOVE_TWO","is_daily":false,"chose_seed":false,"campfire_upgraded":4,"win_rate":0.0,"timestamp":1611647967,"path_taken":["M","$","?","M","?","$","R","?","T","M","R","M","?","?","R","BOSS","M","$","?","M","?","E","R","M","T","?","M","M","$","M","R","BOSS","M","?","?","?","M","M","M","R","T","R","?","M","M","M","R","BOSS"],"items_purchased_type":["Card","Card","Relic"],"build_version":"2020-12-22","purchased_purges":4,"victory":true,"max_hp_per_floor":[68,68,68,68,68,68,68,68,68,68,68,68,68,68,68,68,68,68,68,68,68,68,68,68,68,68,68,68,68,68,68,68,68,68,68,68,68,68,68,68,68,68,68,68,65,65,65,65,65,65],"card_choices":[{"not_picked":["TheCursedMod:SpitefulStrike","TheCursedMod:SoulReap"],"picked":"TheCursedMod:CircleOfFlame","floor":1.0},{"not_picked":["TheCursedMod:CircleOfWindfury","TheCursedMod:VitalStrike"],"picked":"TheCursedMod:Wield","floor":4.0},{"not_picked":["TheCursedMod:CursedShiv+1","TheCursedMod:CollectTribute"],"picked":"TheCursedMod:SpitefulPlan","floor":10.0},{"not_picked":["TheCursedMod:Stigma+1","TheCursedMod:CircleOfBlood"],"picked":"TheCursedMod:CursedShiv+1","floor":12.0},{"not_picked":["TheCursedMod:Wield+1","TheCursedMod:ReleasedKnowledge","TheCursedMod:RavingStaff+1"],"picked":"SKIP","floor":13.0},{"not_picked":["TheCursedMod:ReleasedKnowledge","TheCursedMod:SurpriseAttack+1"],"picked":"TheCursedMod:AbyssShockwave+1","floor":14.0},{"not_picked":["TheCursedMod:ManaCirculation","TheCursedMod:OutForBlood"],"picked":"TheCursedMod:DarkBarrier","floor":16.0},{"not_picked":["TheCursedMod:RapidMovement","TheCursedMod:SpitefulPlan+1","TheCursedMod:Stigma+1"],"picked":"SKIP","floor":18.0},{"not_picked":["TheCursedMod:CircleOfFlame","TheCursedMod:CursedBlade+1"],"picked":"TheCursedMod:Obscuration","floor":21.0},{"not_picked":["TheCursedMod:SaltUponWound","TheCursedMod:Stigma+1","TheCursedMod:CircleOfAmplification"],"picked":"SKIP","floor":22.0},{"not_picked":["TheCursedMod:Wield+1","TheCursedMod:DemonSword+1","TheCursedMod:WearCloak"],"picked":"SKIP","floor":23.0},{"not_picked":["TheCursedMod:SoulReap+1","TheCursedMod:RapidMovement+1","TheCursedMod:HellsGateOpen"],"picked":"SKIP","floor":27.0},{"not_picked":["TheCursedMod:Torture","TheCursedMod:SpitefulPray","TheCursedMod:CircleOfFlame"],"picked":"SKIP","floor":28.0},{"not_picked":["TheCursedMod:CursedAmulet","TheCursedMod:CursedShiv+1","TheCursedMod:SaltUponWound"],"picked":"SKIP","floor":29.0},{"not_picked":["TheCursedMod:Stretching","TheCursedMod:TacticalStrike+1","TheCursedMod:RavingStaff+1"],"picked":"SKIP","floor":31.0},{"not_picked":["TheCursedMod:EmpowerCircles+1"],"picked":"SKIP","floor":35.0},{"not_picked":[],"picked":"Bandage Up","floor":38.0},{"not_picked":["TheCursedMod:FleshFromBone"],"picked":"SKIP","floor":39.0},{"not_picked":["TheCursedMod:Stretching"],"picked":"SKIP","floor":40.0},{"not_picked":["TheCursedMod:CursedAmulet"],"picked":"SKIP","floor":41.0},{"not_picked":[],"picked":"TheCursedMod:RapidMovement+1","floor":46.0},{"not_picked":["TheCursedMod:SpitefulPray"],"picked":"SKIP","floor":47.0},{"not_picked":["TheCursedMod:FleshFromBone+1"],"picked":"SKIP","floor":48.0}],"player_experience":1000925,"relics_obtained":[{"floor":9.0,"key":"Molten Egg 2"},{"floor":14.0,"key":"Letter Opener"},{"floor":23.0,"key":"Meat on the Bone"},{"floor":26.0,"key":"Shuriken"},{"floor":36.0,"key":"Torii"}],"event_choices":[{"damage_healed":0.0,"max_hp_gain":0.0,"max_hp_loss":0.0,"gold_gain":175.0,"event_name":"Liars Game","player_choice":"AGREE","floor":3.0,"gold_loss":0.0,"damage_taken":0.0,"cards_obtained":["Doubt"]},{"cards_removed":["TheCursedMod:Strike_TheCursed"],"damage_healed":0.0,"max_hp_gain":0.0,"max_hp_loss":0.0,"gold_gain":0.0,"event_name":"Golden Wing","player_choice":"Card Removal","floor":5.0,"gold_loss":0.0,"damage_taken":7.0},{"damage_healed":0.0,"max_hp_gain":0.0,"max_hp_loss":0.0,"gold_gain":75.0,"event_name":"World of Goop","player_choice":"Gather Gold","floor":8.0,"gold_loss":0.0,"damage_taken":11.0},{"damage_healed":0.0,"max_hp_gain":0.0,"max_hp_loss":0.0,"gold_gain":0.0,"event_name":"Dead Adventurer","player_choice":"Searched \u00271\u0027 times","floor":14.0,"gold_loss":0.0,"damage_taken":0.0},{"damage_healed":0.0,"max_hp_gain":0.0,"max_hp_loss":0.0,"gold_gain":0.0,"event_name":"Match and Keep!","player_choice":"1 cards matched","floor":20.0,"gold_loss":0.0,"damage_taken":0.0,"cards_obtained":["TheCursedMod:VoidForm"]},{"damage_healed":0.0,"max_hp_gain":0.0,"max_hp_loss":0.0,"gold_gain":0.0,"event_name":"MindBloom","player_choice":"Fight","floor":36.0,"gold_loss":0.0,"damage_taken":0.0},{"cards_removed":["TheCursedMod:SurpriseAttack"],"damage_healed":0.0,"max_hp_gain":0.0,"max_hp_loss":0.0,"gold_gain":0.0,"event_name":"Falling","player_choice":"Removed Attack","floor":37.0,"gold_loss":0.0,"damage_taken":0.0},{"damage_healed":0.0,"max_hp_gain":0.0,"max_hp_loss":0.0,"gold_gain":0.0,"event_name":"SensoryStone","player_choice":"Memory 1","floor":38.0,"gold_loss":0.0,"damage_taken":0.0},{"damage_healed":0.0,"max_hp_gain":0.0,"max_hp_loss":3.0,"gold_gain":0.0,"event_name":"Winding Halls","player_choice":"Max HP","floor":45.0,"gold_loss":0.0,"damage_taken":0.0}],"is_beta":false,"boss_relics":[{"not_picked":["Snecko Eye","Philosopher\u0027s Stone"],"picked":"TheCursedMod:BlackMagicAdvanced"},{"not_picked":["Astrolabe","Tiny House"],"picked":"Busted Crown"}],"items_purged_floors":[2,6,19,30],"is_endless":false,"potions_floor_spawned":[4,10,14,16,18,28,33,35,41,46,48],"ascension_level":0}}