{"host":"zxd7sxkt31l2m2hb","time":1611686152,"event":{"mods":["AchievementEnabler","BaseMod","BetterRewards","Colored Map","Colored Powertips","Highlight Path","Minty Spire (QoL Compilation)","Quick Restart","StSLib","SuperFastMode","The Jungle","slay the spire mod where everything is the same but ironclad has a cowboy hat"],"gold_per_floor":[150,126,126,126,126,126,216,273,349,382,427,427,427,511,511,826,826,871,883,895,559,601,706,790,823,823,823,823,480,780,861,861,1161,1161,1194,1194,1194,1224,509,509],"floor_reached":39,"language":"DEU","playtime":5560,"items_purged":[],"score":783,"play_id":"f9e992ae-dc1e-483c-85dd-3888fff547ad","local_time":"20210126193552","daily_mods":["SealedDeck","Hoarder","Vintage","Heirloom","Flight","DeadlyEvents","Elite Swarm","Lethality","Midas","Night Terrors","Terminal"],"is_ascension_mode":false,"campfire_choices":[{"floor":6,"key":"REST"},{"floor":12,"key":"DIG"},{"floor":13,"key":"DIG"},{"floor":15,"key":"DIG"},{"floor":27,"key":"DIG"},{"floor":28,"key":"DIG"},{"floor":32,"key":"DIG"}],"circlet_count":0,"master_deck":["Deflect+1","Deflect+1","Deflect+1","Dagger Throw+1","Dagger Throw+1","All Out Attack+1","All Out Attack+1","All Out Attack+1","Deflect+1","Deflect+1","Deflect+1","Deflect+1","Deflect+1","Deflect+1","Acrobatics+1","Acrobatics+1","Acrobatics+1","Slice+1","Slice+1","Slice+1","Blade Dance+1","Blade Dance+1","Blade Dance+1","Prepared+1","Prepared+1","Prepared+1","Prepared+1","Prepared+1","Prepared+1","Underhanded Strike+1","Underhanded Strike+1","Underhanded Strike+1","Adrenaline+1","Adrenaline+1","Adrenaline+1","Tactician+1","Tactician+1","Tactician+1","Adrenaline+1","Adrenaline+1","Adrenaline+1","Thinking Ahead+1","Thinking Ahead+1","Thinking Ahead+1","Adrenaline+1","Adrenaline+1","Adrenaline+1","Finesse+1","Finesse+1","Finesse+1","Adrenaline+1","Adrenaline+1","Adrenaline+1","Mind Blast+1","Mind Blast+1","Mind Blast+1","Eviscerate+1","Eviscerate+1","Eviscerate+1"],"relics":["Ring of the Snake","Ginger","Shuriken","TungstenRod","Tiny Chest","Singing Bowl","PreservedInsect","Shovel","Meat on the Bone","Orichalcum","Odd Mushroom","Ancient Tea Set","WristBlade","MawBank","DollysMirror","Pantograph","Mango","Incense Burner","StoneCalendar","Nunchaku","Kunai","Lizard Tail","Pear","Old Coin","Bag of Preparation","Molten Egg 2","Runic Pyramid","Darkstone Periapt","Mark of the Bloom","Frozen Egg 2","Tough Bandages","Bottled Flame"],"acts_visited":["Exordium","TheCity","TheBeyond"],"potions_floor_usage":[],"damage_taken":[{"damage":0,"enemies":"Jaw Worm","floor":1,"turns":1},{"damage":12,"enemies":"Lagavulin","floor":7,"turns":3},{"damage":0,"enemies":"Cultist","floor":8,"turns":1},{"damage":0,"enemies":"Small Slimes","floor":10,"turns":1},{"damage":0,"enemies":"Blue Slaver","floor":11,"turns":1},{"damage":0,"enemies":"The Mushroom Lair","floor":14,"turns":1},{"damage":0,"enemies":"Slime Boss","floor":16,"turns":3},{"damage":8,"enemies":"Shell Parasite","floor":18,"turns":2},{"damage":0,"enemies":"Spheric Guardian","floor":22,"turns":1},{"damage":8,"enemies":"Book of Stabbing","floor":23,"turns":2},{"damage":0,"enemies":"Gremlin Leader","floor":24,"turns":2},{"damage":4,"enemies":"Shelled Parasite and Fungi","floor":25,"turns":2},{"damage":1,"enemies":"Book of Stabbing","floor":31,"turns":2},{"damage":0,"enemies":"Automaton","floor":33,"turns":2},{"damage":0,"enemies":"3 Darklings","floor":35,"turns":2},{"damage":3,"enemies":"3 Shapes","floor":38,"turns":1}],"seed_played":"-4858691121472485513","potions_obtained":[{"floor":10,"key":"Explosive Potion"},{"floor":14,"key":"Regen Potion"},{"floor":18,"key":"FairyPotion"}],"is_trial":true,"path_per_floor":["M","$","?","$","$","R","E","M","T","M","M","R","R","?","R","B",null,"M","?","$","$","M","E","E","M","T","R","R","$","T","E","R","B",null,"M","?","?","M","$"],"character_chosen":"THE_SILENT","items_purchased":["Underhanded Strike","DollysMirror","Thinking Ahead","Pear","Finesse","Mind Blast+1","Tough Bandages","Bottled Flame","Eviscerate+1"],"campfire_rested":1,"item_purchase_floors":[2,21,21,29,29,39,39,39,39],"current_hp_per_floor":[68,67,66,65,64,58,46,46,46,46,46,46,46,48,48,50,51,43,43,43,43,43,49,51,47,47,47,47,57,57,56,56,63,62,61,60,59,56,56,56],"gold":509,"neow_bonus":"","is_daily":false,"chose_seed":false,"campfire_upgraded":0,"win_rate":0.0,"timestamp":1611686152,"path_taken":["M","$","?","$","$","R","?","M","T","M","M","R","R","?","R","BOSS","M","?","$","$","M","E","E","M","T","R","R","?","?","E","R","BOSS","M","?","?","M","?"],"items_purchased_type":["Card","Relic","Card","Relic","Card","Card","Relic","Relic","Card"],"build_version":"2020-12-22","purchased_purges":0,"victory":false,"max_hp_per_floor":[68,67,66,65,64,58,57,56,55,54,53,52,51,52,51,52,51,50,49,48,47,46,59,60,59,58,57,56,65,64,63,62,63,62,61,60,59,58,58,58],"card_choices":[{"not_picked":["Storm of Steel","Malaise"],"picked":"Adrenaline","floor":7},{"not_picked":["Crippling Poison","Cloak And Dagger","Acrobatics"],"picked":"Singing Bowl","floor":14},{"not_picked":["Night Terror","Tools of the Trade","Phantasmal Killer"],"picked":"Singing Bowl","floor":16},{"not_picked":["After Image","Bullet Time"],"picked":"Adrenaline","floor":23},{"not_picked":["Glass Knife","Tools of the Trade","Storm of Steel"],"picked":"Singing Bowl","floor":24},{"not_picked":["Tools of the Trade","Phantasmal Killer"],"picked":"Adrenaline","floor":31},{"not_picked":["Corpse Explosion","Venomology","Die Die Die+1"],"picked":"Singing Bowl","floor":33}],"player_experience":107352,"relics_obtained":[{"floor":1,"key":"Shuriken"},{"floor":7,"key":"TungstenRod"},{"floor":8,"key":"Tiny Chest"},{"floor":9,"key":"Singing Bowl"},{"floor":10,"key":"PreservedInsect"},{"floor":11,"key":"Shovel"},{"floor":12,"key":"Meat on the Bone"},{"floor":13,"key":"Orichalcum"},{"floor":14,"key":"Odd Mushroom"},{"floor":15,"key":"Ancient Tea Set"},{"floor":18,"key":"MawBank"},{"floor":22,"key":"Pantograph"},{"floor":23,"key":"Mango"},{"floor":24,"key":"Incense Burner"},{"floor":25,"key":"StoneCalendar"},{"floor":26,"key":"Nunchaku"},{"floor":27,"key":"Kunai"},{"floor":28,"key":"Lizard Tail"},{"floor":30,"key":"Old Coin"},{"floor":31,"key":"Bag of Preparation"},{"floor":32,"key":"Molten Egg 2"},{"floor":35,"key":"Darkstone Periapt"},{"floor":38,"key":"Frozen Egg 2"}],"event_choices":[{"cards_removed":["Dagger Throw"],"damage_healed":0,"gold_gain":0,"player_choice":"Purged","damage_taken":0,"max_hp_gain":0,"max_hp_loss":0,"event_name":"Purifier","floor":3,"gold_loss":0},{"damage_healed":0,"gold_gain":0,"player_choice":"Fought Mushrooms","damage_taken":0,"max_hp_gain":0,"max_hp_loss":0,"event_name":"Mushrooms","floor":14,"gold_loss":0},{"damage_healed":0,"gold_gain":0,"player_choice":"Read","damage_taken":0,"max_hp_gain":0,"max_hp_loss":0,"event_name":"The Library","floor":19,"gold_loss":0,"cards_obtained":["Tactician"]},{"damage_healed":0,"gold_gain":0,"player_choice":"Upgrade","damage_taken":0,"relics_obtained":["Mark of the Bloom"],"max_hp_gain":0,"max_hp_loss":0,"event_name":"MindBloom","floor":36,"gold_loss":0,"cards_upgraded":["Deflect","Deflect","Deflect","Dagger Throw","Dagger Throw","All Out Attack","All Out Attack","All Out Attack","Deflect","Deflect","Deflect","Deflect","Deflect","Deflect","Acrobatics","Acrobatics","Acrobatics","Slice","Slice","Slice","Blade Dance","Blade Dance","Blade Dance","Prepared","Prepared","Prepared","Prepared","Prepared","Prepared","Underhanded Strike","Underhanded Strike","Underhanded Strike","Adrenaline","Adrenaline","Adrenaline","Tactician","Tactician","Tactician","Adrenaline","Adrenaline","Adrenaline","Thinking Ahead","Thinking Ahead","Thinking Ahead","Adrenaline","Adrenaline","Adrenaline","Finesse","Finesse","Finesse","Adrenaline","Adrenaline","Adrenaline"]},{"damage_healed":0,"gold_gain":0,"player_choice":"Ignored","damage_taken":0,"max_hp_gain":0,"max_hp_loss":0,"event_name":"Mysterious Sphere","floor":37,"gold_loss":0}],"is_beta":false,"boss_relics":[{"not_picked":["Calling Bell","Coffee Dripper"],"picked":"WristBlade"},{"not_picked":["Snecko Eye","Sozu"],"picked":"Runic Pyramid"}],"items_purged_floors":[],"is_endless":false,"potions_floor_spawned":[10,14,18,25],"ascension_level":0}}