{"host":"vyjryxuuuxkt43k4","time":1611676673,"event":{"mods":["AchievementEnabler","BaseMod","Colored Map","DeckTracker","Keyboard Shortcuts","Minty Spire (QoL Compilation)","Permanent Neow","Quick Restart","Rare Cards Sparkle","StSLib","SuperFastMode","everything is the same but u backflip on backflip"],"gold_per_floor":[119,119,135,146,106,106,106,106],"floor_reached":7,"language":"KOR","playtime":253,"items_purged":[],"score":82,"play_id":"0b04a3e7-b698-4011-ae38-514c4bbb942a","local_time":"20210127005753","is_ascension_mode":true,"campfire_choices":[{"data":"Body Slam","floor":6.0,"key":"SMITH"}],"circlet_count":0,"master_deck":["AscendersBane","Strike_R","Strike_R","Strike_R","Strike_R","Defend_R","Defend_R","Defend_R","Defend_R","Bash","Headbutt","Reaper","Whirlwind","Body Slam+1","Flame Barrier"],"relics":["Burning Blood","Oddly Smooth Stone"],"acts_visited":["Exordium"],"potions_floor_usage":[],"damage_taken":[{"damage":9.0,"enemies":"Cultist","floor":1.0,"turns":5.0},{"damage":8.0,"enemies":"2 Louse","floor":3.0,"turns":3.0},{"damage":12.0,"enemies":"Jaw Worm","floor":4.0,"turns":4.0},{"damage":5.0,"enemies":"Looter","floor":5.0,"turns":4.0},{"damage":77,"enemies":"Lagavulin","floor":7,"turns":10}],"seed_played":"3877316968560425243","potions_obtained":[{"floor":4.0,"key":"ElixirPotion"}],"is_trial":false,"path_per_floor":["M","?","M","M","M","R","E"],"character_chosen":"IRONCLAD","items_purchased":[],"campfire_rested":0,"item_purchase_floors":[],"current_hp_per_floor":[65,65,71,69,75,75,0,0],"gold":106,"neow_bonus":"RANDOM_COMMON_RELIC","is_daily":false,"chose_seed":false,"campfire_upgraded":1,"win_rate":0.0,"timestamp":1611676673,"path_taken":["M","?","M","M","M","R","E"],"items_purchased_type":[],"build_version":"2020-12-22","purchased_purges":0,"victory":false,"max_hp_per_floor":[75,75,75,75,75,75,75,75],"card_choices":[{"not_picked":["True Grit","Rage"],"picked":"Headbutt","floor":1.0},{"not_picked":["Clash","Perfected Strike"],"picked":"Whirlwind","floor":3.0},{"not_picked":["True Grit","Sword Boomerang"],"picked":"Body Slam","floor":4.0},{"not_picked":["Rage","Clothesline"],"picked":"Flame Barrier","floor":5.0}],"player_experience":385916,"relics_obtained":[],"event_choices":[{"damage_healed":0.0,"max_hp_gain":0.0,"max_hp_loss":0.0,"gold_gain":0.0,"cards_transformed":["Strike_R"],"event_name":"Living Wall","player_choice":"Change","floor":2.0,"gold_loss":0.0,"damage_taken":0.0,"cards_obtained":["Reaper"]}],"is_beta":false,"boss_relics":[],"items_purged_floors":[],"is_endless":false,"potions_floor_spawned":[4],"killed_by":"Lagavulin","ascension_level":20}}