{"host":"ef3ybc9bdsabvdps","time":1611657174,"event":{"mods":["BaseMod","Minty Spire (QoL Compilation)"],"gold_per_floor":[114,164,179,193,212,212,232,232,232,263,263,323,398,408,408,513,513,524,524,449,449,468,468,496,153,205,231,231,250,263,263,263,263,263],"floor_reached":33,"language":"KOR","playtime":1283,"items_purged":["Strike_B","Strike_B"],"score":342,"play_id":"e9a17aed-0dd6-498e-b1dd-0a8a080ab83d","local_time":"20210126193254","is_ascension_mode":true,"campfire_choices":[{"data":"Zap","floor":6.0,"key":"SMITH"},{"data":"Double Energy","floor":8.0,"key":"SMITH"},{"data":"Dualcast","floor":11.0,"key":"SMITH"},{"floor":15.0,"key":"REST"},{"data":"Seek","floor":23.0,"key":"SMITH"},{"data":"Echo Form","floor":28,"key":"SMITH"},{"floor":32,"key":"REST"}],"circlet_count":0,"master_deck":["Strike_B","Defend_B","Defend_B","Defend_B","Zap+1","Dualcast+1","Sunder","Double Energy+1","Leap","Core Surge","Echo Form+1","Redo+1","Compile Driver","Seek+1","Steam+1","FTL","Electrodynamics","Cold Snap+1","Sweeping Beam"],"relics":["Cracked Core","Strawberry","Happy Flower","Cables","Bag of Preparation","DataDisk","SlaversCollar","Question Card","Singing Bowl","Blood Vial","Kunai"],"acts_visited":["Exordium","TheCity"],"potions_floor_usage":[33,33],"damage_taken":[{"damage":1.0,"enemies":"Cultist","floor":1.0,"turns":3.0},{"damage":7.0,"enemies":"Jaw Worm","floor":3.0,"turns":3.0},{"damage":3.0,"enemies":"2 Louse","floor":4.0,"turns":3.0},{"damage":7.0,"enemies":"Looter","floor":5.0,"turns":4.0},{"damage":3.0,"enemies":"3 Louse","floor":7.0,"turns":2.0},{"damage":10.0,"enemies":"Gremlin Nob","floor":10.0,"turns":3.0},{"damage":20.0,"enemies":"3 Sentries","floor":12.0,"turns":4.0},{"damage":0.0,"enemies":"Exordium Thugs","floor":14.0,"turns":2.0},{"damage":31.0,"enemies":"Hexaghost","floor":16.0,"turns":8.0},{"damage":2.0,"enemies":"Spheric Guardian","floor":18.0,"turns":3.0},{"damage":9.0,"enemies":"Shell Parasite","floor":22.0,"turns":2.0},{"damage":19.0,"enemies":"Slavers","floor":24.0,"turns":3.0},{"damage":5,"enemies":"Gremlin Leader","floor":27,"turns":4},{"damage":6,"enemies":"Snake Plant","floor":29,"turns":2},{"damage":11,"enemies":"Centurion and Healer","floor":30,"turns":4},{"damage":76,"enemies":"Champ","floor":33,"turns":9}],"seed_played":"1529370346376491714","potions_obtained":[{"floor":4.0,"key":"SteroidPotion"},{"floor":5.0,"key":"Weak Potion"},{"floor":10.0,"key":"FocusPotion"},{"floor":12.0,"key":"Block Potion"},{"floor":16.0,"key":"SmokeBomb"},{"floor":29,"key":"LiquidMemories"},{"floor":30,"key":"SkillPotion"}],"is_trial":false,"path_per_floor":["M","T","M","M","M","R","M","R","T","E","R","?","?","M","R","B",null,"M","?","$","?","M","R","E","$","T","E","R","M","M","?","R","B"],"character_chosen":"DEFECT","items_purchased":["Singing Bowl"],"campfire_rested":2,"item_purchase_floors":[25],"current_hp_per_floor":[81,81,74,71,64,64,61,61,61,51,51,31,20,20,44,13,82,80,80,80,80,71,71,52,52,52,51,51,49,42,42,68,0,0],"gold":263,"neow_bonus":"RANDOM_COMMON_RELIC","is_daily":false,"chose_seed":false,"campfire_upgraded":5,"win_rate":0.0,"timestamp":1611657174,"path_taken":["M","?","M","M","M","R","M","R","T","E","R","?","?","M","R","BOSS","M","?","$","?","M","R","E","$","T","E","R","?","M","?","R","BOSS"],"items_purchased_type":["Relic"],"build_version":"2020-12-22","purchased_purges":2,"victory":false,"max_hp_per_floor":[82,82,82,82,82,82,82,82,82,82,82,82,82,82,82,82,82,82,82,82,82,82,82,82,82,82,84,84,86,88,88,88,88,88],"card_choices":[{"not_picked":["Rebound","Genetic Algorithm"],"picked":"Sunder","floor":1.0},{"not_picked":["Cold Snap","Stack"],"picked":"Double Energy","floor":3.0},{"not_picked":["Rebound","Stack"],"picked":"Leap","floor":4.0},{"not_picked":["Coolheaded","Hello World"],"picked":"Core Surge","floor":5.0},{"not_picked":["Streamline","Scrape","Storm"],"picked":"SKIP","floor":7.0},{"not_picked":["Streamline","Scrape","Storm"],"picked":"SKIP","floor":7.0},{"not_picked":["Ball Lightning","Loop"],"picked":"Echo Form","floor":10.0},{"not_picked":["Doom and Gloom","Conserve Battery"],"picked":"Redo","floor":12.0},{"not_picked":["Scrape","Streamline"],"picked":"Compile Driver","floor":14.0},{"not_picked":["Fission","Creative AI"],"picked":"Seek","floor":16.0},{"not_picked":["Redo","Storm"],"picked":"Steam+1","floor":18.0},{"not_picked":["Reinforced Body","Tempest+1"],"picked":"Cold Snap+1","floor":22.0},{"not_picked":["Steam","Rebound"],"picked":"Sweeping Beam","floor":24.0},{"not_picked":["Barrage+1","Tempest+1","Steam Power+1","Sweeping Beam"],"picked":"Singing Bowl","floor":27},{"not_picked":["Lockon","Ball Lightning","Beam Cell+1","Go for the Eyes"],"picked":"Singing Bowl","floor":29},{"not_picked":["Conserve Battery+1","Rip and Tear","Steam","Hologram"],"picked":"Singing Bowl","floor":30}],"player_experience":321524,"relics_obtained":[{"floor":2.0,"key":"Happy Flower"},{"floor":9.0,"key":"Cables"},{"floor":10.0,"key":"Bag of Preparation"},{"floor":12.0,"key":"DataDisk"},{"floor":24.0,"key":"Question Card"},{"floor":26.0,"key":"Blood Vial"},{"floor":27,"key":"Kunai"}],"event_choices":[{"damage_healed":0.0,"max_hp_gain":0.0,"max_hp_loss":0.0,"gold_gain":0.0,"event_name":"Dead Adventurer","player_choice":"Searched \u00272\u0027 times","floor":12.0,"gold_loss":0.0,"damage_taken":0.0},{"damage_healed":0.0,"max_hp_gain":0.0,"max_hp_loss":0.0,"gold_gain":75.0,"event_name":"World of Goop","player_choice":"Gather Gold","floor":13.0,"gold_loss":0.0,"damage_taken":11.0},{"damage_healed":0.0,"max_hp_gain":0.0,"max_hp_loss":0.0,"gold_gain":0.0,"cards_transformed":["Strike_B","Defend_B"],"event_name":"Drug Dealer","player_choice":"Became Test Subject","floor":19.0,"gold_loss":0.0,"damage_taken":0.0,"cards_obtained":["FTL","Electrodynamics"]},{"damage_healed":0.0,"max_hp_gain":0.0,"max_hp_loss":0.0,"gold_gain":0.0,"event_name":"Accursed Blacksmith","player_choice":"Forge","floor":21.0,"gold_loss":0.0,"damage_taken":0.0,"cards_upgraded":["Redo"]},{"damage_healed":0,"gold_gain":0,"player_choice":"Ignored","damage_taken":0,"max_hp_gain":0,"max_hp_loss":0,"event_name":"Ghosts","floor":31,"gold_loss":0}],"is_beta":false,"boss_relics":[{"not_picked":["Velvet Choker","Runic Dome"],"picked":"SlaversCollar"}],"items_purged_floors":[20,25],"is_endless":false,"potions_floor_spawned":[4,5,10,12,16,29,30],"killed_by":"Champ","ascension_level":4}}