{"host":"mi0eibewekhugwl1","time":1611656535,"event":{"mods":["AchievementEnabler","BaseMod","Colored Map","Colored Powertips","DeckTracker","Keyboard Shortcuts","Minty Spire (QoL Compilation)","Quick Restart","Rare Cards Sparkle","Relic Stats","StSLib","SuperFastMode","everything is the same but u backflip on backflip"],"gold_per_floor":[158,158,193,232,285,285,345,104,104,104,142,107,149,188,188,262,262,279,220,8,26,26,77,77,91,91,144,164,164,184,222,222,295,295,308,319,130,143,168,168,11,11,63,63,63],"floor_reached":44,"language":"KOR","playtime":1120,"items_purged":["Strike_R","Strike_R","Defend_R"],"score":904,"play_id":"9d723023-74fd-41f5-892d-48379e7590b5","local_time":"20210126192215","is_ascension_mode":true,"campfire_choices":[{"data":"HandOfGreed","floor":6.0,"key":"SMITH"},{"data":"Uppercut","floor":15.0,"key":"SMITH"},{"data":"Body Slam","floor":24.0,"key":"SMITH"},{"data":"Pommel Strike","floor":29,"key":"SMITH"},{"data":"Inflame","floor":32,"key":"SMITH"},{"data":"Double Tap","floor":40,"key":"SMITH"},{"data":"Apotheosis","floor":42,"key":"SMITH"}],"circlet_count":0,"master_deck":["AscendersBane","Defend_R","Defend_R","Defend_R","Bash","HandOfGreed+1","Cleave","Power Through","Inflame+1","Pommel Strike+1","Body Slam+1","Shrug It Off","Twin Strike","Uppercut+1","Ghostly Armor","Reaper","Intimidate","Shrug It Off","Shrug It Off+1","Limit Break","Sword Boomerang+1","Double Tap+1","Rage+1","Intimidate+1","Feed+1","Dropkick","Wild Strike+1","Fire Breathing","Bloodletting","Reckless Charge+1","Apotheosis+1","Flash of Steel","Writhe"],"relics":["Burning Blood","Anchor","Mercury Hourglass","Ice Cream","Cursed Key","Bag of Preparation","Membership Card","Gambling Chip","Shuriken","Astrolabe","Medical Kit","Unceasing Top"],"acts_visited":["Exordium","TheCity","TheBeyond"],"potions_floor_usage":[27,33,35,36,38,44],"damage_taken":[{"damage":8.0,"enemies":"2 Louse","floor":1.0,"turns":5.0},{"damage":9.0,"enemies":"Jaw Worm","floor":3.0,"turns":4.0},{"damage":1.0,"enemies":"Cultist","floor":4.0,"turns":3.0},{"damage":18.0,"enemies":"Exordium Wildlife","floor":5.0,"turns":6.0},{"damage":35.0,"enemies":"3 Sentries","floor":7.0,"turns":12.0},{"damage":0.0,"enemies":"Red Slaver","floor":11.0,"turns":2.0},{"damage":1.0,"enemies":"2 Fungi Beasts","floor":13.0,"turns":4.0},{"damage":1.0,"enemies":"Exordium Thugs","floor":14.0,"turns":4.0},{"damage":35.0,"enemies":"Hexaghost","floor":16.0,"turns":10.0},{"damage":17.0,"enemies":"Shell Parasite","floor":18.0,"turns":5.0},{"damage":1.0,"enemies":"2 Thieves","floor":21.0,"turns":3.0},{"damage":38.0,"enemies":"Slavers","floor":23.0,"turns":6.0},{"damage":5.0,"enemies":"Chosen and Byrds","floor":25.0,"turns":5.0},{"damage":46,"enemies":"Book of Stabbing","floor":27,"turns":5},{"damage":3,"enemies":"Centurion and Healer","floor":28,"turns":5},{"damage":12,"enemies":"Snake Plant","floor":30,"turns":4},{"damage":2,"enemies":"3 Cultists","floor":31,"turns":4},{"damage":64,"enemies":"Automaton","floor":33,"turns":8},{"damage":17,"enemies":"3 Shapes","floor":35,"turns":4},{"damage":19,"enemies":"3 Darklings","floor":36,"turns":3},{"damage":14,"enemies":"Transient","floor":38,"turns":6},{"damage":3,"enemies":"Mind Bloom Boss Battle","floor":39,"turns":6},{"damage":70,"enemies":"Reptomancer","floor":44,"turns":5}],"seed_played":"2467695864636833107","potions_obtained":[{"floor":1.0,"key":"Swift Potion"},{"floor":4.0,"key":"BloodPotion"},{"floor":7.0,"key":"LiquidBronze"},{"floor":23.0,"key":"FearPotion"},{"floor":25.0,"key":"Dexterity Potion"},{"floor":31,"key":"Fire Potion"},{"floor":33,"key":"FearPotion"},{"floor":35,"key":"AttackPotion"},{"floor":36,"key":"SkillPotion"}],"is_trial":false,"path_per_floor":["M","?","M","M","M","R","E","$","T","?","M","?","M","M","R","B",null,"M","?","$","M","$","E","R","M","T","E","M","R","M","M","R","B",null,"M","M","$","M","?","R","$","R","T","E"],"character_chosen":"IRONCLAD","items_purchased":["Shrug It Off","Block Potion","Twin Strike","Membership Card","Fire Breathing","Medical Kit","Apotheosis","Flash of Steel"],"campfire_rested":0,"item_purchase_floors":[8,8,8,20,37,37,41,41],"current_hp_per_floor":[66,59,56,61,49,49,20,35,35,17,23,41,46,51,51,22,62,60,60,60,65,65,51,51,61,61,30,45,45,39,63,63,24,62,68,55,55,47,62,62,62,62,62,0,0],"gold":63,"neow_bonus":"RANDOM_COLORLESS_2","is_daily":false,"chose_seed":false,"campfire_upgraded":7,"win_rate":0.0,"timestamp":1611656535,"path_taken":["M","?","M","M","M","R","E","$","T","?","M","?","M","M","R","BOSS","M","?","?","M","?","E","R","M","T","E","M","R","M","M","R","BOSS","M","M","$","M","?","R","$","R","T","E"],"items_purchased_type":["Card","Potion","Card","Relic","Card","Relic","Card","Card"],"build_version":"2020-12-22","purchased_purges":3,"victory":false,"max_hp_per_floor":[75,75,75,75,75,75,75,75,75,75,75,75,75,75,75,75,75,75,75,75,75,75,75,75,75,75,75,75,75,75,75,75,75,75,79,79,79,79,83,83,83,83,83,83,83],"relic_stats":{"counters":[23,116],"Shuriken":[19],"Gambling Chip":[36],"Astrolabe":["Rage","Intimidate","Feed"],"Bag of Preparation":[26],"Cursed Key":1,"Medical Kit":[7],"obtain_stats":[{"Ice Cream":10,"Anchor":7,"Shuriken":27,"Gambling Chip":23,"Astrolabe":34,"Bag of Preparation":19,"Membership Card":20,"Cursed Key":17,"Medical Kit":37,"Burning Blood":0,"Unceasing Top":39,"Mercury Hourglass":9},{"Ice Cream":5,"Anchor":5,"Shuriken":14,"Gambling Chip":12,"Astrolabe":18,"Bag of Preparation":10,"Membership Card":10,"Cursed Key":9,"Medical Kit":20,"Burning Blood":0,"Unceasing Top":22,"Mercury Hourglass":5},{"Ice Cream":30,"Anchor":30,"Shuriken":72,"Gambling Chip":62,"Astrolabe":92,"Bag of Preparation":53,"Membership Card":53,"Cursed Key":48,"Medical Kit":99,"Burning Blood":0,"Unceasing Top":111,"Mercury Hourglass":30}],"Burning Blood":132,"Unceasing Top":[3],"Mercury Hourglass":[363]},"card_choices":[{"not_picked":["Secret Weapon","Thinking Ahead"],"picked":"HandOfGreed","floor":0.0},{"not_picked":["Spot Weakness","Sword Boomerang"],"picked":"Cleave","floor":1.0},{"not_picked":["Flame Barrier","Heavy Blade"],"picked":"Power Through","floor":3.0},{"not_picked":["Warcry","Flame Barrier"],"picked":"Inflame","floor":4.0},{"not_picked":["Uppercut","Clothesline"],"picked":"Pommel Strike","floor":5.0},{"not_picked":["Havoc","Twin Strike"],"picked":"Body Slam","floor":7.0},{"not_picked":["Pommel Strike","Cleave","Bludgeon"],"picked":"SKIP","floor":11.0},{"not_picked":["Uppercut","Perfected Strike","Clash"],"picked":"SKIP","floor":13.0},{"not_picked":["Perfected Strike","Clash"],"picked":"Uppercut","floor":13.0},{"not_picked":["Flex","Thunderclap"],"picked":"Ghostly Armor","floor":14.0},{"not_picked":["Immolate","Corruption"],"picked":"Reaper","floor":16.0},{"not_picked":["Sentinel+1","True Grit","Pommel Strike"],"picked":"SKIP","floor":18.0},{"not_picked":["Warcry","Blood for Blood"],"picked":"Intimidate","floor":21.0},{"not_picked":["Flex","Thunderclap","Heavy Blade+1"],"picked":"SKIP","floor":23.0},{"not_picked":["Heavy Blade","Wild Strike"],"picked":"Shrug It Off","floor":25.0},{"not_picked":["Disarm","Iron Wave"],"picked":"Shrug It Off+1","floor":27},{"not_picked":["Blood for Blood","Wild Strike","Anger"],"picked":"SKIP","floor":28},{"not_picked":["Searing Blow","Uppercut"],"picked":"Limit Break","floor":30},{"not_picked":["Wild Strike","Burning Pact"],"picked":"Sword Boomerang+1","floor":31},{"not_picked":["Corruption","Brutality"],"picked":"Double Tap","floor":33},{"not_picked":["Wild Strike","Rupture"],"picked":"Dropkick","floor":35},{"not_picked":["Dual Wield","Clothesline"],"picked":"Wild Strike+1","floor":36},{"not_picked":["Flex","Ghostly Armor"],"picked":"Bloodletting","floor":38},{"not_picked":["Wild Strike+1","Dual Wield"],"picked":"Reckless Charge+1","floor":39}],"player_experience":1759817,"relics_obtained":[{"floor":7.0,"key":"Anchor"},{"floor":9.0,"key":"Mercury Hourglass"},{"floor":23.0,"key":"Gambling Chip"},{"floor":27,"key":"Shuriken"},{"floor":39,"key":"Unceasing Top"}],"event_choices":[{"cards_removed":["Decay"],"damage_healed":0.0,"max_hp_gain":0.0,"max_hp_loss":0.0,"gold_gain":0.0,"event_name":"Golden Wing","player_choice":"Card Removal","floor":2.0,"gold_loss":0.0,"damage_taken":7.0},{"damage_healed":0.0,"max_hp_gain":0.0,"max_hp_loss":0.0,"gold_gain":0.0,"event_name":"Scrap Ooze","player_choice":"Success","floor":10.0,"gold_loss":0.0,"damage_taken":18.0,"relics_obtained":["Ice Cream"]},{"damage_healed":18.0,"max_hp_gain":0.0,"max_hp_loss":0.0,"gold_gain":0.0,"event_name":"The Cleric","player_choice":"Healed","floor":12.0,"gold_loss":35.0,"damage_taken":0.0},{"damage_healed":0.0,"max_hp_gain":0.0,"max_hp_loss":0.0,"gold_gain":0.0,"event_name":"WeMeetAgain","player_choice":"Paid Gold","floor":19.0,"gold_loss":59.0,"damage_taken":0.0,"relics_obtained":["Bag of Preparation"]},{"damage_healed":0,"gold_gain":0,"player_choice":"Fight","damage_taken":0,"max_hp_gain":0,"max_hp_loss":0,"event_name":"MindBloom","floor":39,"gold_loss":0}],"is_beta":false,"boss_relics":[{"not_picked":["Busted Crown","Velvet Choker"],"picked":"Cursed Key"},{"not_picked":["Runic Cube","Pandora\u0027s Box"],"picked":"Astrolabe"}],"items_purged_floors":[8,20,37],"is_endless":false,"potions_floor_spawned":[1,4,5,7,13,23,25,31,33,35,36],"killed_by":"Reptomancer","ascension_level":20}}