{"host":"1rf9pknejqhzkc4o","time":1611692251,"event":{"mods":["A Penny For Your Troubles","Aspiration","BaseMod","Better Altar","Better Match","Better Note","Better Sensory Stone","Better Skull","Better Third Choice","Colored Map","Colored Powertips","Communication Mod","Conspire","Displayed Cursed Tome","Energized Spire","Hubris","Infinite Spire","Ironclad Rager","Minty Spire (QoL Compilation)","Quick Restart","RNG Fix","Rare Cards Sparkle","Relic Stats","Reliquary","Replay The Spire","Retaliation","Spicy Shops","StS++","StSLib","The Blue Laboratory","Trackpad"],"gold_per_floor":[19,19,19,29,44,77,95,105,105,116,116,139,139,23,23,128,128,128,128],"floor_reached":18,"language":"ENG","playtime":526,"items_purged":[],"score":162,"play_id":"14d07337-b33d-4344-9893-447e06d1e5bb","local_time":"20210126231731","is_ascension_mode":false,"campfire_choices":[{"floor":13,"key":"REST"},{"floor":15,"key":"RECALL"}],"circlet_count":0,"master_deck":["Zap","Dualcast","ReplayTheSpireMod:Faulty Equipment","Ball Lightning","Cold Snap","Ball Lightning","Cold Snap","Leap","Leap","Leap","Leap","ReplaySolidLightProjector+1","Conserve Battery","hubris:Ukulele","Glacier","Steam","Coolheaded","Ball Lightning","Loop","Turbo","Turbo","StSpp:CopyPaste"],"relics":["Cracked Core","Cracked Core","Lantern","StSpp:PileOfSugar"],"acts_visited":["Exordium","TheCity"],"potions_floor_usage":[],"damage_taken":[{"damage":0,"enemies":"Small Slimes","floor":1,"turns":2},{"damage":3,"enemies":"2 Louse","floor":4,"turns":2},{"damage":0,"enemies":"Cultist","floor":5,"turns":2},{"damage":22,"enemies":"3 Sentries","floor":6,"turns":5},{"damage":0,"enemies":"Exordium Wildlife","floor":7,"turns":4},{"damage":4,"enemies":"Exordium Thugs","floor":8,"turns":3},{"damage":5,"enemies":"2 Fungi Beasts","floor":10,"turns":2},{"damage":13,"enemies":"Slime Boss","floor":16,"turns":10},{"damage":70,"enemies":"3 Byrds","floor":18,"turns":3}],"seed_played":"6546037167560208042","potions_obtained":[{"floor":1,"key":"Energy Potion"},{"floor":7,"key":"blueLaboratory:BottledHope"},{"floor":10,"key":"FocusPotion"}],"is_trial":false,"path_per_floor":["M","?","$","M","M","E","M","M","T","M","?","T","R","$","R","B",null,"M"],"character_chosen":"DEFECT","items_purchased":["Loop","Turbo"],"campfire_rested":1,"item_purchase_floors":[14,14],"current_hp_per_floor":[50,50,50,47,47,25,25,21,21,16,23,23,43,43,43,30,68,0,0],"gold":128,"neow_bonus":"DEFECT_STORMLORD","is_daily":false,"chose_seed":false,"campfire_upgraded":0,"win_rate":0.0,"timestamp":1611692251,"path_taken":["M","?","?","M","?","E","M","M","T","M","?","?","R","$","R","BOSS","M"],"items_purchased_type":["Card","Card"],"build_version":"2020-12-22","purchased_purges":0,"victory":false,"max_hp_per_floor":[68,68,68,68,68,68,68,68,68,68,68,68,68,68,68,68,68,68,68],"relic_stats":{"counters":[9,33],"obtain_stats":[{"Lantern":12,"reliquary:SculptingSteel":6,"StSpp:PileOfSugar":17,"Cracked Core":0},{"Lantern":7,"reliquary:SculptingSteel":4,"StSpp:PileOfSugar":8,"Cracked Core":0},{"Lantern":20,"reliquary:SculptingSteel":11,"StSpp:PileOfSugar":30,"Cracked Core":0}]},"card_choices":[{"not_picked":["Rip and Tear","Turbo"],"picked":"ReplaySolidLightProjector","floor":1},{"not_picked":["Sweeping Beam","ReplayGash"],"picked":"Conserve Battery","floor":4},{"not_picked":["Conserve Battery","Redo"],"picked":"hubris:Ukulele","floor":5},{"not_picked":["Turbo","Force Field"],"picked":"Glacier","floor":6},{"not_picked":["Streamline","Barrage"],"picked":"Steam","floor":7},{"not_picked":["ReplaySort","Sweeping Beam"],"picked":"Coolheaded","floor":8},{"not_picked":["Compile Driver","Hologram"],"picked":"Ball Lightning","floor":10},{"not_picked":["ReplayTheSpireMod:Omega Cannon","Reboot"],"picked":"StSpp:CopyPaste","floor":16}],"player_experience":146780,"relics_obtained":[{"floor":6,"key":"reliquary:SculptingSteel"},{"floor":12,"key":"Lantern"}],"event_choices":[{"damage_healed":0,"gold_gain":0,"player_choice":"Forge","damage_taken":0,"max_hp_gain":0,"max_hp_loss":0,"event_name":"Accursed Blacksmith","floor":2,"gold_loss":0,"cards_upgraded":["ReplaySolidLightProjector"]}],"is_beta":false,"boss_relics":[{"not_picked":["Empty Cage","energizedSpire:UnstableMolecules"],"picked":"StSpp:PileOfSugar"}],"items_purged_floors":[],"is_endless":false,"potions_floor_spawned":[1,7,10],"killed_by":"3 Byrds","ascension_level":0}}