{"host":"ifd7sfhtlbe34qll","time":1611685030,"event":{"mods":["2.2 Compatiblity","Act Like it!","BaseMod","Block Reminder","Colored Map","Curses Come First","Downfall","Highlight Path","Minty Spire (QoL Compilation)","Potion Indicator Mod","Quick Restart","Random Character Button","Relic Stats","StSLib","SuperFastMode"],"gold_per_floor":[114,128,128,142,142,142,175,175,175,200,230,242,254,254],"floor_reached":13,"language":"ENG","playtime":369,"items_purged":[],"score":170,"play_id":"9143743b-c8ed-46a0-b225-f980a1fcf91a","local_time":"20210126121710","is_ascension_mode":true,"campfire_choices":[{"data":"Defend_G","floor":6,"key":"PURGE"},{"floor":8,"key":"REST"}],"circlet_count":0,"master_deck":["AscendersBane","Strike_G","Strike_G","Strike_G","Strike_G","Defend_G","Defend_G","Defend_G","Defend_G","Survivor","Neutralize","Endless Agony","All Out Attack","Adrenaline","Backflip","Masterful Stab","Parasite"],"relics":["Ring of the Snake","Peace Pipe","Golden Idol","InkBottle","MawBank"],"acts_visited":["Exordium"],"potions_floor_usage":[7,7,11,13],"damage_taken":[{"damage":10,"enemies":"Jaw Worm","floor":1,"turns":5},{"damage":7,"enemies":"Small Slimes","floor":2,"turns":4},{"damage":0,"enemies":"2 Louse","floor":4,"turns":2},{"damage":30,"enemies":"Gremlin Nob","floor":7,"turns":4},{"damage":1,"enemies":"Looter","floor":10,"turns":4},{"damage":10,"enemies":"Exordium Wildlife","floor":11,"turns":6},{"damage":31,"enemies":"Lagavulin","floor":13,"turns":5}],"seed_played":"752452659781907698","potions_obtained":[{"floor":1,"key":"ColorlessPotion"},{"floor":4,"key":"GamblersBrew"},{"floor":7,"key":"Poison Potion"},{"floor":11,"key":"FearPotion"}],"is_trial":false,"path_per_floor":["M","M","?","M","?","R","E","R","T","M","M","?","E"],"character_chosen":"THE_SILENT","items_purchased":[],"campfire_rested":1,"item_purchase_floors":[],"current_hp_per_floor":[49,42,35,35,35,35,5,21,21,20,10,23,0,0],"gold":254,"neow_bonus":"ONE_RARE_RELIC","is_daily":false,"chose_seed":false,"campfire_upgraded":0,"win_rate":0.0,"timestamp":1611685030,"path_taken":["M","M","?","M","?","R","E","R","T","M","M","?","E"],"items_purchased_type":[],"build_version":"2020-12-22","purchased_purges":0,"victory":false,"max_hp_per_floor":[60,60,60,60,54,54,54,54,54,54,54,54,54,54],"relic_stats":{"Peace Pipe":1,"counters":[7,30],"Golden Idol":14,"MawBank":48,"obtain_stats":[{"Peace Pipe":0,"Golden Idol":5,"MawBank":9,"InkBottle":7,"Ring of the Snake":0},{"Peace Pipe":0,"Golden Idol":3,"MawBank":4,"InkBottle":4,"Ring of the Snake":0},{"Peace Pipe":0,"Golden Idol":11,"MawBank":15,"InkBottle":15,"Ring of the Snake":0}],"InkBottle":[5],"Ring of the Snake":[14]},"card_choices":[{"not_picked":["Caltrops","Slice"],"picked":"Endless Agony","floor":1},{"not_picked":["Slice","Catalyst"],"picked":"All Out Attack","floor":2},{"not_picked":["Underhanded Strike","Deadly Poison","Acrobatics"],"picked":"SKIP","floor":4},{"not_picked":["Outmaneuver","Catalyst"],"picked":"Adrenaline","floor":7},{"not_picked":["Slice","Deflect"],"picked":"Backflip","floor":10},{"not_picked":["Prepared","Flechettes"],"picked":"Masterful Stab","floor":11}],"player_experience":1717030,"relics_obtained":[{"floor":7,"key":"InkBottle"},{"floor":9,"key":"MawBank"}],"event_choices":[{"cards_removed":["Strike_G"],"damage_healed":0,"gold_gain":0,"player_choice":"Card Removal","damage_taken":7,"max_hp_gain":0,"max_hp_loss":0,"event_name":"Golden Wing","floor":3,"gold_loss":0},{"damage_healed":0,"gold_gain":0,"player_choice":"Lose Max HP","damage_taken":0,"relics_obtained":["Golden Idol"],"max_hp_gain":0,"max_hp_loss":6,"event_name":"Golden Idol","floor":5,"gold_loss":0},{"damage_healed":13,"gold_gain":0,"player_choice":"Healed and dodged fight","damage_taken":0,"max_hp_gain":0,"max_hp_loss":0,"event_name":"Mushrooms","floor":12,"gold_loss":0,"cards_obtained":["Parasite"]}],"is_beta":false,"boss_relics":[],"items_purged_floors":[],"is_endless":false,"potions_floor_spawned":[1,4,7,11],"killed_by":"Lagavulin","ascension_level":20}}