{"host":"uv5ws9rdk87e8i5k","time":1611671469,"event":{"mods":["AchievementEnabler","BaseMod","Colored Map","Minty Spire (QoL Compilation)","Permanent Neow","Quick Restart","StSLib","SuperFastMode","The Animator","The Cursed","The Hierophant","The Necromancer"],"gold_per_floor":[122,138,151,161,172,205,205,215,239,314,330,354,38,73,73,73,73],"floor_reached":16,"language":"ENG","playtime":614,"items_purged":["animator:Strike"],"score":116,"play_id":"87b6a6d2-d6b0-46b9-a453-1e0a44e238fa","local_time":"20210126083109","is_ascension_mode":false,"campfire_choices":[{"data":"animator:Cocytus","floor":7.0,"key":"SMITH"},{"floor":15,"key":"REST"}],"circlet_count":0,"master_deck":["animator:Strike_Konosuba","animator:Defend_Konosuba","animator:Strike","animator:Strike","animator:Defend","animator:Defend","animator:Defend","animator:Kazuma","animator:Aqua","animator:Cocytus","animator:Cocytus+1","animator:Shalltear","animator:Cocytus","animator:PandorasActor"],"relics":["animator:LivingPicture","animator:TheMissingPiece","Centennial Puzzle","InkBottle","animator:Buoy","HornCleat","CaptainsWheel"],"acts_visited":["Exordium"],"potions_floor_usage":[14,16,16],"damage_taken":[{"damage":2.0,"enemies":"Cultist","floor":1.0,"turns":5.0},{"damage":8.0,"enemies":"Jaw Worm","floor":2.0,"turns":5.0},{"damage":4.0,"enemies":"2 Louse","floor":3.0,"turns":3.0},{"damage":2.0,"enemies":"2 Fungi Beasts","floor":4.0,"turns":4.0},{"damage":16.0,"enemies":"Lots of Slimes","floor":5.0,"turns":4.0},{"damage":7.0,"enemies":"Gremlin Nob","floor":6.0,"turns":4.0},{"damage":2.0,"enemies":"Exordium Thugs","floor":8.0,"turns":4.0},{"damage":7.0,"enemies":"Blue Slaver","floor":11.0,"turns":4.0},{"damage":10,"enemies":"Red Slaver","floor":12,"turns":3},{"damage":7,"enemies":"Lagavulin","floor":14,"turns":6},{"damage":37,"enemies":"The Guardian","floor":16,"turns":10}],"seed_played":"-8843853695094049300","potions_obtained":[{"floor":3.0,"key":"Dexterity Potion"},{"floor":5.0,"key":"ColorlessPotion"},{"floor":11,"key":"Weak Potion"},{"floor":12,"key":"SneckoOil"},{"floor":14,"key":"SkillPotion"}],"is_trial":false,"path_per_floor":["M","M","M","M","M","E","R","M","T","?","M","M","$","E","R","B"],"character_chosen":"THE_ANIMATOR","items_purchased":["HornCleat"],"campfire_rested":1,"item_purchase_floors":[13],"current_hp_per_floor":[64,58,56,57,43,36,36,36,36,30,25,17,17,12,32,0,0],"gold":73,"neow_bonus":"RANDOM_COMMON_RELIC","is_daily":false,"chose_seed":false,"campfire_upgraded":1,"win_rate":0.0,"timestamp":1611671469,"path_taken":["M","M","M","M","M","E","R","M","T","?","M","M","$","E","R","BOSS"],"items_purchased_type":["Relic"],"build_version":"2020-12-22","purchased_purges":1,"victory":false,"max_hp_per_floor":[66,66,66,67,67,67,67,67,67,67,67,67,67,67,67,67,67],"card_choices":[{"not_picked":["animator:MumenRider","animator:SakuraMatou"],"picked":"animator:Cocytus","floor":1.0},{"not_picked":["animator:Vanir","animator:Kazuma","animator:Spearman"],"picked":"SKIP","floor":2.0},{"not_picked":["animator:Archer","animator:Caster"],"picked":"animator:Cocytus","floor":3.0},{"not_picked":["animator:PandorasActor","animator:Demiurge"],"picked":"animator:Shalltear","floor":4.0},{"not_picked":["animator:DolaCouronne","animator:SilverFang","animator:Mitsurugi"],"picked":"SKIP","floor":5.0},{"not_picked":["animator:Tet","animator:Melzalgald","animator:Gilgamesh"],"picked":"SKIP","floor":6.0},{"not_picked":["animator:ShinjiMatou","animator:Jibril","animator:Vanir"],"picked":"SKIP","floor":8.0},{"not_picked":["animator:Demiurge","animator:Entoma"],"picked":"animator:Cocytus","floor":11},{"not_picked":["animator:Tatsumaki","animator:Assassin"],"picked":"animator:PandorasActor","floor":12},{"not_picked":["animator:Ara","animator:Laby","animator:SilverFang"],"picked":"SKIP","floor":14}],"player_experience":290972,"relics_obtained":[{"floor":6.0,"key":"InkBottle"},{"floor":9.0,"key":"animator:Buoy"},{"floor":14,"key":"CaptainsWheel"}],"event_choices":[{"damage_healed":0.0,"max_hp_gain":0.0,"max_hp_loss":0.0,"gold_gain":75.0,"event_name":"FaceTrader","player_choice":"Touch","floor":10.0,"gold_loss":0.0,"damage_taken":6.0}],"is_beta":false,"boss_relics":[],"items_purged_floors":[13],"is_endless":false,"potions_floor_spawned":[3,5,11,12,14],"killed_by":"The Guardian","ascension_level":0}}