{"host":"8efry9zhj4tjp5kw","time":1611687882,"event":{"mods":["Act Like it!","Aspiration","Bard","BaseMod","Beaked The Cultist","Colored Map","Colored Powertips","Conspire","Downfall","Glutton Mod","Halation","Hallownest","Hermit","Highlight Path","Hubris","Infinite Spire","Jedi Mod","Jorbs\u0027s Wanderer Trilogy","Koishi","Mad Scientist","Marisa????????","Mimic Mod","Minty Spire (QoL Compilation)","Reworked Bosses","Shop Mod","StSLib","The Administrix","The Construct","The Disciple","The Jungle","The Mystic","The Necromancer","The Servant 0.9.4","Unceasing Turn Reminder"],"gold_per_floor":[99,110,128,144,162,72,118,118,138,154,187,199,199,11,27,27,27,27],"floor_reached":16,"language":"ENG","playtime":1438,"items_purged":["bronze:Strike","bronze:Strike"],"score":164,"play_id":"29bcae78-ca64-42f4-add6-b7b7d0e842ff","local_time":"20210126200442","is_ascension_mode":true,"campfire_choices":[{"data":"bronze:Goto","floor":1,"key":"SMITH"},{"data":"bronze:BugBarrage","floor":8,"key":"SMITH"},{"floor":13,"key":"REST"}],"circlet_count":0,"master_deck":["bronze:Strike","bronze:Defend","bronze:Defend","bronze:Defend","bronze:Replicate","bronze:Goto+1","bronze:WildBeam","bronze:BugBarrage+1","bronze:Constructor","bronze:OilSpill","bronze:Allocate","bronze:BuggyMess","bronze:BuggyMess","bronze:Repulsor","bronze:BugBarrage"],"relics":["bronze:BronzeCore","infinitespire:Beetle Shell","Blue Candle"],"acts_visited":["Exordium"],"potions_floor_usage":[11,16,16,16],"damage_taken":[{"damage":13,"enemies":"infinitespire:Voidling","floor":2,"turns":4},{"damage":1,"enemies":"2 Louse","floor":3,"turns":2},{"damage":0,"enemies":"Cultist","floor":4,"turns":2},{"damage":2,"enemies":"Exordium Thugs","floor":5,"turns":4},{"damage":0,"enemies":"downfall:FleeingMerchant","floor":6,"turns":4},{"damage":10,"enemies":"Lots of Slimes","floor":9,"turns":3},{"damage":4,"enemies":"Red Slaver","floor":10,"turns":2},{"damage":0,"enemies":"Gremlin Nob","floor":11,"turns":2},{"damage":0,"enemies":"2 Fungi Beasts","floor":12,"turns":2},{"damage":10,"enemies":"downfall:FleeingMerchant","floor":14,"turns":4},{"damage":17,"enemies":"3 Louse","floor":15,"turns":3},{"damage":35,"enemies":"DF_ARCHETYPE_STREAMLINE","floor":16,"turns":6}],"seed_played":"-4435177838543720735","potions_obtained":[{"floor":4,"key":"Dexterity Potion"},{"floor":5,"key":"hexamod:SoulburnPotion"},{"floor":10,"key":"LiquidBronze"},{"floor":11,"key":"GamblersBrew"}],"is_trial":false,"path_per_floor":["R","M","M","M","M","$","T","R","M","M","E","M","R","$","M","B"],"character_chosen":"THE_AUTOMATON","items_purchased":["bronze:BugBarrage","Weak Potion"],"campfire_rested":1,"item_purchase_floors":[14,14],"current_hp_per_floor":[49,45,44,44,42,42,42,42,32,28,28,28,49,39,22,0,0,0],"gold":27,"neow_bonus":"REMOVE_TWO","is_daily":false,"chose_seed":false,"campfire_upgraded":2,"win_rate":0.0,"timestamp":1611687882,"path_taken":["R","M","M","?","M","$","T","R","M","M","E","M","R","$","M","BOSS"],"items_purchased_type":["Card","Potion"],"build_version":"2020-12-22","purchased_purges":2,"victory":false,"max_hp_per_floor":[70,70,70,70,70,70,70,70,70,70,70,70,70,70,70,70,70,70],"card_choices":[{"not_picked":["bronze:Backtrace","bronze:CloningBeam"],"picked":"bronze:WildBeam","floor":2},{"not_picked":["bronze:Invalidate","bronze:FineTuning"],"picked":"bronze:BugBarrage","floor":3},{"not_picked":["bronze:Turbo","bronze:Overheat"],"picked":"bronze:Constructor","floor":4},{"not_picked":["bronze:BugBarrage","bronze:Invalidate"],"picked":"bronze:OilSpill","floor":5},{"not_picked":["bronze:Refactor","bronze:AlphaBuild"],"picked":"bronze:Allocate","floor":6},{"not_picked":["bronze:Invalidate","bronze:Iterate"],"picked":"bronze:BuggyMess","floor":9},{"not_picked":["bronze:DelayedGuard","bronze:Fortify"],"picked":"bronze:BuggyMess","floor":10},{"not_picked":["bronze:Fortify","bronze:ForceShield","bronze:WhirlingStrike"],"picked":"SKIP","floor":11},{"not_picked":["bronze:Frontload","bronze:Separator","bronze:ClassDefault"],"picked":"SKIP","floor":12},{"not_picked":["bronze:DarkDash","bronze:Turbo"],"picked":"bronze:Repulsor","floor":14},{"not_picked":["bronze:Allocate","bronze:WhirlingStrike","bronze:Virus"],"picked":"SKIP","floor":15}],"player_experience":1121239,"relics_obtained":[{"floor":7,"key":"infinitespire:Beetle Shell"},{"floor":11,"key":"Blue Candle"}],"event_choices":[],"is_beta":false,"boss_relics":[],"items_purged_floors":[6,14],"is_endless":false,"potions_floor_spawned":[4,5,10,11,12],"killed_by":"DF_ARCHETYPE_STREAMLINE","ascension_level":5}}