{"host":"nffn7bihbsyvko85","time":1611623135,"event":{"mods":["Act Like it!","AlwaysNeverKeys","Ascension Reborn","Aspiration","BaseMod","Beaked The Cultist","BetterRewards","Block Reminder","Challenge The Spire","Colored Map","Colored Powertips","Colorless Booster Pack","Conspire","Emptier Cage","Energized Spire","Friendly Minions","GifTheSpireLib","Halation","Hermit","Hubris","Infinite Spire","Jedi Mod","Keyboard Shortcuts","Lobotomy","LobotomyExtend","Minty Spire (QoL Compilation)","Permanent Neow","Quick Restart","RRrroohrrRGHHhhh!!","Reliquary","Replay The Spire","Shop Mod","Small Relic Pack","Spicy Shops","Spikes Relics","StSLib","Stuff the Spire","The Dragon Tamer","The Runesmith","TheVacant","Transform Curses"],"gold_per_floor":[118,118,118,137,154,181,181,214,237,161,161,161,181,86,86,181,181,197,213,213,213,213],"floor_reached":21,"language":"SPA","playtime":1232,"items_purged":[],"score":187,"play_id":"c8948cff-0d47-41a4-a73e-84cca8134498","local_time":"20210125220535","is_ascension_mode":true,"campfire_choices":[],"circlet_count":1,"master_deck":["SpecialBullet","SpecialBullet","SpecialBullet","SpecialBullet","SpecialBullet","SpecialBullet","SpecialBullet","InformationCode","SecurityCode","ExtractionCode","HereticApostle","OldLady","Soda","Harvest","UniverseFragment","MagicBullet","Mimicry","BigBadWolf","Regret_ego","Noise","RedShoes","Eruption","BlackSwan_ego","GreedKing","Noise","TheSmile","Justitia","WhiteNight","TheSmile","BeautyBeast","CherryBlossom","Beak"],"relics":["CogitoBucket","Circlet","LetterFromLob","Orichalcum","StuffTheSpire:NeowsTribute","MerchantsRug","relicPack:AllForOne","FleshIdol","reliquary:OuijaBoard","energizedSpire:SpiderWeb","White Beast Statue"],"acts_visited":["Exordium","TheCity"],"potions_floor_usage":[18],"damage_taken":[{"damage":6.0,"enemies":"Cultist","floor":1.0,"turns":3.0},{"damage":2.0,"enemies":"2 Louse","floor":4.0,"turns":3.0},{"damage":5.0,"enemies":"Jaw Worm","floor":5.0,"turns":2.0},{"damage":12.0,"enemies":"Gremlin Nob","floor":6.0,"turns":4.0},{"damage":6.0,"enemies":"3 Sentries","floor":8.0,"turns":5.0},{"damage":34.0,"enemies":"Large Slime","floor":13.0,"turns":4.0},{"damage":19.0,"enemies":"Fading Forest","floor":16.0,"turns":11.0},{"damage":16,"enemies":"2 Thieves","floor":18,"turns":2},{"damage":23,"enemies":"3 Byrds","floor":19,"turns":6},{"damage":71,"enemies":"Centurion and Healer","floor":21,"turns":3}],"seed_played":"-865133297605445","potions_obtained":[{"floor":0.0,"key":"jedi:StrikingPotion"},{"floor":0.0,"key":"LiquidBronze"},{"floor":0.0,"key":"Fruit Juice"},{"floor":4.0,"key":"SpeedPotion"},{"floor":5.0,"key":"Cursed Concoction"},{"floor":6.0,"key":"Block Potion"},{"floor":16.0,"key":"DistilledChaos"},{"floor":18,"key":"Elixir"}],"is_trial":false,"path_per_floor":["M","?","?","M","M","E","R","E","T","$","R","?","M","$","R","B",null,"M","M","AVR","M"],"character_chosen":"Angela","items_purchased":["MerchantsRug","reliquary:OuijaBoard","TheSmile"],"campfire_rested":0,"item_purchase_floors":[10,14,14],"current_hp_per_floor":[70,63,63,69,75,75,75,75,75,75,75,75,55,55,55,79,79,65,53,53,0,0],"gold":213,"neow_bonus":"THREE_SMALL_POTIONS","is_daily":false,"chose_seed":false,"campfire_upgraded":0,"win_rate":0.0,"timestamp":1611623135,"path_taken":["M","?","?","M","?","E","R","E","T","$","R","?","M","?","R","BOSS","M","M","AVR","M"],"items_purchased_type":["Relic","Relic","Card"],"build_version":"2020-12-22","purchased_purges":0,"victory":false,"max_hp_per_floor":[70,70,70,70,75,75,75,75,75,75,75,75,75,75,75,79,79,83,83,83,83,83],"card_choices":[{"not_picked":["Laetitia_ego"],"picked":"CherryBlossom","floor":1.0},{"not_picked":["Variant","FairyFestival"],"picked":"OldLady","floor":1.0},{"not_picked":["Pleasure"],"picked":"Soda","floor":1.0},{"not_picked":["Horn"],"picked":"Harvest","floor":4.0},{"not_picked":["RedShoes","Bloodbath"],"picked":"UniverseFragment","floor":4.0},{"not_picked":["TodaysExpression","RedEyes"],"picked":"SKIP","floor":4.0},{"not_picked":["WristCuter"],"picked":"MagicBullet","floor":5.0},{"not_picked":["SomewhereSpear"],"picked":"Mimicry","floor":6.0},{"not_picked":["Scorched","Funeral"],"picked":"BigBadWolf","floor":6.0},{"not_picked":["Noise"],"picked":"Regret_ego","floor":6.0},{"not_picked":["RedEyes"],"picked":"Noise","floor":8.0},{"not_picked":["SpiderBud","Murderer"],"picked":"RedShoes","floor":8.0},{"not_picked":["Regret_ego","RapturousDream"],"picked":"SKIP","floor":8.0},{"not_picked":["BearPaw"],"picked":"BlackSwan_ego","floor":13.0},{"not_picked":["Yin","SpiderBud"],"picked":"GreedKing","floor":13.0},{"not_picked":["Soda"],"picked":"Noise","floor":13.0},{"not_picked":["Mimicry"],"picked":"Justitia","floor":16.0},{"not_picked":["GalaxyChild","Rudolta"],"picked":"WhiteNight","floor":16.0},{"not_picked":["Pinks"],"picked":"TheSmile","floor":16.0},{"not_picked":["Alriune","HappyTeddy"],"picked":"BeautyBeast","floor":18},{"not_picked":["CUTE","CrimsonScar+1"],"picked":"SKIP","floor":18},{"not_picked":["ScreamingWedge"],"picked":"CherryBlossom","floor":19},{"not_picked":["Soda"],"picked":"Beak","floor":19}],"player_experience":200398,"relics_obtained":[{"floor":1.0,"key":"LetterFromLob"},{"floor":6.0,"key":"Replay:Baseball"},{"floor":8.0,"key":"StuffTheSpire:NeowsTribute"},{"floor":9.0,"key":"reliquary:RosewoodLute"}],"event_choices":[{"damage_healed":0.0,"max_hp_gain":0.0,"max_hp_loss":0.0,"gold_gain":0.0,"event_name":"Scrap Ooze","player_choice":"Success","floor":2.0,"gold_loss":0.0,"damage_taken":7.0,"relics_obtained":["Orichalcum"]},{"damage_healed":0.0,"max_hp_gain":0.0,"max_hp_loss":0.0,"gold_gain":0.0,"event_name":"NoteForYourself","player_choice":"Ignored","floor":3.0,"gold_loss":0.0,"damage_taken":0.0}],"is_beta":false,"boss_relics":[{"not_picked":["aspiration:BeakedSkillbook","hubris:Stopwatch"],"picked":"energizedSpire:SpiderWeb"}],"items_purged_floors":[],"is_endless":false,"potions_floor_spawned":[4,5,6,16,18],"killed_by":"Centurion and Healer","ascension_level":0}}