{"host":"h4qgcirtxz6qax9j","time":1611677512,"event":{"mods":["2.2 Compatiblity","AchievementEnabler","BaseMod","Colored Powertips","Custom Start","Hermit","Marisa£¨Ùöéë¡¡Øª×âÞÞ£©","Minty Spire (QoL Compilation)","Replay The Spire","StSLib","SuperFastMode","The Servant 0.9.4"],"gold_per_floor":[110,128,91,91,91,91,109,109,109,128,51,51,71,91,91,189,189,202,221,221,240,166,166,185,205,276,276,288,319,319,331,331,436,436,455,469,69,119,139,139,154,154,154,154,166,21,32,51,51,51,51],"floor_reached":50,"language":"KOR","playtime":1245,"items_purged":[],"score":510,"play_id":"dc054a0f-2564-40f2-ac7a-116fcd53f92a","local_time":"20210127011152","is_ascension_mode":false,"campfire_choices":[{"data":"DeepEcoloBomb","floor":6.0,"key":"SMITH"},{"data":"MaximisePower","floor":8.0,"key":"SMITH"},{"data":"UpSweep","floor":12.0,"key":"SMITH"},{"data":"FinalSpark","floor":15.0,"key":"SMITH"},{"data":"MaximisePower","floor":23.0,"key":"SMITH"},{"floor":30.0,"key":"REST"},{"floor":32.0,"key":"REST"},{"floor":40.0,"key":"REST"},{"floor":44.0,"key":"REST"},{"floor":49,"key":"REST"}],"circlet_count":0,"master_deck":["Strike_MRS","Strike_MRS","Strike_MRS","Strike_MRS","Defend_MRS","Defend_MRS","Defend_MRS","Defend_MRS","MasterSpark","UpSweep+1","DoubleSpark","DeepEcoloBomb+1","DragonMeteor+1","MaximisePower+1","DarkMatter+1","FinalSpark+1","MaximisePower+1","UltimateShortwave+1","DoubleSpark","DoubleSpark+1","GalacticHalo+1","DeepEcoloBomb","Writhe"],"relics":["MiniHakkero","NeowsBlessing","Gambling Chip","Painkiller Herb","Replay:WaspNest","Oddly Smooth Stone","Ring of Chaos","HornCleat","Simple Rune","Replay:Arrowhead","Darkstone Periapt","Guide Book"],"acts_visited":["Exordium","TheCity","TheBeyond"],"potions_floor_usage":[50,50,50],"damage_taken":[{"damage":0.0,"enemies":"2 Louse","floor":1.0,"turns":1.0},{"damage":0.0,"enemies":"Cultist","floor":2.0,"turns":1.0},{"damage":0.0,"enemies":"Jaw Worm","floor":7.0,"turns":1.0},{"damage":2.0,"enemies":"Blue Slaver","floor":10.0,"turns":2.0},{"damage":0.0,"enemies":"3 Louse","floor":13.0,"turns":2.0},{"damage":6.0,"enemies":"Exordium Wildlife","floor":14.0,"turns":2.0},{"damage":0.0,"enemies":"Slime Boss","floor":16.0,"turns":4.0},{"damage":0.0,"enemies":"Spheric Guardian","floor":18.0,"turns":3.0},{"damage":0.0,"enemies":"Chosen","floor":19.0,"turns":2.0},{"damage":0.0,"enemies":"Snake Plant","floor":21.0,"turns":2.0},{"damage":32.0,"enemies":"Centurion and Healer","floor":24.0,"turns":3.0},{"damage":9.0,"enemies":"Snecko","floor":25.0,"turns":3.0},{"damage":23.0,"enemies":"Shelled Parasite and Fungi","floor":28.0,"turns":3.0},{"damage":16.0,"enemies":"Slavers","floor":29.0,"turns":2.0},{"damage":0.0,"enemies":"Snake Plant","floor":31.0,"turns":2.0},{"damage":34.0,"enemies":"Pondfish","floor":33.0,"turns":6.0},{"damage":37.0,"enemies":"3 Shapes","floor":35.0,"turns":5.0},{"damage":16.0,"enemies":"Orb Walker","floor":36.0,"turns":3.0},{"damage":0.0,"enemies":"Mind Bloom Boss Battle","floor":38.0,"turns":6.0},{"damage":10.0,"enemies":"3 Darklings","floor":39.0,"turns":3.0},{"damage":25.0,"enemies":"Spire Growth","floor":41.0,"turns":4.0},{"damage":12.0,"enemies":"4 Shapes","floor":45.0,"turns":3.0},{"damage":0.0,"enemies":"3 Darklings","floor":47.0,"turns":2.0},{"damage":27,"enemies":"Maw","floor":48,"turns":7},{"damage":39,"enemies":"Time Eater","floor":50,"turns":7}],"seed_played":"-312994600931350677","potions_obtained":[{"floor":2.0,"key":"LifebloodPotion"},{"floor":5.0,"key":"Dexterity Potion"},{"floor":5.0,"key":"EssenceOfSteel"},{"floor":19.0,"key":"Elixir"},{"floor":41.0,"key":"Milkshake"}],"is_trial":false,"path_per_floor":["M","M","$","?","?","R","M","R","T","M","$","R","M","M","R","B",null,"?","?","T","?","T","T","?","?","T","?","?","E","T","?","T","B",null,"?","?","T","?","?","T","?","?","T","T","?","T","?","?","T","B"],"character_chosen":"MARISA","items_purchased":["DragonMeteor","DarkMatter","UltimateShortwave","HornCleat","Simple Rune","Guide Book"],"campfire_rested":5,"item_purchase_floors":[3,11,22,37,37,46],"current_hp_per_floor":[75,75,75,75,75,75,75,75,75,73,73,73,73,67,67,67,75,75,75,75,75,75,75,43,34,34,59,36,20,42,42,64,30,75,38,22,22,22,12,34,9,28,28,50,38,38,38,11,33,0,0],"gold":51,"neow_bonus":"THREE_ENEMY_KILL","is_daily":false,"chose_seed":false,"campfire_upgraded":5,"win_rate":0.0,"timestamp":1611677512,"path_taken":["M","M","$","?","?","R","M","R","T","?","?","R","M","M","R","BOSS","?","?","T","?","T","T","?","?","T","?","?","E","T","?","T","BOSS","?","?","T","?","?","T","?","?","T","T","?","T","?","?","T","BOSS"],"items_purchased_type":["Card","Card","Card","Relic","Relic","Relic"],"build_version":"2020-12-22","purchased_purges":0,"victory":false,"max_hp_per_floor":[75,75,75,75,75,75,75,75,75,75,75,75,75,75,75,75,75,75,75,75,75,75,75,75,75,75,75,75,75,75,75,75,75,75,75,75,75,75,75,75,75,75,75,75,75,75,75,75,75,75,75],"card_choices":[{"not_picked":["AsteroidBelt","WitchOfGreed"],"picked":"DoubleSpark","floor":1.0},{"not_picked":["LuminesStrike","MysteriousBeam"],"picked":"DeepEcoloBomb","floor":2.0},{"not_picked":["EnergyFlow","ShootTheMoon"],"picked":"MaximisePower","floor":7.0},{"not_picked":["MysteriousBeam","LuminesStrike","SporeBomb"],"picked":"SKIP","floor":10.0},{"not_picked":["WitchLeyline","DC"],"picked":"FinalSpark","floor":13.0},{"not_picked":["StarlightTyphoon","MilkyWay","OortCloud"],"picked":"SKIP","floor":14.0},{"not_picked":["SuperNova","EscapeVelocity"],"picked":"MaximisePower","floor":16.0},{"not_picked":["SuperPerseids","BlazeAway","StarBarrage"],"picked":"SKIP","floor":18.0},{"not_picked":["GalacticHalo","6A+1","MysteriousBeam"],"picked":"SKIP","floor":19.0},{"not_picked":["UnstableBomb+1","GalacticHalo","OrrerysSun"],"picked":"SKIP","floor":21.0},{"not_picked":["DC","DeepEcoloBomb+1","PulseMagic"],"picked":"SKIP","floor":24.0},{"not_picked":["NonDirectionalLaser","PulseMagic","MilkyWay"],"picked":"SKIP","floor":25.0},{"not_picked":["GalacticHalo+1","PowerUp"],"picked":"DoubleSpark","floor":28.0},{"not_picked":["EnergyFlow","OrrerysSun","NonDirectionalLaser"],"picked":"SKIP","floor":29.0},{"not_picked":["ManaRampage","MysteriousBeam"],"picked":"DoubleSpark+1","floor":31.0},{"not_picked":["ManaConvection+1","AlicesGift","GalacticHalo"],"picked":"SKIP","floor":35.0},{"not_picked":["6A+1","WitchOfGreed"],"picked":"GalacticHalo+1","floor":36.0},{"not_picked":["AsteroidBelt+1","DarkSpark+1"],"picked":"DeepEcoloBomb","floor":38.0},{"not_picked":["IllusionStar","MillisecondPulsars","UnstableBomb+1"],"picked":"SKIP","floor":39.0},{"not_picked":["DC","WitchLeyline","PulseMagic"],"picked":"SKIP","floor":41.0},{"not_picked":["DoubleSpark+1","SuperPerseids","DarkSpark+1"],"picked":"SKIP","floor":45.0},{"not_picked":["AsteroidBelt","6A","SporeBomb"],"picked":"SKIP","floor":47.0},{"not_picked":["GrandCross","EventHorizon","MeteoricShower+1"],"picked":"SKIP","floor":48}],"player_experience":104960,"relics_obtained":[{"floor":9.0,"key":"Gambling Chip"},{"floor":26.0,"key":"Replay:WaspNest"},{"floor":29.0,"key":"Oddly Smooth Stone"},{"floor":38.0,"key":"Replay:Arrowhead"},{"floor":43.0,"key":"Darkstone Periapt"}],"event_choices":[{"damage_healed":0.0,"max_hp_gain":0.0,"max_hp_loss":0.0,"gold_gain":0.0,"event_name":"Living Wall","player_choice":"Grow","floor":4.0,"gold_loss":0.0,"damage_taken":0.0,"cards_upgraded":["DragonMeteor"]},{"damage_healed":0.0,"max_hp_gain":0.0,"max_hp_loss":0.0,"gold_gain":0.0,"event_name":"Lab","player_choice":"Got Potions","floor":5.0,"gold_loss":0.0,"damage_taken":0.0},{"damage_healed":25.0,"max_hp_gain":0.0,"max_hp_loss":0.0,"gold_gain":0.0,"event_name":"The Library","player_choice":"Heal","floor":27.0,"gold_loss":0.0,"damage_taken":0.0},{"damage_healed":0.0,"max_hp_gain":0.0,"max_hp_loss":0.0,"gold_gain":0.0,"event_name":"MindBloom","player_choice":"Fight","floor":38.0,"gold_loss":0.0,"damage_taken":0.0},{"damage_healed":19.0,"max_hp_gain":0.0,"max_hp_loss":0.0,"gold_gain":0.0,"event_name":"Winding Halls","player_choice":"Writhe","floor":42.0,"gold_loss":0.0,"damage_taken":0.0,"cards_obtained":["Writhe"]}],"is_beta":false,"boss_relics":[{"not_picked":["Sozu","Replay:Wanted Poster"],"picked":"Painkiller Herb"},{"not_picked":["RampagingMagicTools","Philosopher\u0027s Stone"],"picked":"Ring of Chaos"}],"items_purged_floors":[],"is_endless":false,"potions_floor_spawned":[2,14,18,19,28,33,35,41,47],"killed_by":"Time Eater","ascension_level":0}}