{"host":"cq2iqt18u9swspes","time":1611649320,"event":{"mods":["AchievementEnabler","BaseMod","BetterRewards","Colored Map","Downfall","Minty Spire (QoL Compilation)","StSLib","The Cursed"],"gold_per_floor":[116,131,145,145,595,609,609,635,635,652,652,670,670,770,770,770,770,770],"floor_reached":16,"language":"ENG","playtime":1565,"items_purged":[],"score":92,"play_id":"e1e63aaf-43b7-411b-bb27-ff98a983063f","local_time":"20210126092200","is_ascension_mode":false,"campfire_choices":[{"floor":9,"key":"REST"},{"data":"Guardian:FloatingOrbs","floor":11,"key":"SMITH"},{"data":"Guardian:Suspension","floor":13,"key":"SMITH"},{"floor":15,"key":"REST"}],"circlet_count":0,"master_deck":["Guardian:Strike_Guardian+1","Guardian:Strike_Guardian","Guardian:Strike_Guardian","Guardian:Strike_Guardian","Guardian:Defend_Guardian","Guardian:Defend_Guardian","Guardian:Defend_Guardian","Guardian:Defend_Guardian","Guardian:CurlUp","Guardian:TwinSlam","Guardian:DonusPower","downfall:Icky","downfall:Icky","downfall:Icky","Guardian:TemporalStrike+1","Guardian:FloatingOrbs+1","Guardian:Suspension+1","Guardian:TemporalStrike"],"relics":["Guardian:ModeShifter","downfall:BrokenWingStatue","Whetstone","PreservedInsect","downfall:CloakOfManyFaces","CultistMask","FaceOfCleric","NlothsMask","GremlinMask","SsserpentHead"],"acts_visited":["Exordium"],"potions_floor_usage":[10,16,16],"damage_taken":[{"damage":0,"enemies":"Small Slimes","floor":1,"turns":3},{"damage":7,"enemies":"Jaw Worm","floor":2,"turns":4},{"damage":1,"enemies":"2 Louse","floor":3,"turns":4},{"damage":22,"enemies":"Exordium Thugs","floor":6,"turns":7},{"damage":8,"enemies":"Lots of Slimes","floor":10,"turns":4},{"damage":5,"enemies":"2 Fungi Beasts","floor":12,"turns":5},{"damage":34,"enemies":"downfall:FaceTrader","floor":14,"turns":12},{"damage":67,"enemies":"WA_ARCHETYPE_RETAIN","floor":16,"turns":10}],"seed_played":"-4497880375898177290","potions_obtained":[{"floor":1,"key":"sneckomod:MuddlingPotion"},{"floor":6,"key":"ColorlessPotion"},{"floor":12,"key":"BlessingOfTheForge"},{"floor":14,"key":"SteroidPotion"}],"is_trial":false,"path_per_floor":["M","M","M","?","?","M","T","T","R","M","R","M","R","?","R","B"],"character_chosen":"GUARDIAN","items_purchased":[],"campfire_rested":2,"item_purchase_floors":[],"current_hp_per_floor":[88,81,80,80,80,58,58,58,84,76,76,71,71,37,63,0,0,0],"gold":770,"neow_bonus":"TEN_PERCENT_HP_BONUS","is_daily":false,"chose_seed":false,"campfire_upgraded":2,"win_rate":0.0,"timestamp":1611649320,"path_taken":["M","M","M","?","?","M","T","?","R","M","R","M","R","?","R","BOSS"],"items_purchased_type":[],"build_version":"2020-12-22","purchased_purges":0,"victory":false,"max_hp_per_floor":[88,88,88,88,88,88,88,88,88,88,88,88,88,88,88,88,88,88],"card_choices":[{"not_picked":["Guardian:RefractedBeam","Guardian:PrimingBeam"],"picked":"Guardian:Gem_Green","floor":1},{"not_picked":["Guardian:CrystalBeam","Guardian:Repulse"],"picked":"Guardian:Gem_Lightblue","floor":2},{"not_picked":["Guardian:Clone","Guardian:Gem_Cyan"],"picked":"Guardian:DonusPower","floor":3},{"not_picked":["Guardian:Incinerate","Guardian:CrystalBeam"],"picked":"Guardian:TemporalStrike","floor":6},{"not_picked":["Guardian:Gem_Lightblue","Guardian:Recover"],"picked":"Guardian:FloatingOrbs","floor":10},{"not_picked":["Guardian:TemporalStrike","Guardian:RollAttack"],"picked":"Guardian:Suspension","floor":12},{"not_picked":["Guardian:RefractedBeam","Guardian:ShieldCharger"],"picked":"Guardian:TemporalStrike","floor":14}],"player_experience":51300,"relics_obtained":[{"floor":7,"key":"Whetstone"},{"floor":8,"key":"PreservedInsect"},{"floor":14,"key":"downfall:CloakOfManyFaces"}],"event_choices":[],"is_beta":false,"boss_relics":[],"items_purged_floors":[],"is_endless":false,"potions_floor_spawned":[1,6,12,14],"killed_by":"WA_ARCHETYPE_RETAIN","ascension_level":0}}