{"host":"2apb6gwm2fj4theg","time":1611694962,"event":{"mods":["2.2 Compatiblity","AlwaysNeverKeys","Ascension Reborn","BaseMod","Halation","Hubris","Infinite Spire","Ironclad Rager","Marked Mod","Minty Spire (QoL Compilation)","Replay The Spire","Shop Mod","Small Relic Pack","StSLib","Unceasing Turn Reminder","Waifu the Spire"],"gold_per_floor":[111,129,129,129,149,174,188,188,212,226,257,257,257,291,291,336,336,349,364,47,47,47,47,57,85,109,109,119,119,138,157,157,262,262,281,295,312,326,73,73,91,91,116,128,128,128],"floor_reached":45,"language":"ENG","playtime":3137,"items_purged":[],"score":534,"play_id":"823103fc-3308-48d3-8feb-87f6ee71a83c","local_time":"20210126230242","is_ascension_mode":true,"campfire_choices":[{"data":"ReplayTheSpireMod:LeadingStrike","floor":8.0,"key":"SMITH"},{"floor":12.0,"key":"REST"},{"data":"infinitespire:OneForAll","floor":15.0,"key":"SMITH"},{"floor":23.0,"key":"REST"},{"floor":27.0,"key":"REST"},{"floor":29,"key":"REST"},{"floor":32,"key":"REST"},{"data":"Armaments","floor":40,"key":"SMITH"}],"circlet_count":0,"master_deck":["Strike_R","Strike_R","Strike_R","Strike_R","Strike_R","Defend_R","Defend_R","Defend_R","Defend_R","Bash","Berserk","Defy Death","Feel No Pain","ReplayTheSpireMod:LeadingStrike+1","ReplayTheSpireMod:Muscle Training","Second Wind","ReplayTheSpireMod:Muscle Training","infinitespire:OneForAll+1","Anger","Limit Break","Reckless Charge","hubris:NaturalOne","Wild Strike","Feel No Pain","ReplayTheSpireMod:Limb From Limb","infinitespire:Fortify","Pummel","Feed","ReplayTheSpireMod:Strike From Hell+1","Cleave+1","Reaper","True Grit+1","Armaments+1","Replay:Undeath\u0027s Touch","Sentinel","Rupture","ReplayTheSpireMod:Private Reserves","Thunderclap+1","Heavy Blade+1","Brutality","Flex"],"relics":["Burning Blood","Bag of Preparation","HornCleat","hubris:OldNail","WingedGreaves","hubris:Icosahedron","Shuriken","Black Star","Strange Spoon","Honey Jar","infinitespire:FocusingShard","PreservedInsect","Mirror","Strawberry","Electric Blood","MealTicket"],"acts_visited":["Exordium","TheCity","TheBeyond"],"potions_floor_usage":[33,35,38,45,45,45],"damage_taken":[{"damage":2.0,"enemies":"2 Louse","floor":1.0,"turns":4.0},{"damage":6.0,"enemies":"Jaw Worm","floor":2.0,"turns":3.0},{"damage":6.0,"enemies":"Cultist","floor":5.0,"turns":3.0},{"damage":13.0,"enemies":"Gremlin Nob","floor":6.0,"turns":4.0},{"damage":12.0,"enemies":"Looter","floor":7.0,"turns":3.0},{"damage":16.0,"enemies":"Blue Slaver","floor":10.0,"turns":5.0},{"damage":17.0,"enemies":"3 Sentries","floor":11.0,"turns":14.0},{"damage":1.0,"enemies":"Gremlin Nob","floor":14.0,"turns":4.0},{"damage":41.0,"enemies":"The Guardian","floor":16.0,"turns":8.0},{"damage":22.0,"enemies":"2 Thieves","floor":18.0,"turns":4.0},{"damage":22.0,"enemies":"Chosen","floor":19.0,"turns":6.0},{"damage":7.0,"enemies":"Snecko","floor":24.0,"turns":4.0},{"damage":40.0,"enemies":"Slavers","floor":25.0,"turns":5.0},{"damage":20,"enemies":"Snake Plant","floor":28,"turns":4},{"damage":17,"enemies":"Centurion and Healer","floor":30,"turns":5},{"damage":16,"enemies":"Sentry and Sphere","floor":31,"turns":4},{"damage":81,"enemies":"Automaton","floor":33,"turns":8},{"damage":11,"enemies":"Orb Walker","floor":35,"turns":2},{"damage":7,"enemies":"3 Shapes","floor":36,"turns":4},{"damage":32,"enemies":"Sphere and 2 Shapes","floor":37,"turns":4},{"damage":12,"enemies":"Spire Growth","floor":38,"turns":5},{"damage":33,"enemies":"Writhing Mass","floor":41,"turns":4},{"damage":22,"enemies":"4 Shapes","floor":44,"turns":4},{"damage":75,"enemies":"Nemesis","floor":45,"turns":3}],"seed_played":"816146606919646393","potions_obtained":[{"floor":2.0,"key":"FearPotion"},{"floor":5.0,"key":"Energy Potion"},{"floor":10.0,"key":"Toxic Potion"},{"floor":11.0,"key":"Explosive Potion"},{"floor":19.0,"key":"Toxic Potion"},{"floor":30,"key":"Explosive Potion"},{"floor":31,"key":"AttackPotion"},{"floor":33,"key":"ColorlessPotion"},{"floor":36,"key":"BloodPotion"},{"floor":37,"key":"Adrenaline Potion"},{"floor":41,"key":"EssenceOfSteel"}],"is_trial":false,"path_per_floor":["M","M","?","?","M","E","M","R","T","M","E","R","?","E","R","B",null,"M","M","$","?","AVR","R","M","E","T","R","M","R","M","M","R","B",null,"M","M","M","M","$","R","M","?","T","M","E"],"character_chosen":"IRONCLAD","items_purchased":["Feel No Pain","Strange Spoon","ReplayTheSpireMod:Limb From Limb","AttackPotion","Rupture","ReplayTheSpireMod:Private Reserves","FearPotion","Thunderclap+1"],"campfire_rested":5,"item_purchase_floors":[20,20,20,20,39,39,39,39],"current_hp_per_floor":[80,80,73,73,73,66,60,60,60,50,39,63,63,80,80,45,80,64,48,48,33,33,58,57,23,30,57,46,74,69,59,89,17,104,99,104,90,84,84,84,61,61,61,45,0,0],"gold":128,"neow_bonus":"ONE_RANDOM_RARE_CARD","is_daily":false,"chose_seed":false,"campfire_upgraded":3,"win_rate":0.0,"timestamp":1611694962,"path_taken":["M","M","?","?","M","E","M","R","T","M","E","R","?","E","R","BOSS","M","M","$","?","AVR","R","M","E","T","R","M","R","M","M","R","BOSS","M","M","M","M","$","R","M","?","T","?","E"],"items_purchased_type":["Card","Relic","Card","Potion","Card","Card","Potion","Card"],"build_version":"2020-12-22","purchased_purges":0,"victory":false,"max_hp_per_floor":[80,80,80,80,80,80,80,80,80,80,80,80,80,80,80,80,80,80,80,80,85,85,85,85,85,92,92,95,95,101,101,101,104,104,104,104,104,104,104,104,108,108,108,108,108,108],"card_choices":[{"not_picked":["Havoc","Body Slam"],"picked":"Defy Death","floor":1.0},{"not_picked":["Run Through","Pommel Strike"],"picked":"Feel No Pain","floor":2.0},{"not_picked":["Havoc","Bloodletting"],"picked":"ReplayTheSpireMod:LeadingStrike","floor":5.0},{"not_picked":["Massacre","Replay:Undeath\u0027s Touch"],"picked":"ReplayTheSpireMod:Muscle Training","floor":6.0},{"not_picked":["Flex","Sentinel"],"picked":"Second Wind","floor":7.0},{"not_picked":["Perfected Strike","ReplayTheSpireMod:Strike From Hell"],"picked":"ReplayTheSpireMod:Muscle Training","floor":10.0},{"not_picked":["Havoc","Shockwave"],"picked":"infinitespire:OneForAll","floor":11.0},{"not_picked":["hubris:CleavingFinish","Inflame"],"picked":"Anger","floor":14.0},{"not_picked":["Berserk","Demon Form"],"picked":"Limit Break","floor":16.0},{"not_picked":["Abandon","Bloodletting"],"picked":"Reckless Charge","floor":18.0},{"not_picked":["Iron Wave","Searing Blow+1"],"picked":"Wild Strike","floor":19.0},{"not_picked":["Dual Wield","hubris:ReadiedAction","Clash"],"picked":"Pummel","floor":24.0},{"not_picked":["True Grit","Hemogenesis","Anger"],"picked":"Feed","floor":25.0},{"not_picked":["Replay:Undeath\u0027s Touch","ReplayTheSpireMod:Limb From Limb","Feel No Pain"],"picked":"ReplayTheSpireMod:Strike From Hell+1","floor":28},{"not_picked":["Life Link+1","Whirlwind","Pommel Strike"],"picked":"ReplayTheSpireMod:LeadingStrike","floor":30},{"not_picked":["Intimidate","Abandon+1","hubris:CleavingFinish"],"picked":"Cleave+1","floor":31},{"not_picked":["Replay:Many Hands","Hemogenesis","Berserk"],"picked":"Reaper","floor":33},{"not_picked":["Cleave+1","Shrug It Off","Clothesline+1"],"picked":"True Grit+1","floor":35},{"not_picked":["hubris:SharpeningStone","Massacre","Thunderclap+1"],"picked":"Armaments","floor":36},{"not_picked":["Iron Wave","Anger","Clash+1"],"picked":"Replay:Undeath\u0027s Touch","floor":37},{"not_picked":["Dual Wield+1","ReplayTheSpireMod:Muscle Training","Havoc+1"],"picked":"Sentinel","floor":38},{"not_picked":["Headbutt","Armaments","Warcry+1"],"picked":"Heavy Blade+1","floor":41},{"not_picked":["Run Through","Perfected Strike+1","ReplayTheSpireMod:Strike From Hell"],"picked":"Flex","floor":44}],"player_experience":557510,"relics_obtained":[{"floor":6.0,"key":"HornCleat"},{"floor":9.0,"key":"hubris:OldNail"},{"floor":11.0,"key":"WingedGreaves"},{"floor":14.0,"key":"Shuriken"},{"floor":25.0,"key":"PreservedInsect"},{"floor":25.0,"key":"Mirror"},{"floor":26.0,"key":"Strawberry"},{"floor":43,"key":"MealTicket"}],"event_choices":[{"damage_healed":0.0,"max_hp_gain":0.0,"max_hp_loss":0.0,"gold_gain":0.0,"event_name":"Scrap Ooze","player_choice":"Success","floor":3.0,"gold_loss":0.0,"damage_taken":7.0,"relics_obtained":["Bag of Preparation"]},{"damage_healed":0.0,"max_hp_gain":5.0,"max_hp_loss":0.0,"gold_gain":0.0,"event_name":"Forgotten Altar","player_choice":"Shed Blood","floor":21.0,"gold_loss":0.0,"damage_taken":20.0},{"damage_healed":0,"gold_gain":0,"cards_transformed":["ReplayTheSpireMod:LeadingStrike"],"player_choice":"Transformed","damage_taken":0,"max_hp_gain":0,"max_hp_loss":0,"event_name":"Transmorgrifier","floor":42,"gold_loss":0,"cards_obtained":["Brutality"]}],"is_beta":false,"boss_relics":[{"not_picked":["halation:CatFaceCupcake","Empty Cage"],"picked":"Black Star"},{"not_picked":["Ooze Armor","hubris:GrandSneckoEye"],"picked":"Electric Blood"}],"items_purged_floors":[],"is_endless":false,"potions_floor_spawned":[2,5,10,11,19,30,31,33,36,37,41],"killed_by":"Nemesis","ascension_level":0}}