{"host":"ftwnpa9ceeptmrn1","time":1611659466,"event":{"mods":["Aspiration","BaseMod","Colored Map","Colored Powertips","Conspire","Hubris","Infinite Spire","Minty Spire (QoL Compilation)","Relic Stats","Replay The Spire","StSLib"],"gold_per_floor":[216,216,216,234,30,56,74,22,22,42,42,42],"floor_reached":11,"language":"ENG","playtime":928,"items_purged":["Strike_P"],"score":80,"play_id":"ccbbfdbd-381b-46c7-9e2f-2bafb4a50529","local_time":"20210126051106","is_ascension_mode":true,"campfire_choices":[],"circlet_count":0,"master_deck":["Strike_P","Strike_P+1","Strike_P","Defend_P","Defend_P","Defend_P","Defend_P+1","Eruption","Vigilance","Worship","TalkToTheHand","FollowUp","FollowUp","ClearTheMind","Evaluate","ThirdEye","Prostrate","Evaluate"],"relics":["PureWater","hubris:Icosahedron","Meat on the Bone"],"acts_visited":["Exordium"],"potions_floor_usage":[11,11],"damage_taken":[{"damage":9,"enemies":"Jaw Worm","floor":1,"turns":4},{"damage":0,"enemies":"2 Louse","floor":4,"turns":4},{"damage":21,"enemies":"3 Sentries","floor":6,"turns":11},{"damage":0,"enemies":"Cultist","floor":7,"turns":3},{"damage":3,"enemies":"Blue Slaver","floor":10,"turns":3},{"damage":137,"enemies":"Gremlin Nob","floor":11,"turns":5}],"seed_played":"2662555963528543453","potions_obtained":[{"floor":6,"key":"EssenceOfSteel"},{"floor":7,"key":"StancePotion"}],"is_trial":false,"path_per_floor":["M","?","?","M","$","E","M","$","T","M","E"],"character_chosen":"WATCHER","items_purchased":["FollowUp","ClearTheMind","Evaluate","BottledMiracle"],"campfire_rested":0,"item_purchase_floors":[5,5,5,8],"current_hp_per_floor":[63,63,49,49,49,28,40,40,40,37,0,0],"gold":42,"neow_bonus":"HUNDRED_GOLD","is_daily":false,"chose_seed":false,"campfire_upgraded":0,"win_rate":0.0,"timestamp":1611659466,"path_taken":["M","?","?","M","$","E","M","$","T","M","E"],"items_purchased_type":["Card","Card","Card","Potion"],"build_version":"2020-12-22","purchased_purges":1,"victory":false,"max_hp_per_floor":[72,72,72,72,72,72,72,72,72,72,72,72],"relic_stats":{"counters":[6,30],"obtain_stats":[{"hubris:Icosahedron":2,"PureWater":0,"Meat on the Bone":6},{"hubris:Icosahedron":1,"PureWater":0,"Meat on the Bone":3},{"hubris:Icosahedron":4,"PureWater":0,"Meat on the Bone":19}],"Meat on the Bone":12},"card_choices":[{"not_picked":["Nirvana","Evaluate"],"picked":"Worship","floor":1},{"not_picked":["SashWhip","MentalFortress"],"picked":"TalkToTheHand","floor":4},{"not_picked":["Replay:Vibes","SignatureMove"],"picked":"ThirdEye","floor":6},{"not_picked":["Protect","DeusExMachina"],"picked":"Prostrate","floor":7},{"not_picked":["Protect","Replay:Anticipation"],"picked":"Evaluate","floor":10}],"player_experience":248764,"relics_obtained":[{"floor":6,"key":"Meat on the Bone"}],"event_choices":[{"damage_healed":0,"gold_gain":0,"player_choice":"Entered Light","damage_taken":14,"max_hp_gain":0,"max_hp_loss":0,"event_name":"Shining Light","floor":3,"gold_loss":0,"cards_upgraded":["Defend_P","Strike_P"]}],"is_beta":false,"boss_relics":[],"items_purged_floors":[5],"is_endless":false,"potions_floor_spawned":[6,7],"killed_by":"Gremlin Nob","ascension_level":2}}