{"host":"8a3jzv7qxg3y7b6t","time":1611645757,"event":{"mods":["BaseMod","Better Third Choice","Downfall","Hermit","Minty Spire (QoL Compilation)","Relic Stats","StSLib","The Bug Knight","The Cursed"],"gold_per_floor":[118,136,147,147,158,192,202,216,216,244,244,260,280,313,313,313,313],"floor_reached":16,"language":"ENG","playtime":1248,"items_purged":[],"score":151,"play_id":"c8c6e693-1656-4ae3-b86f-9402c7b83306","local_time":"20210125232237","is_ascension_mode":false,"campfire_choices":[{"floor":11,"key":"RECALL"},{"data":"HollowMod:LifebloodCocoon","floor":15,"key":"SMITH"}],"circlet_count":0,"master_deck":["HollowMod:NailStrikeStart","HollowMod:NailStrikeStart","HollowMod:NailStrikeStart","HollowMod:QuickDashStart","HollowMod:QuickDashStart","HollowMod:QuickDashStart","HollowMod:QuickDashStart","HollowMod:FocusHealStart","HollowMod:PogoStrike","HollowMod:CloakDash","HollowMod:FallenFury","HollowMod:SoulStrike","HollowMod:GoodIntentions","HollowMod:DesolateDive","HollowMod:SoulStrike","HollowMod:SoulStrike","HollowMod:DoubleDash","HollowMod:SoulEater","HollowMod:LifebloodCocoon+1"],"relics":["HollowMod:VesselMask","PreservedInsect","Gambling Chip","Bottled Lightning","HollowMod:QueensCombRelic"],"acts_visited":["Exordium"],"potions_floor_usage":[6,10,12,14],"damage_taken":[{"damage":0,"enemies":"Cultist","floor":1,"turns":4},{"damage":0,"enemies":"Small Slimes","floor":2,"turns":5},{"damage":0,"enemies":"Jaw Worm","floor":3,"turns":4},{"damage":15,"enemies":"Large Slime","floor":5,"turns":9},{"damage":16,"enemies":"Lagavulin","floor":6,"turns":5},{"damage":5,"enemies":"Red Slaver","floor":7,"turns":4},{"damage":0,"enemies":"3 Louse","floor":8,"turns":2},{"damage":0,"enemies":"3 Sentries","floor":10,"turns":4},{"damage":9,"enemies":"Exordium Wildlife","floor":12,"turns":3},{"damage":0,"enemies":"Large Slime","floor":13,"turns":4},{"damage":32,"enemies":"Lagavulin","floor":14,"turns":9},{"damage":28,"enemies":"HollowMod:FalseKnight","floor":16,"turns":10}],"seed_played":"3419803524126247403","potions_obtained":[{"floor":3,"key":"FearPotion"},{"floor":8,"key":"AttackPotion"},{"floor":10,"key":"AttackPotion"},{"floor":13,"key":"Swift Potion"}],"is_trial":false,"path_per_floor":["M","M","M","?","M","E","M","M","T","E","R","M","M","E","R","B"],"character_chosen":"THE_BUGKNIGHT","items_purchased":[],"campfire_rested":0,"item_purchase_floors":[],"current_hp_per_floor":[75,75,75,75,66,60,61,61,61,61,61,52,58,32,32,16,16],"gold":313,"neow_bonus":"RANDOM_COMMON_RELIC","is_daily":false,"chose_seed":false,"campfire_upgraded":1,"win_rate":0.0,"timestamp":1611645757,"path_taken":["M","?","?","?","M","E","M","M","T","E","R","?","M","E","R","BOSS"],"items_purchased_type":[],"build_version":"2020-12-22","purchased_purges":0,"victory":false,"max_hp_per_floor":[75,75,75,75,75,75,75,75,75,75,75,75,75,50,50,50,50],"relic_stats":{"counters":[12,63],"Gambling Chip":[10],"PreservedInsect":94,"obtain_stats":[{"HollowMod:QueensCombRelic":14,"Gambling Chip":6,"HollowMod:VesselMask":0,"PreservedInsect":0,"Bottled Lightning":10},{"HollowMod:QueensCombRelic":11,"Gambling Chip":5,"HollowMod:VesselMask":0,"PreservedInsect":0,"Bottled Lightning":8},{"HollowMod:QueensCombRelic":53,"Gambling Chip":27,"HollowMod:VesselMask":0,"PreservedInsect":0,"Bottled Lightning":37}]},"card_choices":[{"not_picked":["HollowMod:VengefulVoid","HollowMod:MothsMistake"],"picked":"HollowMod:CloakDash","floor":1},{"not_picked":["HollowMod:GrimmsGift","HollowMod:ShadowDash","HollowMod:BrokenVessel"],"picked":"SKIP","floor":2},{"not_picked":["HollowMod:TaintedHusks","HollowMod:HeavyBlow"],"picked":"HollowMod:FallenFury","floor":3},{"not_picked":["HollowMod:BaldurShell","HollowMod:CloakDash"],"picked":"HollowMod:SoulStrike","floor":5},{"not_picked":["HollowMod:ZotesMagnificence","HollowMod:SoulSplash"],"picked":"HollowMod:GoodIntentions","floor":6},{"not_picked":["HollowMod:HeavyBlow","HollowMod:CloakDash"],"picked":"HollowMod:DesolateDive","floor":7},{"not_picked":["HollowMod:CloakDash","HollowMod:CornifersMapStart"],"picked":"HollowMod:SoulStrike","floor":8},{"not_picked":["HollowMod:VengefulVoid","HollowMod:SoulVessel"],"picked":"HollowMod:SoulStrike","floor":10},{"not_picked":["HollowMod:theNailsmith","HollowMod:WraithStrike"],"picked":"HollowMod:DoubleDash","floor":12},{"not_picked":["HollowMod:SiblingsSouls","HollowMod:AbyssShriek"],"picked":"HollowMod:SoulEater","floor":13},{"not_picked":["HollowMod:SoulShaman","HollowMod:Grubsong"],"picked":"HollowMod:LifebloodCocoon","floor":14}],"player_experience":629876,"relics_obtained":[{"floor":6,"key":"Gambling Chip"},{"floor":10,"key":"Bottled Lightning"},{"floor":14,"key":"HollowMod:QueensCombRelic"}],"event_choices":[{"cards_removed":["HollowMod:NailStrikeStart"],"damage_healed":0,"gold_gain":0,"player_choice":"Purged","damage_taken":0,"max_hp_gain":0,"max_hp_loss":0,"event_name":"Purifier","floor":4,"gold_loss":0}],"is_beta":false,"boss_relics":[],"items_purged_floors":[],"is_endless":false,"potions_floor_spawned":[3,8,10,13],"killed_by":"HollowMod:FalseKnight","ascension_level":0}}