{"host":"kw4o7b3ro2ktmmbe","time":1611665089,"event":{"mods":["BaseMod","Evolution","Minty Spire (QoL Compilation)","StSLib","The Druid"],"gold_per_floor":[110,110,185,199,210,210,224,224,249,249,259,259,278,297,297,396,396,414,55,55,55,67,67,99,99,99,124,139,139,172,187,187,287,337,352,369,65,340,357,386,386,386,386,415,92,120,174,174,174,174],"floor_reached":51,"language":"ENG","playtime":3773,"items_purged":["Regret"],"score":1041,"play_id":"683baea6-3b96-4306-96a6-e8ca51a4e335","local_time":"20210127014449","is_ascension_mode":true,"campfire_choices":[{"data":"theDruid:NaturalAgility","floor":6.0,"key":"SMITH"},{"data":"theDruid:BriarArmor","floor":10.0,"key":"SMITH"},{"data":"theDruid:InsectSwarm","floor":15.0,"key":"SMITH"},{"data":"theDruid:IronbarkArmor","floor":23.0,"key":"SMITH"},{"data":"theDruid:TearOpen","floor":25.0,"key":"SMITH"},{"floor":32.0,"key":"REST"},{"data":"theDruid:TearOpen","floor":41.0,"key":"SMITH"},{"data":"1","floor":49.0,"key":"LIFT"}],"circlet_count":0,"master_deck":["theDruid:IronClaw","theDruid:IronClaw","theDruid:IronClaw","theDruid:IronClaw+1","theDruid:BloodiedFur","theDruid:BloodiedFur","theDruid:BloodiedFur+1","theDruid:BloodiedFur+1","theDruid:BriarArmor+1","theDruid:WildSlash","theDruid:NaturalAgility+1","theDruid:Forage","theDruid:InsectSwarm+1","theDruid:TearOpen+1","theDruid:Guidance+1","theDruid:IronbarkArmor+1","theDruid:Infestation","theDruid:WildFrenzy","theDruid:Forage","theDruid:TearOpen+1","theDruid:FeralPlants","theDruid:ThornStrike+1","Madness","Madness","theDruid:ExposingSlash+1","theDruid:SpiritCall"],"relics":["theDruid:CrownOfTheWilds","EVO:Axolotl","Boot","MealTicket","Cursed Key","Happy Flower","Chemical X","Bronze Scales","MutagenicStrength","Red Mask","Ice Cream","Calipers","Tiny House","theDruid:HikingStick","PreservedInsect","Regal Pillow","Mercury Hourglass","Dream Catcher","Girya"],"acts_visited":["Exordium","TheCity","TheBeyond"],"potions_floor_usage":[50,50,50],"damage_taken":[{"damage":0.0,"enemies":"Small Slimes","floor":1.0,"turns":3.0},{"damage":0.0,"enemies":"2 Louse","floor":4.0,"turns":2.0},{"damage":0.0,"enemies":"Cultist","floor":5.0,"turns":3.0},{"damage":0.0,"enemies":"Looter","floor":7.0,"turns":3.0},{"damage":0.0,"enemies":"Red Slaver","floor":11.0,"turns":5.0},{"damage":0.0,"enemies":"2 Fungi Beasts","floor":13.0,"turns":4.0},{"damage":0.0,"enemies":"Looter","floor":14.0,"turns":4.0},{"damage":38.0,"enemies":"Slime Boss","floor":16.0,"turns":13.0},{"damage":0.0,"enemies":"Chosen","floor":18.0,"turns":4.0},{"damage":0.0,"enemies":"3 Byrds","floor":22.0,"turns":2.0},{"damage":25.0,"enemies":"Masked Bandits","floor":24.0,"turns":5.0},{"damage":0.0,"enemies":"Book of Stabbing","floor":27.0,"turns":5.0},{"damage":0.0,"enemies":"3 Cultists","floor":28.0,"turns":5.0},{"damage":26.0,"enemies":"Gremlin Leader","floor":30.0,"turns":4.0},{"damage":2.0,"enemies":"Sentry and Sphere","floor":31.0,"turns":4.0},{"damage":26.0,"enemies":"Automaton","floor":33.0,"turns":9.0},{"damage":0.0,"enemies":"Orb Walker","floor":35.0,"turns":4.0},{"damage":0.0,"enemies":"3 Shapes","floor":36.0,"turns":6.0},{"damage":0.0,"enemies":"Jaw Worm Horde","floor":39.0,"turns":1.0},{"damage":22.0,"enemies":"Giant Head","floor":40.0,"turns":7.0},{"damage":19.0,"enemies":"Reptomancer","floor":44.0,"turns":6.0},{"damage":0.0,"enemies":"Nemesis","floor":46.0,"turns":5.0},{"damage":0.0,"enemies":"2 Orb Walkers","floor":47.0,"turns":3.0},{"damage":35,"enemies":"Awakened One","floor":50,"turns":9}],"seed_played":"-4648299273779430854","potions_obtained":[{"floor":5.0,"key":"Weak Potion"},{"floor":7.0,"key":"EntropicBrew"},{"floor":13.0,"key":"Ancient Potion"},{"floor":14.0,"key":"AttackPotion"},{"floor":18.0,"key":"Strength Potion"},{"floor":24.0,"key":"Fruit Juice"},{"floor":33.0,"key":"Explosive Potion"},{"floor":34.0,"key":"LiquidBronze"},{"floor":36.0,"key":"SkillPotion"},{"floor":40.0,"key":"ColorlessPotion"},{"floor":44.0,"key":"Block Potion"},{"floor":46.0,"key":"Ancient Potion"},{"floor":48.0,"key":"PowerPotion"}],"is_trial":false,"path_per_floor":["M","?","?","M","M","R","M","?","T","R","M","?","M","M","R","B",null,"M","$","?","?","M","R","?","R","T","E","M","?","E","M","R","B",null,"M","M","$","?","M","E","R","?","T","E","$","E","?","?","R","B",null],"character_chosen":"DRUID","items_purchased":["Happy Flower","Chemical X","theDruid:IronbarkArmor","theDruid:HikingStick","Mercury Hourglass"],"campfire_rested":1,"item_purchase_floors":[19,19,19,37,45],"current_hp_per_floor":[82,66,58,58,58,58,58,82,82,82,82,70,73,76,76,41,82,82,82,82,82,82,82,62,62,62,65,68,51,28,32,59,39,97,97,97,97,97,97,78,78,66,66,53,68,74,74,74,74,45],"gold":174,"neow_bonus":"TEN_PERCENT_HP_BONUS","is_daily":false,"chose_seed":false,"campfire_upgraded":6,"win_rate":0.0,"timestamp":1611665089,"path_taken":["M","?","?","?","M","R","M","?","T","R","?","?","M","M","R","BOSS","M","$","?","?","M","R","?","R","T","E","M","?","E","M","R","BOSS","M","M","$","?","?","E","R","?","T","E","$","E","?","?","R","BOSS"],"items_purchased_type":["Relic","Relic","Card","Relic","Relic"],"build_version":"2020-12-22","purchased_purges":1,"victory":true,"max_hp_per_floor":[82,82,82,82,82,82,82,82,82,82,82,82,82,82,82,82,82,82,82,82,82,82,82,87,87,87,87,87,92,92,92,92,92,97,97,97,97,97,97,97,97,97,97,97,97,97,97,97,97,97],"card_choices":[{"not_picked":["theDruid:Resupply","theDruid:FuriousSlash","theDruid:Thornburst"],"picked":"SKIP","floor":1.0},{"not_picked":["theDruid:BackupSupplies","theDruid:ThornStrike","theDruid:TakeShelter"],"picked":"SKIP","floor":4.0},{"not_picked":["theDruid:Pathfinder","theDruid:FeralPlants"],"picked":"theDruid:NaturalAgility","floor":5.0},{"not_picked":["theDruid:Starburst","theDruid:BlessedStrike","theDruid:PlagueClaw"],"picked":"SKIP","floor":7.0},{"not_picked":["theDruid:TakeShelter","theDruid:Starfall"],"picked":"theDruid:Forage","floor":11.0},{"not_picked":["theDruid:Slingshot","theDruid:Gore"],"picked":"theDruid:InsectSwarm","floor":13.0},{"not_picked":["theDruid:TwilightsCall","theDruid:BagofTricks","theDruid:ThornStrike"],"picked":"SKIP","floor":14.0},{"not_picked":["theDruid:SurvivalCache","theDruid:SpiritCall"],"picked":"theDruid:TearOpen","floor":16.0},{"not_picked":["theDruid:FuriousSlash","theDruid:BlessedStrike"],"picked":"theDruid:Guidance+1","floor":18.0},{"not_picked":["theDruid:Pathfinder+1","theDruid:Eclipse"],"picked":"theDruid:Infestation","floor":22.0},{"not_picked":["theDruid:ThickHide","theDruid:Gore","theDruid:RockSlide"],"picked":"SKIP","floor":27.0},{"not_picked":["theDruid:WildArmor","theDruid:FuriousSlash"],"picked":"theDruid:WildFrenzy","floor":28.0},{"not_picked":["theDruid:Starfall+1","theDruid:ForestGuard"],"picked":"theDruid:Forage","floor":30.0},{"not_picked":["theDruid:Recoil","theDruid:Rummage","theDruid:Eclipse"],"picked":"SKIP","floor":31.0},{"not_picked":["theDruid:Earthquake","theDruid:HailofThorns"],"picked":"theDruid:TearOpen","floor":33.0},{"not_picked":["theDruid:ExposingSlash","theDruid:RockSlide"],"picked":"theDruid:FeralPlants","floor":34.0},{"not_picked":["theDruid:BrambleLash","theDruid:PlagueClaw","theDruid:TakeShelter"],"picked":"SKIP","floor":35.0},{"not_picked":["theDruid:BrambleLash","theDruid:FelineGrace+1","theDruid:BackupSupplies+1"],"picked":"SKIP","floor":36.0},{"not_picked":["theDruid:ExposingSlash","theDruid:BackupSupplies+1","theDruid:FelineGrace"],"picked":"SKIP","floor":39.0},{"not_picked":["theDruid:Gore","theDruid:ExposingSlash+1"],"picked":"theDruid:ThornStrike+1","floor":40.0},{"not_picked":["theDruid:ExposingSlash+1","theDruid:FullMoon","theDruid:ThornStrike"],"picked":"SKIP","floor":44.0},{"not_picked":["theDruid:PlagueClaw","theDruid:Resupply"],"picked":"theDruid:ExposingSlash+1","floor":46.0},{"not_picked":["theDruid:Moonbeam+1","theDruid:ExposingSlash+1"],"picked":"theDruid:SpiritCall","floor":47.0}],"player_experience":1889429,"relics_obtained":[{"floor":9.0,"key":"Boot"},{"floor":24.0,"key":"Red Mask"},{"floor":27.0,"key":"Ice Cream"},{"floor":30.0,"key":"Calipers"},{"floor":40.0,"key":"PreservedInsect"},{"floor":44.0,"key":"Regal Pillow"},{"floor":46.0,"key":"Dream Catcher"},{"floor":47.0,"key":"Girya"}],"event_choices":[{"damage_healed":0.0,"max_hp_gain":0.0,"max_hp_loss":0.0,"gold_gain":0.0,"event_name":"Shining Light","player_choice":"Entered Light","floor":2.0,"gold_loss":0.0,"damage_taken":16.0,"cards_upgraded":["theDruid:IronClaw","theDruid:BloodiedFur"]},{"damage_healed":0.0,"max_hp_gain":0.0,"max_hp_loss":0.0,"gold_gain":75.0,"event_name":"FaceTrader","player_choice":"Touch","floor":3.0,"gold_loss":0.0,"damage_taken":8.0},{"damage_healed":24.0,"max_hp_gain":0.0,"max_hp_loss":0.0,"gold_gain":0.0,"event_name":"Wheel of Change","player_choice":"Full Heal","floor":8.0,"gold_loss":0.0,"damage_taken":0.0},{"damage_healed":0.0,"max_hp_gain":0.0,"max_hp_loss":0.0,"gold_gain":0.0,"event_name":"Scrap Ooze","player_choice":"Success","floor":12.0,"gold_loss":0.0,"damage_taken":12.0,"relics_obtained":["MealTicket"]},{"damage_healed":0.0,"max_hp_gain":0.0,"max_hp_loss":0.0,"gold_gain":0.0,"event_name":"The Mausoleum","player_choice":"Opened","floor":20.0,"gold_loss":0.0,"damage_taken":0.0,"relics_obtained":["Bronze Scales"]},{"damage_healed":0.0,"max_hp_gain":0.0,"max_hp_loss":0.0,"gold_gain":0.0,"event_name":"Drug Dealer","player_choice":"Inject Mutagens","floor":21.0,"gold_loss":0.0,"damage_taken":0.0,"relics_obtained":["MutagenicStrength"]},{"damage_healed":0.0,"max_hp_gain":0.0,"max_hp_loss":0.0,"gold_gain":0.0,"event_name":"Masked Bandits","player_choice":"Fought Bandits","floor":24.0,"gold_loss":0.0,"damage_taken":0.0},{"damage_healed":0.0,"max_hp_gain":5.0,"max_hp_loss":0.0,"gold_gain":0.0,"event_name":"Forgotten Altar","player_choice":"Shed Blood","floor":29.0,"gold_loss":0.0,"damage_taken":22.0},{"damage_healed":0.0,"max_hp_gain":0.0,"max_hp_loss":0.0,"gold_gain":275.0,"event_name":"Golden Shrine","player_choice":"Desecrate","floor":38.0,"gold_loss":0.0,"damage_taken":0.0,"cards_obtained":["Regret"]},{"damage_healed":0.0,"max_hp_gain":0.0,"max_hp_loss":0.0,"gold_gain":0.0,"event_name":"Winding Halls","player_choice":"Embrace Madness","floor":42.0,"gold_loss":0.0,"damage_taken":12.0,"cards_obtained":["Madness","Madness"]},{"damage_healed":0.0,"max_hp_gain":0.0,"max_hp_loss":0.0,"gold_gain":0.0,"event_name":"Mysterious Sphere","player_choice":"Fight","floor":47.0,"gold_loss":0.0,"damage_taken":0.0},{"damage_healed":0.0,"max_hp_gain":0.0,"max_hp_loss":0.0,"gold_gain":0.0,"event_name":"Lab","player_choice":"Got Potions","floor":48.0,"gold_loss":0.0,"damage_taken":0.0}],"is_beta":false,"boss_relics":[{"not_picked":["Snecko Eye","Runic Pyramid"],"picked":"Cursed Key"},{"not_picked":["Empty Cage","Astrolabe"],"picked":"Tiny House"}],"items_purged_floors":[45],"is_endless":false,"potions_floor_spawned":[5,7,13,14,18,24,33,36,40,44,46],"ascension_level":4}}