{"host":"yzlg3mitc00v31o1","time":1611631402,"event":{"mods":["AchievementEnabler","BaseMod","BetterRewards","DeckTracker","Gold Saver","KOR Keyword Fix","Minty Spire (QoL Compilation)","Remove Card Discount Mod","Spicy Shops","StSLib","SuperFastMode"],"gold_per_floor":[1267,579,596,596,616,616,616],"floor_reached":6,"language":"KOR","playtime":409,"items_purged":[],"score":36,"play_id":"d27d797a-7d58-416e-9d3c-30f8e58f3fbe","local_time":"20210126122322","is_ascension_mode":false,"campfire_choices":[],"circlet_count":0,"master_deck":["Strike_P","Strike_P","Strike_P","Strike_P","Defend_P","Defend_P","Defend_P","Defend_P","Eruption","Vigilance","Enlightenment","FlurryOfBlows","InnerPeace","Pray+1","Injury","Vengeance+1"],"relics":["PureWater","HornCleat","CaptainsWheel","Tiny Chest","Dead Branch","Strawberry","Potion Belt","Toxic Egg 2","Lee\u0027s Waffle","Golden Idol"],"acts_visited":["Exordium"],"potions_floor_usage":[6],"damage_taken":[{"damage":1,"enemies":"Jaw Worm","floor":1,"turns":3},{"damage":0,"enemies":"2 Louse","floor":3,"turns":2},{"damage":0,"enemies":"Small Slimes","floor":5,"turns":5},{"damage":97,"enemies":"Gremlin Nob","floor":6,"turns":5}],"seed_played":"-1059432255673013182","potions_obtained":[{"floor":5,"key":"Swift Potion"}],"is_trial":false,"path_per_floor":["M","$","M","?","M","E"],"character_chosen":"WATCHER","items_purchased":["Enlightenment","FlurryOfBlows","HornCleat","CaptainsWheel","Tiny Chest","Strawberry","Potion Belt","Toxic Egg 2","Lee\u0027s Waffle"],"campfire_rested":0,"item_purchase_floors":[0,0,0,0,0,2,2,2,2],"current_hp_per_floor":[36,86,86,86,86,0,0],"gold":616,"neow_bonus":"","is_daily":false,"chose_seed":false,"campfire_upgraded":0,"win_rate":0.0,"timestamp":1611631402,"path_taken":["M","$","M","?","M","E"],"items_purchased_type":["Card","Card","Relic","Relic","Relic","Relic","Relic","Relic","Relic"],"build_version":"2020-12-22","purchased_purges":0,"victory":false,"max_hp_per_floor":[72,86,86,86,86,86,86],"card_choices":[{"not_picked":["Tantrum","Meditate"],"picked":"InnerPeace","floor":1},{"not_picked":["BowlingBash","Wallop"],"picked":"Pray+1","floor":3},{"not_picked":["Halt+1","Meditate+1"],"picked":"Vengeance+1","floor":5}],"player_experience":89978,"relics_obtained":[],"event_choices":[{"damage_healed":0,"gold_gain":0,"player_choice":"Take Wound","damage_taken":0,"relics_obtained":["Golden Idol"],"max_hp_gain":0,"max_hp_loss":0,"event_name":"Golden Idol","floor":4,"gold_loss":0,"cards_obtained":["Injury"]}],"is_beta":false,"boss_relics":[],"items_purged_floors":[],"is_endless":false,"potions_floor_spawned":[5],"killed_by":"Gremlin Nob","ascension_level":0}}