{"host":"bq4pt811tk9yrmjl","time":1611626213,"event":{"mods":["AchievementEnabler","BaseMod","Colored Map","Colored Powertips","Defuse TimeMaze Blight","Hermit","Minty Spire (QoL Compilation)","StSLib","SuperFastMode"],"gold_per_floor":[112,112,187,204,204,239,239,271,271,10,10,89,89,89,89,190,190,201,201,249,260,275,275,275,287,313,313,328,351,351,383,383,481,481,496,509,509,128,140,140,22,22,97,97,115,115,128,128,128,128,128,128,14,45,45,45],"floor_reached":55,"language":"ENG","playtime":997,"items_purged":["Writhe"],"score":722,"play_id":"89411e8f-c133-4403-bd0a-0decb1189844","local_time":"20210125235653","is_ascension_mode":true,"campfire_choices":[{"data":"Neutralize","floor":7,"key":"SMITH"},{"data":"Blade Dance","floor":11,"key":"SMITH"},{"data":"Leg Sweep","floor":13,"key":"SMITH"},{"data":"Bouncing Flask","floor":15,"key":"SMITH"},{"data":"Noxious Fumes","floor":23,"key":"SMITH"},{"data":"Cloak And Dagger","floor":30,"key":"SMITH"},{"data":"Dagger Spray","floor":32,"key":"SMITH"},{"floor":40,"key":"RECALL"},{"floor":42,"key":"REST"},{"floor":49,"key":"REST"},{"floor":52,"key":"REST"}],"circlet_count":0,"master_deck":["Strike_G+1","Strike_G+1","Strike_G+1","Strike_G+1","Strike_G+1","Defend_G+1","Defend_G+1","Defend_G+1","Defend_G+1","Defend_G+1","Survivor+1","Neutralize+1","Dagger Spray+1","Blade Dance+1","Leg Sweep+1","Bouncing Flask+1","Cloak And Dagger+1","Noxious Fumes+1","Backstab+1","Skewer+1","Bullet Time","Slice+1","Flying Knee+1","Dark Shackles","Blur"],"relics":["Ring of the Snake","NeowsBlessing","The Specimen","Torii","Tiny Chest","Shuriken","HornCleat","Sozu","Art of War","Pen Nib","Tingsha","Vajra","The Courier","Fusion Hammer","Ornamental Fan","OrangePellets","Sling","Mummified Hand","Paper Crane","Nunchaku","Mercury Hourglass"],"acts_visited":["Exordium","TheCity","TheBeyond","TheEnding"],"potions_floor_usage":[8],"damage_taken":[{"damage":0,"enemies":"Small Slimes","floor":1,"turns":1},{"damage":0,"enemies":"2 Louse","floor":4,"turns":1},{"damage":0,"enemies":"Gremlin Nob","floor":6,"turns":1},{"damage":6,"enemies":"3 Sentries","floor":8,"turns":8},{"damage":34,"enemies":"Slime Boss","floor":16,"turns":9},{"damage":0,"enemies":"Chosen","floor":18,"turns":3},{"damage":0,"enemies":"Shell Parasite","floor":21,"turns":5},{"damage":0,"enemies":"Centurion and Healer","floor":22,"turns":6},{"damage":0,"enemies":"Snecko","floor":25,"turns":4},{"damage":7,"enemies":"Cultist and Chosen","floor":28,"turns":4},{"damage":3,"enemies":"Book of Stabbing","floor":31,"turns":4},{"damage":22,"enemies":"Collector","floor":33,"turns":9},{"damage":1,"enemies":"3 Shapes","floor":35,"turns":3},{"damage":0,"enemies":"3 Darklings","floor":36,"turns":4},{"damage":0,"enemies":"Jaw Worm Horde","floor":39,"turns":2},{"damage":26,"enemies":"Writhing Mass","floor":45,"turns":7},{"damage":1,"enemies":"Sphere and 2 Shapes","floor":47,"turns":5},{"damage":15,"enemies":"Awakened One","floor":50,"turns":12},{"damage":24,"enemies":"Shield and Spear","floor":54,"turns":5},{"damage":55,"enemies":"The Heart","floor":55,"turns":3}],"seed_played":"-4692814086144773822","potions_obtained":[{"floor":4,"key":"Fire Potion"}],"is_trial":false,"path_per_floor":["M","?","?","M","?","E","R","E","T","$","R","T","R","?","R","B",null,"M","?","T","M","M","R","?","M","T","?","M","T","R","E","R","B",null,"M","M","?","$","M","R","$","R","T","$","M","?","M","T","R","B",null,"R","$","E","B"],"character_chosen":"THE_SILENT","items_purchased":["Shuriken","Ornamental Fan","OrangePellets","Sling","Nunchaku"],"campfire_rested":3,"item_purchase_floors":[10,38,38,41,53],"current_hp_per_floor":[70,67,56,56,70,70,70,64,64,64,64,64,64,50,50,16,70,70,70,70,70,70,70,70,70,70,70,63,63,63,60,60,38,70,69,69,69,69,69,69,69,70,70,70,44,44,43,43,64,49,70,70,70,46,0,0],"gold":45,"neow_bonus":"THREE_ENEMY_KILL","is_daily":false,"chose_seed":false,"campfire_upgraded":7,"win_rate":0.0,"timestamp":1611626213,"path_taken":["M","?","?","M","?","E","R","E","T","$","R","?","R","?","R","BOSS","M","?","?","M","M","R","?","M","T","?","?","?","R","E","R","BOSS","M","M","?","$","M","R","$","R","T","?","M","?","M","?","R","BOSS","R","$","E","BOSS"],"items_purchased_type":["Relic","Relic","Relic","Relic","Relic"],"build_version":"2020-12-22","purchased_purges":1,"victory":false,"max_hp_per_floor":[70,70,70,70,70,70,70,70,70,70,70,70,70,70,70,70,70,70,70,70,70,70,70,70,70,70,70,70,70,70,70,70,70,70,70,70,70,70,70,70,70,70,70,70,70,70,70,70,70,70,70,70,70,70,70,70],"card_choices":[{"not_picked":["Dodge and Roll","Underhanded Strike"],"picked":"Dagger Spray","floor":1},{"not_picked":["Quick Slash","Underhanded Strike"],"picked":"Blade Dance","floor":4},{"not_picked":["Calculated Gamble","All Out Attack"],"picked":"Leg Sweep","floor":6},{"not_picked":["Endless Agony","Skewer"],"picked":"Bouncing Flask","floor":8},{"not_picked":["Flechettes","Concentrate+1"],"picked":"Cloak And Dagger","floor":18},{"not_picked":["Masterful Stab","Outmaneuver","Reflex+1"],"picked":"SKIP","floor":21},{"not_picked":["Riddle With Holes","Backstab"],"picked":"Noxious Fumes","floor":22},{"not_picked":["PiercingWail","Deadly Poison"],"picked":"Backstab+1","floor":25},{"not_picked":["Well Laid Plans","Backflip"],"picked":"Skewer+1","floor":28},{"not_picked":["Concentrate","Poisoned Stab","Caltrops"],"picked":"SKIP","floor":31},{"not_picked":["Malaise","A Thousand Cuts"],"picked":"Bullet Time","floor":33},{"not_picked":["Bouncing Flask","Bane","Prepared+1"],"picked":"SKIP","floor":35},{"not_picked":["Flying Knee+1","Quick Slash"],"picked":"Slice+1","floor":36},{"not_picked":["Eviscerate+1","Flechettes"],"picked":"Flying Knee+1","floor":39},{"not_picked":["Cloak And Dagger","Riddle With Holes+1","Skewer+1"],"picked":"SKIP","floor":45},{"not_picked":["Mind Blast","Madness"],"picked":"Dark Shackles","floor":46},{"not_picked":["Sucker Punch","Cloak And Dagger","Flying Knee"],"picked":"SKIP","floor":47},{"not_picked":["Underhanded Strike+1","Flying Knee+1"],"picked":"Blur","floor":54}],"player_experience":252173,"relics_obtained":[{"floor":6,"key":"Torii"},{"floor":8,"key":"Tiny Chest"},{"floor":12,"key":"HornCleat"},{"floor":20,"key":"Art of War"},{"floor":26,"key":"Pen Nib"},{"floor":29,"key":"Vajra"},{"floor":31,"key":"The Courier"},{"floor":43,"key":"Mummified Hand"},{"floor":48,"key":"Paper Crane"},{"floor":54,"key":"Mercury Hourglass"}],"event_choices":[{"damage_healed":0,"gold_gain":0,"player_choice":"Success","damage_taken":3,"relics_obtained":["The Specimen"],"max_hp_gain":0,"max_hp_loss":0,"event_name":"Scrap Ooze","floor":2,"gold_loss":0},{"damage_healed":0,"gold_gain":75,"player_choice":"Gather Gold","damage_taken":11,"max_hp_gain":0,"max_hp_loss":0,"event_name":"World of Goop","floor":3,"gold_loss":0},{"damage_healed":23,"gold_gain":0,"player_choice":"Banana","damage_taken":0,"max_hp_gain":0,"max_hp_loss":0,"event_name":"Big Fish","floor":5,"gold_loss":0},{"damage_healed":0,"gold_gain":0,"player_choice":"Entered Light","damage_taken":14,"max_hp_gain":0,"max_hp_loss":0,"event_name":"Shining Light","floor":14,"gold_loss":0,"cards_upgraded":["Survivor","Strike_G"]},{"damage_healed":0,"gold_gain":0,"player_choice":"Ignored","damage_taken":0,"max_hp_gain":0,"max_hp_loss":0,"event_name":"Vampires","floor":19,"gold_loss":0},{"damage_healed":0,"gold_gain":0,"player_choice":"Simplicity","damage_taken":0,"max_hp_gain":0,"max_hp_loss":0,"event_name":"Back to Basics","floor":24,"gold_loss":0,"cards_upgraded":["Strike_G","Strike_G","Strike_G","Strike_G","Defend_G","Defend_G","Defend_G","Defend_G","Defend_G"]},{"damage_healed":0,"gold_gain":0,"player_choice":"Opened","damage_taken":0,"relics_obtained":["Tingsha"],"max_hp_gain":0,"max_hp_loss":0,"event_name":"The Mausoleum","floor":27,"gold_loss":0,"cards_obtained":["Writhe"]},{"damage_healed":0,"gold_gain":0,"player_choice":"Ignored","damage_taken":0,"max_hp_gain":0,"max_hp_loss":0,"event_name":"Tomb of Lord Red Mask","floor":37,"gold_loss":0},{"damage_healed":0,"gold_gain":0,"player_choice":"Memory 1","damage_taken":0,"max_hp_gain":0,"max_hp_loss":0,"event_name":"SensoryStone","floor":46,"gold_loss":0}],"is_beta":false,"boss_relics":[{"not_picked":["Coffee Dripper","Snecko Eye"],"picked":"Sozu"},{"not_picked":["Velvet Choker","Calling Bell"],"picked":"Fusion Hammer"}],"items_purged_floors":[38],"is_endless":false,"potions_floor_spawned":[4,21,25,28,36,47,54],"killed_by":"The Heart","ascension_level":1}}