{"host":"vhvm1b4sel61ztfv","time":1611689485,"event":{"mods":["BaseMod","BetterRewards","Displayed Cursed Tome","Gold Saver","Minty Spire (QoL Compilation)","StSLib"],"gold_per_floor":[109,126,126,136,66,66,66,93,93,93,93,127,145,172,172,269,269,284,180,195,207,235,247,293,305,317,329,356,368,394,440,452,567,629,655,364,364,414,232,232,246,246,269,269,303,322,173,208,208,307,307,319,244,194,219,239,264,264,264,333,333,86,120,120,149,149,254,254,265,190,203,203,48,48,81,94,123,74,101,116,151,151,151,249,249,260,260,270,282,282,309,341,367,393,404,404,418,436,452,452,556,556,574,629,579,579,371,371,387,398,432,446,465,482,499,515,515,647,647,661,678,697,384,394,429,429,179,210,494,528,528,539,87,87,213,213,227,177,191,191,191,191,191,191,221,221,221,237,237,252,252,378,378,393,403,416,476,368,368,387,387,419,419,439,439,471,225,525,654,654,670,715,726,81,81,81,81],"floor_reached":176,"language":"ENG","playtime":9333,"items_purged":["Anger+1","Normality","Writhe","Writhe"],"score":8527,"play_id":"47a4c9a7-27d1-4a44-a2a2-8c37b973187e","local_time":"20210126143125","daily_mods":["Draft","Vintage","Heirloom","Flight","DeadlyEvents","Cursed Run","Elite Swarm","Lethality"],"is_ascension_mode":true,"campfire_choices":[{"data":"Feel No Pain","floor":6.0,"key":"SMITH"},{"data":"Evolve","floor":10.0,"key":"SMITH"},{"data":"Sever Soul","floor":11.0,"key":"SMITH"},{"floor":15.0,"key":"REST"},{"data":"Juggernaut","floor":23.0,"key":"SMITH"},{"data":"Metallicize","floor":27.0,"key":"SMITH"},{"data":"Fiend Fire","floor":32.0,"key":"SMITH"},{"data":"Mayhem","floor":40.0,"key":"SMITH"},{"floor":42.0,"key":"REST"},{"floor":44.0,"key":"REST"},{"data":"Fire Breathing","floor":49.0,"key":"SMITH"},{"data":"Dark Embrace","floor":58.0,"key":"SMITH"},{"data":"Demon Form","floor":59.0,"key":"SMITH"},{"data":"Immolate","floor":61.0,"key":"SMITH"},{"floor":66.0,"key":"REST"},{"data":"Pummel","floor":74.0,"key":"SMITH"},{"floor":83.0,"key":"REST"},{"floor":96,"key":"REST"},{"floor":100,"key":"REST"},{"floor":108,"key":"REST"},{"data":"Flame Barrier","floor":117,"key":"SMITH"},{"floor":126,"key":"DIG"},{"floor":131,"key":"DIG"},{"floor":134,"key":"DIG"},{"floor":142,"key":"DIG"},{"data":"1","floor":143,"key":"LIFT"},{"floor":144,"key":"DIG"},{"data":"2","floor":146,"key":"LIFT"},{"data":"3","floor":147,"key":"LIFT"},{"floor":149,"key":"DIG"},{"floor":151,"key":"DIG"},{"floor":159,"key":"DIG"},{"floor":161,"key":"DIG"},{"floor":163,"key":"DIG"},{"floor":165,"key":"DIG"},{"floor":168,"key":"DIG"}],"circlet_count":5,"master_deck":["AscendersBane","Twin Strike+1","Havoc+1","Intimidate+1","Flame Barrier+1","Dark Embrace+1","Sever Soul+1","Infernal Blade+1","Flex+1","Feel No Pain+1","Pummel+1","Evolve+1","Spot Weakness+1","Double Tap+1","Pain","Fiend Fire+1","Exhume+1","Juggernaut+1","Wild Strike+1","Metallicize+1","Clumsy","Seeing Red+1","Decay","Rage+1","Mayhem+1","Fire Breathing+1","Demon Form+1","Fire Breathing+1","Immolate+1","Clumsy","Parasite","Clumsy","Injury","Doubt","Pain","Doubt","Writhe","Regret","Normality","Writhe","Writhe","Writhe","Shame","Regret","Normality","Normality","Pain","Ghostly+1","Ghostly+1","Ghostly+1","Ghostly+1","Ghostly+1"],"relics":["Cursed Key","Darkstone Periapt","Du-Vu Doll","Dead Branch","Toxic Egg 2","Bottled Lightning","Ornamental Fan","Blood Vial","Paper Frog","Ginger","War Paint","Unceasing Top","Mark of Pain","Regal Pillow","MawBank","Blue Candle","TungstenRod","Ancient Tea Set","Akabeko","Singing Bowl","FossilizedHelix","Tiny House","Nunchaku","Frozen Eye","Dream Catcher","Toy Ornithopter","Bronze Scales","Omamori","Orrery","Mango","Calling Bell","Centennial Puzzle","Pear","Lizard Tail","Strawberry","Art of War","HornCleat","Potion Belt","Smiling Mask","Vajra","Boot","Whetstone","Bag of Preparation","Red Skull","InkBottle","White Beast Statue","MealTicket","Mercury Hourglass","Orichalcum","Letter Opener","Oddly Smooth Stone","Sundial","Happy Flower","Brimstone","Lantern","Molten Egg 2","Bottled Flame","Matryoshka","StrikeDummy","CeramicFish","Anchor","Self Forming Clay","Kunai","Shovel","Mummified Hand","Eternal Feather","Gremlin Horn","The Courier","Question Card","Bottled Tornado","Charon\u0027s Ashes","Ice Cream","Girya","Bird Faced Urn","Mark of the Bloom","Champion Belt","Magic Flower","Torii","Turnip","Prayer Wheel","Circlet","Pantograph","Meat on the Bone","Shuriken","Frozen Egg 2","Incense Burner","Bag of Marbles","PreservedInsect","Calipers","CaptainsWheel","Thread and Needle","StoneCalendar","Old Coin"],"acts_visited":["Exordium","TheCity","TheBeyond","Exordium","TheCity","TheBeyond","Exordium","TheCity","TheBeyond","Exordium","TheCity"],"potions_floor_usage":[94,98,101,101,104,104,148,152,152,152,152,157,157,164,164],"damage_taken":[{"damage":0.0,"enemies":"2 Louse","floor":1.0,"turns":2.0},{"damage":11.0,"enemies":"Jaw Worm","floor":2.0,"turns":2.0},{"damage":0.0,"enemies":"Cultist","floor":4.0,"turns":2.0},{"damage":15.0,"enemies":"Gremlin Nob","floor":8.0,"turns":3.0},{"damage":2.0,"enemies":"Lagavulin","floor":12.0,"turns":2.0},{"damage":0.0,"enemies":"Exordium Thugs","floor":13.0,"turns":1.0},{"damage":15.0,"enemies":"3 Sentries","floor":14.0,"turns":3.0},{"damage":11.0,"enemies":"The Guardian","floor":16.0,"turns":4.0},{"damage":5.0,"enemies":"Chosen","floor":18.0,"turns":3.0},{"damage":0.0,"enemies":"Spheric Guardian","floor":20.0,"turns":1.0},{"damage":16.0,"enemies":"Snecko","floor":22.0,"turns":3.0},{"damage":9.0,"enemies":"Slavers","floor":24.0,"turns":2.0},{"damage":0.0,"enemies":"Centurion and Healer","floor":28.0,"turns":2.0},{"damage":0.0,"enemies":"3 Cultists","floor":30.0,"turns":2.0},{"damage":10.0,"enemies":"Gremlin Leader","floor":31.0,"turns":2.0},{"damage":7.0,"enemies":"Champ","floor":33.0,"turns":4.0},{"damage":24.0,"enemies":"3 Shapes","floor":35.0,"turns":2.0},{"damage":0.0,"enemies":"Mind Bloom Boss Battle","floor":38.0,"turns":2.0},{"damage":6.0,"enemies":"3 Darklings","floor":41.0,"turns":3.0},{"damage":9.0,"enemies":"Giant Head","floor":45.0,"turns":4.0},{"damage":27.0,"enemies":"Writhing Mass","floor":46.0,"turns":3.0},{"damage":11.0,"enemies":"Reptomancer","floor":48.0,"turns":4.0},{"damage":93.0,"enemies":"Awakened One","floor":50.0,"turns":6.0},{"damage":0.0,"enemies":"2 Louse","floor":52.0,"turns":1.0},{"damage":5.0,"enemies":"Lagavulin","floor":55.0,"turns":2.0},{"damage":0.0,"enemies":"Cultist","floor":56.0,"turns":2.0},{"damage":0.0,"enemies":"3 Sentries","floor":57.0,"turns":2.0},{"damage":0.0,"enemies":"Gremlin Nob","floor":63.0,"turns":1.0},{"damage":28.0,"enemies":"Lagavulin","floor":65.0,"turns":3.0},{"damage":5.0,"enemies":"Slime Boss","floor":67.0,"turns":2.0},{"damage":0.0,"enemies":"Shell Parasite","floor":69.0,"turns":1.0},{"damage":0.0,"enemies":"Chosen","floor":71.0,"turns":1.0},{"damage":25.0,"enemies":"Slavers","floor":75.0,"turns":2.0},{"damage":0.0,"enemies":"Snecko","floor":76.0,"turns":2.0},{"damage":0.0,"enemies":"Book of Stabbing","floor":77.0,"turns":3.0},{"damage":5.0,"enemies":"Slavers","floor":79.0,"turns":2.0},{"damage":0.0,"enemies":"Snake Plant","floor":80.0,"turns":1.0},{"damage":41.0,"enemies":"Gremlin Leader","floor":81.0,"turns":3.0},{"damage":5.0,"enemies":"Collector","floor":84.0,"turns":5.0},{"damage":22.0,"enemies":"3 Shapes","floor":86.0,"turns":1.0},{"damage":0.0,"enemies":"3 Darklings","floor":88.0,"turns":1.0},{"damage":0.0,"enemies":"Spire Growth","floor":89.0,"turns":2.0},{"damage":17.0,"enemies":"Nemesis","floor":91.0,"turns":3.0},{"damage":0,"enemies":"Giant Head","floor":92,"turns":2},{"damage":11,"enemies":"Nemesis","floor":93,"turns":3},{"damage":5,"enemies":"Reptomancer","floor":94,"turns":2},{"damage":5,"enemies":"4 Shapes","floor":95,"turns":1},{"damage":58,"enemies":"Writhing Mass","floor":97,"turns":3},{"damage":5,"enemies":"Jaw Worm Horde","floor":98,"turns":3},{"damage":0,"enemies":"3 Darklings","floor":99,"turns":1},{"damage":63,"enemies":"Donu and Deca","floor":101,"turns":4},{"damage":0,"enemies":"Small Slimes","floor":103,"turns":1},{"damage":25,"enemies":"3 Sentries","floor":104,"turns":2},{"damage":0,"enemies":"Cultist","floor":109,"turns":1},{"damage":0,"enemies":"2 Louse","floor":110,"turns":1},{"damage":0,"enemies":"Lagavulin","floor":111,"turns":1},{"damage":0,"enemies":"Large Slime","floor":112,"turns":2},{"damage":0,"enemies":"Exordium Wildlife","floor":113,"turns":1},{"damage":0,"enemies":"Blue Slaver","floor":114,"turns":1},{"damage":0,"enemies":"Lots of Slimes","floor":115,"turns":1},{"damage":0,"enemies":"Large Slime","floor":116,"turns":1},{"damage":0,"enemies":"Hexaghost","floor":118,"turns":2},{"damage":0,"enemies":"Shell Parasite","floor":120,"turns":1},{"damage":0,"enemies":"3 Byrds","floor":121,"turns":1},{"damage":0,"enemies":"Centurion and Healer","floor":122,"turns":2},{"damage":0,"enemies":"Snake Plant","floor":124,"turns":1},{"damage":0,"enemies":"Gremlin Leader","floor":125,"turns":1},{"damage":0,"enemies":"Slavers","floor":128,"turns":1},{"damage":22,"enemies":"Book of Stabbing","floor":130,"turns":2},{"damage":0,"enemies":"Chosen and Byrds","floor":132,"turns":1},{"damage":0,"enemies":"Champ","floor":135,"turns":3},{"damage":0,"enemies":"3 Darklings","floor":137,"turns":1},{"damage":0,"enemies":"3 Shapes","floor":139,"turns":1},{"damage":2,"enemies":"Giant Head","floor":145,"turns":3},{"damage":0,"enemies":"Transient","floor":148,"turns":5},{"damage":0,"enemies":"Jaw Worm Horde","floor":150,"turns":1},{"damage":1,"enemies":"Awakened One","floor":152,"turns":4},{"damage":0,"enemies":"Small Slimes","floor":154,"turns":1},{"damage":0,"enemies":"2 Louse","floor":155,"turns":1},{"damage":35,"enemies":"Jaw Worm","floor":156,"turns":2},{"damage":0,"enemies":"3 Sentries","floor":157,"turns":3},{"damage":0,"enemies":"Large Slime","floor":160,"turns":2},{"damage":0,"enemies":"3 Sentries","floor":162,"turns":2},{"damage":0,"enemies":"Exordium Wildlife","floor":164,"turns":2},{"damage":0,"enemies":"Gremlin Nob","floor":166,"turns":2},{"damage":0,"enemies":"The Guardian","floor":169,"turns":2},{"damage":164,"enemies":"Spheric Guardian","floor":171,"turns":7},{"damage":0,"enemies":"Shell Parasite","floor":173,"turns":2},{"damage":109,"enemies":"Gremlin Leader","floor":176,"turns":2}],"seed_played":"-7783536066271289495","potions_obtained":[{"floor":1.0,"key":"BloodPotion"},{"floor":4.0,"key":"LiquidMemories"},{"floor":14.0,"key":"ColorlessPotion"},{"floor":16.0,"key":"DistilledChaos"},{"floor":18.0,"key":"Weak Potion"},{"floor":24.0,"key":"Swift Potion"},{"floor":28.0,"key":"BloodPotion"},{"floor":30.0,"key":"PowerPotion"},{"floor":45.0,"key":"BlessingOfTheForge"},{"floor":50.0,"key":"GamblersBrew"},{"floor":52.0,"key":"FairyPotion"},{"floor":89.0,"key":"SkillPotion"},{"floor":91,"key":"CultistPotion"},{"floor":92,"key":"PowerPotion"},{"floor":94,"key":"Weak Potion"},{"floor":98,"key":"DuplicationPotion"},{"floor":101,"key":"AttackPotion"},{"floor":103,"key":"BloodPotion"},{"floor":104,"key":"Strength Potion"},{"floor":115,"key":"PowerPotion"},{"floor":148,"key":"EssenceOfSteel"},{"floor":150,"key":"Dexterity Potion"},{"floor":152,"key":"Regen Potion"},{"floor":154,"key":"Fire Potion"},{"floor":155,"key":"HeartOfIron"},{"floor":156,"key":"BlessingOfTheForge"},{"floor":157,"key":"EssenceOfSteel"},{"floor":164,"key":"Energy Potion"},{"floor":166,"key":"Swift Potion"}],"is_trial":true,"path_per_floor":["M","M","$","M","$","R","?","E","T","R","R","E","M","E","R","B",null,"M","$","M","$","M","R","E","$","T","R","M","?","M","E","R","B",null,"M","$","?","?","$","R","M","R","T","R","E","M","$","E","R","B",null,"M","$","?","E","M","E","R","R","T","R","$","E","$","E","R","B",null,"M","?","M","?","$","R","E","M","E","$","E","M","E","$","R","B",null,"M","?","M","M","$","E","E","E","E","M","R","M","M","M","R","B",null,"M","?","$","$","$","R","M","M","E","M","M","M","M","M","R","B",null,"M","M","M","$","M","E","R","$","E","?","E","R","M","$","R","B",null,"M","$","M","?","$","R","R","R","E","R","R","M","R","M","R","B",null,"M","M","M","?","$","R","M","R","E","R","M","R","E","$","R","B",null,"M","?","M","$","$","E"],"character_chosen":"IRONCLAD","items_purchased":["Spot Weakness+1","Wild Strike","Metallicize","Frozen Eye","Dream Catcher","Mayhem","Orrery","Potion Belt","AttackPotion","SteroidPotion","Whetstone","PowerPotion","Brimstone","PowerPotion","Shovel","Gremlin Horn","Bottled Tornado","Charon\u0027s Ashes","DistilledChaos","StoneCalendar","Circlet","Circlet"],"campfire_rested":8,"item_purchase_floors":[5,19,19,36,36,39,47,62,62,62,73,78,107,107,123,127,133,133,158,167,174,174],"current_hp_per_floor":[72,61,61,61,61,61,80,65,71,71,71,71,73,60,85,81,89,86,86,88,88,74,74,67,67,73,73,75,75,77,71,71,74,105,83,83,83,87,87,87,83,117,123,123,114,89,97,102,102,81,141,150,150,150,149,151,155,155,155,161,161,161,165,165,141,180,183,187,188,188,188,188,188,188,165,167,171,171,170,172,135,135,198,201,205,184,184,186,193,206,191,195,188,192,189,216,158,160,162,218,185,225,227,215,230,240,240,242,242,242,244,244,244,244,244,244,244,264,264,264,264,264,264,264,266,266,266,268,274,254,276,276,276,276,296,296,296,296,296,296,296,296,296,296,294,294,294,294,294,294,294,293,293,293,293,258,258,258,258,258,258,258,258,258,258,258,258,258,258,258,94,94,94,94,94,0,0],"gold":81,"neow_bonus":"","is_daily":false,"chose_seed":false,"campfire_upgraded":13,"win_rate":0.0,"timestamp":1611689485,"path_taken":["M","M","$","M","$","R","?","E","T","R","R","E","?","E","R","BOSS","M","$","M","$","M","R","E","$","T","R","M","?","?","?","R","BOSS","M","$","?","?","$","R","?","R","T","R","?","?","$","?","R","BOSS","M","$","?","?","?","E","R","R","T","R","$","E","$","E","R","BOSS","M","?","M","?","?","R","E","M","E","$","E","M","?","$","R","BOSS","M","?","M","M","$","E","E","E","E","M","R","M","M","M","R","BOSS","M","?","$","$","$","R","?","M","E","M","M","M","M","M","R","BOSS","M","M","M","$","M","E","R","$","E","?","E","R","M","$","R","BOSS","M","$","?","?","$","R","R","R","E","R","R","M","R","M","R","BOSS","M","M","M","?","$","R","M","R","E","R","M","R","?","$","R","BOSS","M","?","?","$","$","E"],"items_purchased_type":["Card","Card","Card","Relic","Relic","Card","Relic","Relic","Potion","Potion","Relic","Potion","Relic","Potion","Relic","Relic","Relic","Relic","Potion","Relic","Undefined","Undefined"],"build_version":"2020-12-22","purchased_purges":4,"victory":false,"max_hp_per_floor":[80,80,80,80,80,80,80,80,86,86,86,86,86,86,86,92,92,92,92,92,92,92,92,92,92,98,98,98,98,98,100,100,108,113,113,113,113,115,115,115,115,117,123,123,123,123,131,145,145,147,157,164,164,164,166,166,168,168,168,174,174,174,176,176,178,180,188,188,188,188,188,188,188,188,190,190,192,192,194,194,196,196,198,206,206,206,206,206,206,206,208,210,212,214,214,216,216,216,216,218,238,238,238,240,240,240,240,242,242,242,244,244,244,244,244,244,244,264,264,264,264,264,264,264,266,266,266,268,274,276,276,276,276,276,296,296,296,296,296,296,296,296,296,296,298,298,298,298,298,298,298,318,318,318,318,318,318,318,318,318,318,318,318,318,318,318,318,318,318,318,318,159,159,159,159,159,159],"card_choices":[{"not_picked":["Battle Trance","Perfected Strike"],"picked":"Clothesline","floor":0.0},{"not_picked":["Pommel Strike","Perfected Strike"],"picked":"Anger","floor":0.0},{"not_picked":["Clash","Disarm"],"picked":"Twin Strike","floor":0.0},{"not_picked":["Perfected Strike","Cleave"],"picked":"Havoc","floor":0.0},{"not_picked":["Sentinel","Clash"],"picked":"Intimidate","floor":0.0},{"not_picked":["Perfected Strike","Body Slam"],"picked":"Flame Barrier","floor":0.0},{"not_picked":["Sword Boomerang","Blood for Blood"],"picked":"Dark Embrace","floor":0.0},{"not_picked":["Clothesline","Shrug It Off"],"picked":"Sever Soul","floor":0.0},{"not_picked":["Burning Pact","Cleave"],"picked":"Infernal Blade","floor":0.0},{"not_picked":["Flame Barrier","Armaments"],"picked":"Pommel Strike","floor":0.0},{"not_picked":["Clothesline","Carnage"],"picked":"Flex","floor":0.0},{"not_picked":["Second Wind","Thunderclap"],"picked":"Feel No Pain","floor":0.0},{"not_picked":["Iron Wave","Dropkick"],"picked":"Pommel Strike","floor":0.0},{"not_picked":["Wild Strike","Havoc"],"picked":"Pummel","floor":0.0},{"not_picked":["Flex","Heavy Blade"],"picked":"Evolve","floor":0.0},{"not_picked":["Exhume+1","Offering+1"],"picked":"Double Tap+1","floor":8.0},{"not_picked":["Reaper","Impervious+1"],"picked":"Fiend Fire","floor":12.0},{"not_picked":["Barricade","Bludgeon"],"picked":"Exhume+1","floor":14.0},{"not_picked":["Bludgeon","Exhume+1"],"picked":"Juggernaut","floor":16.0},{"not_picked":["Double Tap+1","Barricade","Exhume+1"],"picked":"SKIP","floor":24.0},{"not_picked":["Brutality","Double Tap+1","Reaper"],"picked":"Singing Bowl","floor":31.0},{"not_picked":["Offering+1","Exhume+1","Double Tap+1"],"picked":"Singing Bowl","floor":33.0},{"not_picked":["Reckless Charge","Sword Boomerang"],"picked":"Rage+1","floor":34.0},{"not_picked":["Rampage+1","Sword Boomerang+1","Disarm+1"],"picked":"Singing Bowl","floor":38.0},{"not_picked":["Dual Wield+1","True Grit+1","Battle Trance+1"],"picked":"Singing Bowl","floor":42.0},{"not_picked":["Wild Strike+1","Clothesline+1"],"picked":"Fire Breathing","floor":44.0},{"not_picked":["Impervious+1","Feed"],"picked":"Demon Form","floor":45.0},{"not_picked":["Perfected Strike","Flex+1","Cleave+1"],"picked":"Singing Bowl","floor":47.0},{"not_picked":["Infernal Blade+1","Wild Strike+1","Dropkick"],"picked":"Singing Bowl","floor":47.0},{"not_picked":["Fiend Fire","Warcry+1"],"picked":"Fire Breathing+1","floor":47.0},{"not_picked":["Shrug It Off+1","Wild Strike+1","Anger+1"],"picked":"Singing Bowl","floor":47.0},{"not_picked":["Twin Strike","Body Slam+1","Feel No Pain+1"],"picked":"Singing Bowl","floor":47.0},{"not_picked":["Feed","Barricade"],"picked":"Immolate","floor":48.0},{"not_picked":["Demon Form","Juggernaut","Fiend Fire"],"picked":"Singing Bowl","floor":50.0},{"not_picked":["Demon Form","Offering+1","Immolate"],"picked":"Singing Bowl","floor":55.0},{"not_picked":["Impervious+1","Exhume+1","Barricade"],"picked":"Singing Bowl","floor":57.0},{"not_picked":["Impervious+1","Barricade","Reaper"],"picked":"Singing Bowl","floor":63.0},{"not_picked":["Corruption","Limit Break+1","Brutality"],"picked":"Singing Bowl","floor":65.0},{"not_picked":["Warcry+1","Cleave","Burning Pact+1"],"picked":"Singing Bowl","floor":66.0},{"not_picked":["Exhume+1","Berserk","Immolate"],"picked":"Singing Bowl","floor":67.0},{"not_picked":["Bludgeon","Juggernaut","Reaper"],"picked":"Singing Bowl","floor":75.0},{"not_picked":["Offering+1","Berserk","Brutality"],"picked":"Singing Bowl","floor":77.0},{"not_picked":["Reaper","Impervious+1","Feed"],"picked":"Singing Bowl","floor":79.0},{"not_picked":["Brutality","Demon Form","Barricade"],"picked":"Singing Bowl","floor":81.0},{"not_picked":["Uppercut","Spot Weakness+1","Heavy Blade"],"picked":"Singing Bowl","floor":83.0},{"not_picked":["Double Tap+1","Demon Form","Bludgeon"],"picked":"Singing Bowl","floor":84.0},{"not_picked":["Barricade","Limit Break+1","Brutality"],"picked":"Singing Bowl","floor":91},{"not_picked":["Juggernaut","Demon Form","Bludgeon"],"picked":"Singing Bowl","floor":92},{"not_picked":["Offering+1","Impervious+1","Juggernaut"],"picked":"Singing Bowl","floor":93},{"not_picked":["Immolate","Berserk","Corruption"],"picked":"Singing Bowl","floor":94},{"not_picked":["Thunderclap+1","Warcry+1","Body Slam"],"picked":"Singing Bowl","floor":96},{"not_picked":["Perfected Strike","Wild Strike","Flex+1"],"picked":"Singing Bowl","floor":100},{"not_picked":["Juggernaut","Barricade","Limit Break+1"],"picked":"Singing Bowl","floor":101},{"not_picked":["Body Slam","Pummel","Clothesline"],"picked":"Singing Bowl","floor":104},{"not_picked":["Rampage","Headbutt","Warcry+1"],"picked":"Singing Bowl","floor":108},{"not_picked":["Juggernaut","Reaper+1","Barricade"],"picked":"Singing Bowl","floor":111},{"not_picked":["Feed+1","Demon Form","Double Tap+1"],"picked":"Singing Bowl","floor":118},{"not_picked":["Brutality","Exhume+1","Immolate+1"],"picked":"Singing Bowl","floor":125},{"not_picked":["Exhume+1","Feed+1","Juggernaut"],"picked":"Singing Bowl","floor":128},{"not_picked":["Brutality","Immolate+1","Bludgeon+1"],"picked":"Singing Bowl","floor":130},{"not_picked":["Corruption","Feed+1","Exhume+1","Limit Break+1"],"picked":"Singing Bowl","floor":135},{"not_picked":["Berserk","Brutality","Offering+1","Feed+1"],"picked":"Singing Bowl","floor":145},{"not_picked":["Reaper+1","Double Tap+1","Exhume+1","Bludgeon+1"],"picked":"Singing Bowl","floor":152},{"not_picked":["Clothesline+1","Anger+1","Sword Boomerang+1","Body Slam+1"],"picked":"Singing Bowl","floor":157},{"not_picked":["Berserk+1","Limit Break+1","Feed+1","Brutality+1"],"picked":"Singing Bowl","floor":162},{"not_picked":["Demon Form+1","Berserk+1","Brutality+1","Feed+1"],"picked":"Singing Bowl","floor":166},{"not_picked":["Bludgeon+1","Impervious+1","Reaper+1","Demon Form+1"],"picked":"Singing Bowl","floor":169}],"player_experience":170281,"relics_obtained":[{"floor":1.0,"key":"Toxic Egg 2"},{"floor":2.0,"key":"Bottled Lightning"},{"floor":4.0,"key":"Ornamental Fan"},{"floor":8.0,"key":"Blood Vial"},{"floor":9.0,"key":"Paper Frog"},{"floor":12.0,"key":"Ginger"},{"floor":13.0,"key":"War Paint"},{"floor":14.0,"key":"Unceasing Top"},{"floor":18.0,"key":"Regal Pillow"},{"floor":20.0,"key":"MawBank"},{"floor":22.0,"key":"Blue Candle"},{"floor":24.0,"key":"TungstenRod"},{"floor":26.0,"key":"Ancient Tea Set"},{"floor":28.0,"key":"Akabeko"},{"floor":30.0,"key":"Singing Bowl"},{"floor":31.0,"key":"FossilizedHelix"},{"floor":35.0,"key":"Nunchaku"},{"floor":43.0,"key":"Toy Ornithopter"},{"floor":45.0,"key":"Bronze Scales"},{"floor":46.0,"key":"Omamori"},{"floor":48.0,"key":"Mango"},{"floor":51.0,"key":"Centennial Puzzle"},{"floor":51.0,"key":"Pear"},{"floor":51.0,"key":"Lizard Tail"},{"floor":52.0,"key":"Strawberry"},{"floor":56.0,"key":"Art of War"},{"floor":60.0,"key":"HornCleat"},{"floor":69.0,"key":"Smiling Mask"},{"floor":71.0,"key":"Vajra"},{"floor":76.0,"key":"Bag of Preparation"},{"floor":80.0,"key":"Red Skull"},{"floor":86.0,"key":"InkBottle"},{"floor":88.0,"key":"White Beast Statue"},{"floor":89.0,"key":"MealTicket"},{"floor":95,"key":"Mercury Hourglass"},{"floor":97,"key":"Orichalcum"},{"floor":98,"key":"Letter Opener"},{"floor":99,"key":"Oddly Smooth Stone"},{"floor":103,"key":"Sundial"},{"floor":104,"key":"Happy Flower"},{"floor":109,"key":"Lantern"},{"floor":110,"key":"Molten Egg 2"},{"floor":112,"key":"Bottled Flame"},{"floor":114,"key":"Matryoshka"},{"floor":115,"key":"StrikeDummy"},{"floor":116,"key":"CeramicFish"},{"floor":120,"key":"Anchor"},{"floor":121,"key":"Self Forming Clay"},{"floor":122,"key":"Kunai"},{"floor":124,"key":"Mummified Hand"},{"floor":126,"key":"Eternal Feather"},{"floor":131,"key":"The Courier"},{"floor":132,"key":"Question Card"},{"floor":134,"key":"Ice Cream"},{"floor":137,"key":"Girya"},{"floor":139,"key":"Bird Faced Urn"},{"floor":142,"key":"Champion Belt"},{"floor":144,"key":"Magic Flower"},{"floor":148,"key":"Torii"},{"floor":149,"key":"Turnip"},{"floor":150,"key":"Prayer Wheel"},{"floor":151,"key":"Circlet"},{"floor":154,"key":"Pantograph"},{"floor":155,"key":"Meat on the Bone"},{"floor":156,"key":"Shuriken"},{"floor":157,"key":"Frozen Egg 2"},{"floor":159,"key":"Incense Burner"},{"floor":160,"key":"Bag of Marbles"},{"floor":161,"key":"PreservedInsect"},{"floor":163,"key":"Calipers"},{"floor":164,"key":"CaptainsWheel"},{"floor":165,"key":"Thread and Needle"},{"floor":168,"key":"Old Coin"},{"floor":171,"key":"Circlet"},{"floor":173,"key":"Circlet"}],"event_choices":[{"damage_healed":26.0,"max_hp_gain":0.0,"max_hp_loss":0.0,"gold_gain":0.0,"event_name":"Big Fish","player_choice":"Banana","floor":7.0,"gold_loss":0.0,"damage_taken":0.0},{"damage_healed":0.0,"max_hp_gain":0.0,"max_hp_loss":0.0,"gold_gain":0.0,"event_name":"The Library","player_choice":"Read","floor":29.0,"gold_loss":0.0,"damage_taken":0.0,"cards_obtained":["Seeing Red"]},{"cards_removed":["Pommel Strike"],"damage_healed":0.0,"max_hp_gain":0.0,"max_hp_loss":0.0,"gold_gain":0.0,"event_name":"Falling","player_choice":"Removed Attack","floor":37.0,"gold_loss":0.0,"damage_taken":0.0},{"damage_healed":0.0,"max_hp_gain":0.0,"max_hp_loss":0.0,"gold_gain":0.0,"event_name":"MindBloom","player_choice":"Fight","floor":38.0,"gold_loss":0.0,"damage_taken":0.0},{"cards_removed":["Clothesline"],"damage_healed":0.0,"max_hp_gain":0.0,"max_hp_loss":0.0,"gold_gain":0.0,"event_name":"The Cleric","player_choice":"Card Removal","floor":54.0,"gold_loss":50.0,"damage_taken":0.0},{"cards_removed":["Pommel Strike"],"damage_healed":0.0,"max_hp_gain":0.0,"max_hp_loss":0.0,"gold_gain":0.0,"event_name":"Beggar","player_choice":"Gave Gold","floor":70.0,"gold_loss":75.0,"damage_taken":0.0},{"damage_healed":0.0,"max_hp_gain":0.0,"max_hp_loss":0.0,"gold_gain":0.0,"event_name":"The Mausoleum","player_choice":"Opened","floor":72.0,"gold_loss":0.0,"damage_taken":0.0,"relics_obtained":["Boot"]},{"damage_healed":0.0,"max_hp_gain":0.0,"max_hp_loss":0.0,"gold_gain":0.0,"event_name":"Upgrade Shrine","player_choice":"Upgraded","floor":87.0,"gold_loss":0.0,"damage_taken":0.0,"cards_upgraded":["Infernal Blade"]},{"damage_healed":0,"gold_gain":0,"player_choice":"Searched \u00271\u0027 times","damage_taken":0,"max_hp_gain":0,"max_hp_loss":0,"event_name":"Dead Adventurer","floor":104,"gold_loss":0},{"damage_healed":0,"gold_gain":275,"player_choice":"Desecrate","damage_taken":0,"max_hp_gain":0,"max_hp_loss":0,"event_name":"Golden Shrine","floor":129,"gold_loss":0,"cards_obtained":["Regret"]},{"damage_healed":0,"gold_gain":0,"player_choice":"Upgrade","damage_taken":0,"relics_obtained":["Mark of the Bloom"],"max_hp_gain":0,"max_hp_loss":0,"event_name":"MindBloom","floor":140,"gold_loss":0,"cards_upgraded":["Intimidate"]},{"damage_healed":0,"gold_gain":0,"player_choice":"Searched \u00272\u0027 times","damage_taken":0,"max_hp_gain":0,"max_hp_loss":0,"event_name":"Dead Adventurer","floor":157,"gold_loss":0},{"damage_healed":0,"gold_gain":0,"player_choice":"Became a Ghost","damage_taken":0,"max_hp_gain":0,"max_hp_loss":159,"event_name":"Ghosts","floor":172,"gold_loss":0,"cards_obtained":["Ghostly","Ghostly","Ghostly","Ghostly","Ghostly"]}],"is_beta":false,"boss_relics":[{"not_picked":["Black Star","Philosopher\u0027s Stone"],"picked":"Mark of Pain"},{"not_picked":["Sozu","Coffee Dripper"],"picked":"Tiny House"},{"not_picked":["Runic Cube","Runic Dome"],"picked":"Calling Bell"},{"not_picked":["Scatterbrain"],"picked":"MetallicRebirth"},{"not_picked":["TwistingMind"],"picked":"Accursed"},{"not_picked":["TwistingMind"],"picked":"MetallicRebirth"},{"not_picked":["GraspOfShadows"],"picked":"TwistingMind"},{"not_picked":["GraspOfShadows"],"picked":"MetallicRebirth"},{"not_picked":["Scatterbrain"],"picked":"GraspOfShadows"},{"not_picked":["MetallicRebirth"],"picked":"Accursed"}],"items_purged_floors":[53,105,138,158],"is_endless":true,"potions_floor_spawned":[1,4,14,16,18,24,28,30,35,45,46,48,50,52,57,63,65,71,77,84,89,91,92,93,94,95,97,98,99,101,103,104,109,110,111,112,113,114,115,116,118,120,121,122,124,125,128,130,132,135,137,139,145,148,150,152,154,155,156,157,160,162,164,166,169,171,173],"killed_by":"Gremlin Leader","ascension_level":10}}