{"host":"4atjpfa3b4v97p31","time":1611647053,"event":{"mods":["AchievementEnabler","Act Like it!","BaseMod","BetterRewards","Colored Map","Downfall","Friendly Minions","Minty Spire (QoL Compilation)","Shop Mod","StSLib","The Animator"],"gold_per_floor":[99,99,117,27,27,27,27,42,61,96,113,127,139,152,171,171,171,171],"floor_reached":16,"language":"ZHS","playtime":1287,"items_purged":[],"score":106,"play_id":"b4789705-4ecd-4dd3-a219-245abed9872e","local_time":"20210126154413","is_ascension_mode":false,"campfire_choices":[{"data":"hexamod:Float","floor":1,"key":"SMITH"},{"floor":6,"key":"RECALL"}],"circlet_count":0,"master_deck":["hexamod:Strike","hexamod:Strike","hexamod:Strike","hexamod:Defend","hexamod:Defend","hexamod:Defend","hexamod:Defend","hexamod:Sear","hexamod:Float+1","hexamod:CatchUp","hexamod:EtherealExpedition+1","hexamod:UnleashSpirits","hexamod:ThirdSeal","hexamod:RecurringNightmare","hexamod:SpectersWail","hexamod:ParanormalForm","hexamod:RainOfEmbers","hexamod:FourthSeal","hexamod:SkipABeat","hexamod:GhostOfSpireFuture","hexamod:GhostShield","hexamod:SpectralSpark","hexamod:Hexaguard"],"relics":["hexamod:SpiritBrand","Akabeko"],"acts_visited":["Exordium"],"potions_floor_usage":[11,15],"damage_taken":[{"damage":0,"enemies":"Cultist","floor":3,"turns":3},{"damage":0,"enemies":"downfall:FleeingMerchant","floor":4,"turns":4},{"damage":7,"enemies":"2 Louse","floor":8,"turns":2},{"damage":6,"enemies":"Jaw Worm","floor":9,"turns":4},{"damage":11,"enemies":"Lagavulin","floor":10,"turns":5},{"damage":12,"enemies":"3 Louse","floor":11,"turns":2},{"damage":4,"enemies":"Blue Slaver","floor":12,"turns":2},{"damage":0,"enemies":"Exordium Wildlife","floor":13,"turns":2},{"damage":9,"enemies":"2 Fungi Beasts","floor":14,"turns":4},{"damage":9,"enemies":"Large Slime","floor":15,"turns":4},{"damage":31,"enemies":"DF_ARCHETYPE_STREAMLINE","floor":16,"turns":9}],"seed_played":"2273951958741969249","potions_obtained":[{"floor":8,"key":"champ:CounterPotion"},{"floor":11,"key":"Fruit Juice"},{"floor":13,"key":"Guardian:BlockOnCardUsePotion"},{"floor":14,"key":"BlessingOfTheForge"},{"floor":15,"key":"FearPotion"}],"is_trial":false,"path_per_floor":["R","?","M","$","?","R","T","M","M","E","M","M","M","M","M","B"],"character_chosen":"THE_SPIRIT","items_purchased":["hexamod:ThirdSeal"],"campfire_rested":0,"item_purchase_floors":[4],"current_hp_per_floor":[77,77,77,77,77,77,77,70,64,53,46,42,42,33,24,0,0,0],"gold":171,"neow_bonus":"TEN_PERCENT_HP_BONUS","is_daily":false,"chose_seed":false,"campfire_upgraded":1,"win_rate":0.0,"timestamp":1611647053,"path_taken":["R","?","M","?","?","R","T","M","M","E","?","M","M","M","M","BOSS"],"items_purchased_type":["Card"],"build_version":"2020-12-22","purchased_purges":0,"victory":false,"max_hp_per_floor":[77,77,77,77,77,77,77,77,77,77,82,82,82,82,82,82,82,82],"card_choices":[{"not_picked":["hexamod:BurningTouch","hexamod:FastForward"],"picked":"hexamod:EtherealExpedition","floor":3},{"not_picked":["hexamod:Rewind","hexamod:NightmareStrike"],"picked":"hexamod:UnleashSpirits","floor":4},{"not_picked":["hexamod:SpectralSpark","hexamod:SwordOfDarkness"],"picked":"hexamod:RecurringNightmare","floor":8},{"not_picked":["hexamod:HeatMetal","hexamod:NightmareGuise"],"picked":"hexamod:SpectersWail","floor":9},{"not_picked":["hexamod:PhantomCloak","hexamod:FlamesFromBeyond","hexamod:RecurringNightmare"],"picked":"SKIP","floor":9},{"not_picked":["hexamod:Again","hexamod:SpectralAdrenaline"],"picked":"hexamod:ParanormalForm","floor":10},{"not_picked":["hexamod:AdvancingGuard","hexamod:ExtraCrispy","hexamod:SwordOfDarkness"],"picked":"SKIP","floor":10},{"not_picked":["hexamod:GhostflameBarrier","hexamod:NightmareStrike"],"picked":"hexamod:RainOfEmbers","floor":11},{"not_picked":["hexamod:InspiringFlames","hexamod:ShieldOfDarkness","hexamod:FastForward"],"picked":"SKIP","floor":11},{"not_picked":["hexamod:StepThrough","hexamod:ThermalTransfer"],"picked":"hexamod:FourthSeal","floor":12},{"not_picked":["hexamod:GhostShield","hexamod:InspiringFlames"],"picked":"hexamod:SkipABeat","floor":13},{"not_picked":["hexamod:FastForward","hexamod:RecurringNightmare"],"picked":"hexamod:GhostOfSpireFuture","floor":14},{"not_picked":["hexamod:BurningTouch","hexamod:RainOfEmbers"],"picked":"hexamod:GhostShield","floor":14},{"not_picked":["hexamod:ParanormalForm","hexamod:SuperheatedStrike"],"picked":"hexamod:SpectralSpark","floor":15},{"not_picked":["hexamod:Firestarter","hexamod:FlamesFromBeyond"],"picked":"hexamod:Hexaguard","floor":15}],"player_experience":787990,"relics_obtained":[{"floor":10,"key":"Akabeko"}],"event_choices":[],"is_beta":false,"boss_relics":[],"items_purged_floors":[],"is_endless":false,"potions_floor_spawned":[8,11,13,15],"killed_by":"DF_ARCHETYPE_STREAMLINE","ascension_level":0}}