{"host":"ELF","time":1611656206,"event":{"mods":["BaseMod","Bestiary","Minty Spire (QoL Compilation)","Relic Stats","Slay the Relics Exporter"],"gold_per_floor":[110,110,128,278,278,278,308,308,357,357,383,397,93,124,124,124,124],"floor_reached":16,"language":"ENG","playtime":11840,"items_purged":["Doubt"],"score":274,"play_id":"7e7d6598-fb2e-481e-966e-2d0d06374e16","local_time":"20210126041646","is_ascension_mode":true,"campfire_choices":[{"data":"Feel No Pain","floor":6,"key":"SMITH"},{"data":"Offering","floor":8,"key":"SMITH"},{"data":"Cleave","floor":10,"key":"SMITH"},{"floor":15,"key":"REST"}],"circlet_count":0,"master_deck":["AscendersBane","Strike_R","Strike_R","Strike_R","Strike_R","Strike_R","Defend_R","Defend_R","Defend_R","Defend_R","Bash","Feel No Pain+1","Cleave+1","Offering+1","Dual Wield+1","Shrug It Off+1","Rupture","True Grit+1"],"relics":["Burning Blood","NeowsBlessing","White Beast Statue","Spirit Poop","Vajra","Smiling Mask","Toxic Egg 2","Oddly Smooth Stone","Regal Pillow"],"acts_visited":["Exordium"],"potions_floor_usage":[11,14,14],"damage_taken":[{"damage":0,"enemies":"Small Slimes","floor":1,"turns":1},{"damage":0,"enemies":"Jaw Worm","floor":3,"turns":1},{"damage":0,"enemies":"Gremlin Nob","floor":7,"turns":1},{"damage":12,"enemies":"3 Sentries","floor":11,"turns":6},{"damage":12,"enemies":"Cultist","floor":12,"turns":4},{"damage":38,"enemies":"Gremlin Nob","floor":14,"turns":4},{"damage":75,"enemies":"Slime Boss","floor":16,"turns":8}],"seed_played":"7497391867922059999","potions_obtained":[{"floor":3,"key":"LiquidBronze"},{"floor":7,"key":"AttackPotion"},{"floor":11,"key":"SteroidPotion"},{"floor":14,"key":"FearPotion"}],"is_trial":false,"path_per_floor":["M","?","M","?","?","R","E","R","T","R","E","M","$","E","R","B"],"character_chosen":"IRONCLAD","items_purchased":["Oddly Smooth Stone","Rupture","True Grit+1"],"campfire_rested":1,"item_purchase_floors":[13,13,13],"current_hp_per_floor":[74,74,75,75,75,75,75,75,75,75,69,63,63,31,68,0,0],"gold":124,"neow_bonus":"THREE_ENEMY_KILL","is_daily":false,"chose_seed":false,"campfire_upgraded":3,"win_rate":0.0,"timestamp":1611656206,"path_taken":["M","?","M","?","?","R","E","R","T","R","E","?","?","E","R","BOSS"],"items_purchased_type":["Relic","Card","Card"],"build_version":"2020-12-18","purchased_purges":1,"victory":false,"max_hp_per_floor":[75,75,75,75,75,75,75,75,75,75,75,75,75,75,75,75,75],"relic_stats":{"Regal Pillow":15,"counters":[7,25],"Smiling Mask":25,"obtain_stats":[{"Regal Pillow":14,"NeowsBlessing":0,"Spirit Poop":5,"Vajra":7,"Oddly Smooth Stone":13,"Toxic Egg 2":11,"Smiling Mask":9,"Burning Blood":0,"White Beast Statue":2},{"Regal Pillow":6,"NeowsBlessing":0,"Spirit Poop":2,"Vajra":3,"Oddly Smooth Stone":5,"Toxic Egg 2":4,"Smiling Mask":3,"Burning Blood":0,"White Beast Statue":1},{"Regal Pillow":17,"NeowsBlessing":0,"Spirit Poop":2,"Vajra":3,"Oddly Smooth Stone":13,"Toxic Egg 2":9,"Smiling Mask":3,"Burning Blood":0,"White Beast Statue":1}],"Burning Blood":25},"card_choices":[{"not_picked":["Shrug It Off","Clothesline"],"picked":"Feel No Pain","floor":1},{"not_picked":["Warcry","Clash"],"picked":"Cleave","floor":3},{"not_picked":["Rampage","Sword Boomerang"],"picked":"Offering","floor":7},{"not_picked":["Iron Wave","Twin Strike"],"picked":"Dual Wield+1","floor":11},{"not_picked":["Wild Strike","Searing Blow"],"picked":"Shrug It Off+1","floor":12},{"not_picked":["Thunderclap","Pummel","Clothesline"],"picked":"SKIP","floor":14}],"player_experience":3291327,"relics_obtained":[{"floor":7,"key":"Vajra"},{"floor":9,"key":"Smiling Mask"},{"floor":11,"key":"Toxic Egg 2"},{"floor":14,"key":"Regal Pillow"}],"event_choices":[{"damage_healed":0,"gold_gain":0,"player_choice":"Box","damage_taken":0,"relics_obtained":["White Beast Statue"],"max_hp_gain":0,"max_hp_loss":0,"event_name":"Big Fish","floor":2,"gold_loss":0,"cards_obtained":["Regret"]},{"damage_healed":0,"gold_gain":150,"player_choice":"AGREE","damage_taken":0,"max_hp_gain":0,"max_hp_loss":0,"event_name":"Liars Game","floor":4,"gold_loss":0,"cards_obtained":["Doubt"]},{"cards_removed":["Regret"],"damage_healed":0,"gold_gain":0,"player_choice":"Offered Curse","damage_taken":0,"relics_obtained":["Spirit Poop"],"max_hp_gain":0,"max_hp_loss":0,"event_name":"Bonfire Elementals","floor":5,"gold_loss":0}],"is_beta":true,"boss_relics":[],"items_purged_floors":[13],"is_endless":false,"potions_floor_spawned":[3,7,11,12,14],"killed_by":"Slime Boss","ascension_level":19}}