{"host":"kywtqy4o43fs5yna","time":1611642857,"event":{"mods":["AchievementEnabler","Act Like it!","BaseMod","Better Note","BetterRewards","Colored Map","Minty Spire (QoL Compilation)","Quick Restart","Rare Cards Sparkle","StSLib","SuperFastMode"],"gold_per_floor":[109,123,142,142,159,191,191,221,221,250,250,282,309,309,309,409,409,426,366,29,43,55,82,82,82,150,150,182,182,211,228,228,330,330,350,250,250,85,95,120,120,147,201,201,232,232,232,0,0,0],"floor_reached":51,"language":"RUS","playtime":2615,"items_purged":["Strike_G","Defend_G+1","Defend_G+1"],"score":1428,"play_id":"bc989767-e29f-48c3-9aeb-977116488570","local_time":"20210126163417","is_ascension_mode":true,"campfire_choices":[{"floor":7.0,"key":"REST"},{"floor":11.0,"key":"REST"},{"data":"Wraith Form v2","floor":15.0,"key":"SMITH"},{"data":"Blade Dance","floor":25.0,"key":"SMITH"},{"data":"Storm of Steel","floor":27.0,"key":"SMITH"},{"data":"Blade Dance","floor":29.0,"key":"SMITH"},{"data":"Infinite Blades","floor":32.0,"key":"SMITH"},{"data":"Accuracy","floor":41,"key":"SMITH"},{"data":"Storm of Steel","floor":44,"key":"SMITH"},{"data":"Accuracy","floor":49,"key":"SMITH"}],"circlet_count":0,"master_deck":["Strike_G+1","Strike_G+1","Strike_G+1","Defend_G+1","Defend_G+1","Survivor","Neutralize","Infinite Blades","Blade Dance+1","Finisher","Infinite Blades","Choke","Accuracy","Cloak And Dagger","Choke","Choke","Tools of the Trade","Dagger Throw","Cloak And Dagger","Wraith Form v2+1","Storm of Steel+1","Dagger Spray","Tools of the Trade","Accuracy+1","Masterful Stab","Blade Dance+1","Backstab","Blade Dance+1","Adrenaline","Infinite Blades+1","Storm of Steel+1","Violence","Terror","Slice+1","Endless Agony+1","Accuracy+1","Adrenaline"],"relics":["Ring of the Snake","Ninja Scroll","Mummified Hand","FossilizedHelix","War Paint","Orichalcum","Dream Catcher","Odd Mushroom","Gremlin Horn","Bronze Scales","WristBlade","Lantern","HornCleat","Ornamental Fan","Toy Ornithopter","Strawberry","Philosopher\u0027s Stone","Art of War","Smiling Mask","Bag of Marbles","Pen Nib"],"acts_visited":["Exordium","TheCity","TheBeyond"],"potions_floor_usage":[50,50,50],"damage_taken":[{"damage":0.0,"enemies":"Cultist","floor":1.0,"turns":1.0},{"damage":0.0,"enemies":"Small Slimes","floor":2.0,"turns":1.0},{"damage":0.0,"enemies":"Jaw Worm","floor":3.0,"turns":1.0},{"damage":0.0,"enemies":"2 Fungi Beasts","floor":5.0,"turns":1.0},{"damage":4.0,"enemies":"3 Sentries","floor":6.0,"turns":5.0},{"damage":0.0,"enemies":"Gremlin Nob","floor":8.0,"turns":3.0},{"damage":15.0,"enemies":"The Mushroom Lair","floor":10.0,"turns":3.0},{"damage":0.0,"enemies":"Lagavulin","floor":12.0,"turns":5.0},{"damage":21.0,"enemies":"The Guardian","floor":16.0,"turns":6.0},{"damage":0.0,"enemies":"2 Thieves","floor":18.0,"turns":3.0},{"damage":0.0,"enemies":"Spheric Guardian","floor":21.0,"turns":1.0},{"damage":0.0,"enemies":"Centurion and Healer","floor":22.0,"turns":1.0},{"damage":7.0,"enemies":"Slavers","floor":23.0,"turns":3.0},{"damage":0.0,"enemies":"Gremlin Leader","floor":28.0,"turns":2.0},{"damage":0.0,"enemies":"Slavers","floor":30.0,"turns":2.0},{"damage":0.0,"enemies":"Chosen and Byrds","floor":31.0,"turns":1.0},{"damage":0.0,"enemies":"Automaton","floor":33.0,"turns":5.0},{"damage":0.0,"enemies":"3 Darklings","floor":35.0,"turns":2.0},{"damage":0,"enemies":"3 Shapes","floor":39,"turns":1},{"damage":0,"enemies":"Giant Head","floor":40,"turns":4},{"damage":0,"enemies":"Nemesis","floor":42,"turns":3},{"damage":0,"enemies":"Reptomancer","floor":45,"turns":1},{"damage":0,"enemies":"Awakened One","floor":50,"turns":4}],"seed_played":"-3844849668932902025","potions_obtained":[{"floor":2.0,"key":"Block Potion"},{"floor":5.0,"key":"LiquidBronze"},{"floor":8.0,"key":"Strength Potion"},{"floor":18.0,"key":"Swift Potion"},{"floor":23.0,"key":"Energy Potion"},{"floor":28.0,"key":"Weak Potion"},{"floor":30.0,"key":"Weak Potion"},{"floor":45,"key":"Strength Potion"}],"is_trial":false,"path_per_floor":["M","M","M","?","M","E","R","E","T","?","R","E","T","?","R","B",null,"M","?","$","M","M","E","?","R","T","R","E","R","E","M","R","B",null,"M","$","?","$","M","E","R","E","T","R","E","?","?","$","R","B",null],"character_chosen":"THE_SILENT","items_purchased":["Ninja Scroll","Infinite Blades","Blade Dance","Finisher","Mummified Hand","Infinite Blades","Choke","Accuracy","FossilizedHelix","Accuracy","Lantern","Masterful Stab","Terror","Accuracy","Adrenaline"],"campfire_rested":2,"item_purchase_floors":[0,0,0,0,0,0,0,0,0,20,20,20,38,48,48],"current_hp_per_floor":[28,28,28,14,14,10,31,31,31,16,37,37,37,37,37,16,70,70,70,70,70,70,63,63,63,63,63,63,63,70,70,70,70,77,77,77,77,77,77,77,77,77,77,77,77,77,77,77,77,77],"gold":0,"neow_bonus":"","is_daily":false,"chose_seed":false,"campfire_upgraded":8,"win_rate":0.0,"timestamp":1611642857,"path_taken":["M","M","M","?","M","E","R","E","T","?","R","E","?","?","R","BOSS","M","?","$","?","M","E","?","R","T","R","E","R","E","M","R","BOSS","M","$","?","$","M","E","R","E","T","R","E","?","?","$","R","BOSS"],"items_purchased_type":["Relic","Card","Card","Card","Relic","Card","Card","Card","Relic","Card","Relic","Card","Card","Card","Card"],"build_version":"2020-12-22","purchased_purges":3,"victory":true,"max_hp_per_floor":[70,70,70,70,70,70,70,70,70,70,70,70,70,70,70,70,70,70,70,70,70,70,70,70,70,70,70,70,70,77,77,77,77,77,77,77,77,77,77,77,77,77,77,77,77,77,77,77,77,77],"card_choices":[{"not_picked":["Slice","Bane"],"picked":"Cloak And Dagger","floor":1.0},{"not_picked":["Eviscerate","Deadly Poison"],"picked":"Choke","floor":2.0},{"not_picked":["Poisoned Stab","Sucker Punch"],"picked":"Choke","floor":3.0},{"not_picked":["Leg Sweep","Deadly Poison","Choke"],"picked":"SKIP","floor":5.0},{"not_picked":["Deadly Poison","Backflip"],"picked":"Tools of the Trade","floor":6.0},{"not_picked":["Reflex","Catalyst","Riddle With Holes"],"picked":"SKIP","floor":8.0},{"not_picked":["Quick Slash","Underhanded Strike"],"picked":"Dagger Throw","floor":10.0},{"not_picked":["Dagger Throw","Catalyst"],"picked":"Cloak And Dagger","floor":12.0},{"not_picked":["Phantasmal Killer","Wraith Form v2"],"picked":"Storm of Steel","floor":16.0},{"not_picked":["Underhanded Strike+1","Reflex","Sucker Punch+1"],"picked":"SKIP","floor":18.0},{"not_picked":["Dodge and Roll","Prepared"],"picked":"Blade Dance","floor":21.0},{"not_picked":["Poisoned Stab","Sucker Punch"],"picked":"Backstab","floor":22.0},{"not_picked":["Poisoned Stab+1","Finisher"],"picked":"Blade Dance","floor":23.0},{"not_picked":["Catalyst","Prepared+1"],"picked":"Adrenaline","floor":28.0},{"not_picked":["Dodge and Roll+1","Outmaneuver","Dagger Spray+1"],"picked":"SKIP","floor":30.0},{"not_picked":["Bane","Prepared+1"],"picked":"Infinite Blades","floor":31.0},{"not_picked":["Glass Knife","Burst"],"picked":"Storm of Steel","floor":33.0},{"not_picked":["PiercingWail","Poisoned Stab","Deadly Poison+1"],"picked":"SKIP","floor":35.0},{"not_picked":["Panacea","Forethought"],"picked":"Violence","floor":37.0},{"not_picked":["Skewer+1","Expertise"],"picked":"Slice+1","floor":39},{"not_picked":["Deadly Poison+1","Bouncing Flask+1","Acrobatics"],"picked":"SKIP","floor":40},{"not_picked":["Crippling Poison+1","Footwork+1","Predator"],"picked":"SKIP","floor":42},{"not_picked":["Dodge and Roll","Quick Slash+1"],"picked":"Endless Agony+1","floor":45}],"player_experience":181936,"relics_obtained":[{"floor":6.0,"key":"War Paint"},{"floor":8.0,"key":"Orichalcum"},{"floor":9.0,"key":"Dream Catcher"},{"floor":10.0,"key":"Odd Mushroom"},{"floor":12.0,"key":"Gremlin Horn"},{"floor":13.0,"key":"Bronze Scales"},{"floor":23.0,"key":"HornCleat"},{"floor":26.0,"key":"Ornamental Fan"},{"floor":28.0,"key":"Toy Ornithopter"},{"floor":30.0,"key":"Strawberry"},{"floor":40,"key":"Art of War"},{"floor":42,"key":"Smiling Mask"},{"floor":43,"key":"Bag of Marbles"},{"floor":45,"key":"Pen Nib"}],"event_choices":[{"damage_healed":0.0,"max_hp_gain":0.0,"max_hp_loss":0.0,"gold_gain":0.0,"event_name":"Shining Light","player_choice":"Entered Light","floor":4.0,"gold_loss":0.0,"damage_taken":14.0,"cards_upgraded":["Blade Dance","Strike_G"]},{"damage_healed":0.0,"max_hp_gain":0.0,"max_hp_loss":0.0,"gold_gain":0.0,"event_name":"Mushrooms","player_choice":"Fought Mushrooms","floor":10.0,"gold_loss":0.0,"damage_taken":0.0},{"damage_healed":0.0,"max_hp_gain":0.0,"max_hp_loss":0.0,"gold_gain":0.0,"event_name":"Match and Keep!","player_choice":"1 cards matched","floor":14.0,"gold_loss":0.0,"damage_taken":0.0,"cards_obtained":["Wraith Form v2"]},{"damage_healed":0.0,"max_hp_gain":0.0,"max_hp_loss":0.0,"gold_gain":0.0,"cards_transformed":["Defend_G","Strike_G"],"event_name":"Designer","player_choice":"Transformed Cards","floor":19.0,"gold_loss":60.0,"damage_taken":0.0,"cards_obtained":["Dagger Spray","Tools of the Trade"]},{"damage_healed":0.0,"max_hp_gain":0.0,"max_hp_loss":0.0,"gold_gain":0.0,"event_name":"Back to Basics","player_choice":"Simplicity","floor":24.0,"gold_loss":0.0,"damage_taken":0.0,"cards_upgraded":["Strike_G","Strike_G","Defend_G","Defend_G"]},{"damage_healed":0.0,"max_hp_gain":0.0,"max_hp_loss":0.0,"gold_gain":0.0,"event_name":"SensoryStone","player_choice":"Memory 1","floor":37.0,"gold_loss":0.0,"damage_taken":0.0},{"damage_healed":0,"gold_gain":0,"player_choice":"Ignored","damage_taken":0,"max_hp_gain":0,"max_hp_loss":0,"event_name":"Tomb of Lord Red Mask","floor":46,"gold_loss":0},{"damage_healed":0,"gold_gain":0,"player_choice":"Bought 0 Potions","damage_taken":0,"max_hp_gain":0,"max_hp_loss":0,"event_name":"The Woman in Blue","floor":47,"gold_loss":0}],"is_beta":false,"boss_relics":[{"not_picked":["Empty Cage","Black Star"],"picked":"WristBlade"},{"not_picked":["Fusion Hammer","Pandora\u0027s Box"],"picked":"Philosopher\u0027s Stone"}],"items_purged_floors":[20,36,38],"is_endless":false,"potions_floor_spawned":[2,5,8,18,23,28,30,40,45],"ascension_level":2}}