{"host":"dl909bjyolgrn2uw","time":1611625905,"event":{"mods":["2.2 Compatiblity","AlwaysNeverKeys","BaseMod","Bestiary","Better Altar","Better Note","Better Sensory Stone","Better Skull","Better Vampires","Better-Laid Plans","BetterRewards","Colored Powertips","Curses Come First","Disable Question Mark Monsters","Displayed Cursed Tome","Emptier Cage","Evolution","Minty Spire (QoL Compilation)","Permanent Neow","Quick Restart","Rare Cards Sparkle","Relic Stats","Shop Mod","Spicy Shops","StSLib","SuperFastMode","Transform Curses"],"gold_per_floor":[115,290,290,307,326,326,345,345,345,361,382,382,418,229,229,352,352,345,389,410,428,428,428,468,468,494,494,507,522,140,173,173,293,293,314,104,437,447,447,447],"floor_reached":39,"language":"ENG","playtime":2380,"items_purged":["Pride","Strike_B","Strike_B"],"score":950,"play_id":"b791fba1-c693-4a2b-9a68-f6f3fac018ff","local_time":"20210125195145","is_ascension_mode":true,"campfire_choices":[{"floor":6.0,"key":"REST"},{"data":"Streamline","floor":15,"key":"SMITH"},{"floor":23,"key":"REST"},{"floor":25,"key":"REST"},{"floor":27,"key":"REST"},{"data":"Hello World","floor":32,"key":"SMITH"}],"circlet_count":0,"master_deck":["Strike_B","Strike_B","Defend_B","Defend_B","Defend_B","Defend_B","Zap","Dualcast","Master of Strategy","Loop+1","Capacitor","Conserve Battery","Ball Lightning","Streamline+1","Turbo","Cold Snap","Cold Snap","Cold Snap","Aggregate","Conserve Battery+1","Echo Form","Compile Driver","Glacier+1","Coolheaded+1","Recycle+1","Glacier+1","Hello World+1","Amplify+1","Compile Driver","Biased Cognition","Electrodynamics","Turbo+1","Stack+1","Barrage+1","Stack+1","Double Energy+1"],"relics":["Cracked Core","EVO:Axolotl","Membership Card","Ice Cream","Lantern","Meat on the Bone","Toxic Egg 2","MerchantsRug","Sozu","Red Mask","Smiling Mask","Bronze Scales","DollysMirror","Turnip","TungstenRod","Inserter","Orrery","Blood Vial"],"acts_visited":["Exordium","TheCity","TheBeyond"],"potions_floor_usage":[16,16,24],"damage_taken":[{"damage":2.0,"enemies":"Jaw Worm","floor":1.0,"turns":4.0},{"damage":14.0,"enemies":"Small Slimes","floor":4.0,"turns":3.0},{"damage":0.0,"enemies":"Cultist","floor":5.0,"turns":3.0},{"damage":6.0,"enemies":"Looter","floor":7.0,"turns":3.0},{"damage":0.0,"enemies":"2 Fungi Beasts","floor":10.0,"turns":3.0},{"damage":0.0,"enemies":"Blue Slaver","floor":11.0,"turns":2.0},{"damage":19.0,"enemies":"Gremlin Nob","floor":13.0,"turns":4.0},{"damage":0,"enemies":"The Guardian","floor":16,"turns":10},{"damage":24,"enemies":"2 Thieves","floor":18,"turns":4},{"damage":52,"enemies":"Masked Bandits","floor":19,"turns":5},{"damage":0,"enemies":"3 Byrds","floor":20,"turns":5},{"damage":35,"enemies":"Cultist and Chosen","floor":21,"turns":6},{"damage":33,"enemies":"Slavers","floor":24,"turns":5},{"damage":12,"enemies":"Sentry and Sphere","floor":28,"turns":6},{"damage":0,"enemies":"Snake Plant","floor":29,"turns":6},{"damage":14,"enemies":"Book of Stabbing","floor":31,"turns":6},{"damage":24,"enemies":"Champ","floor":33,"turns":20},{"damage":15,"enemies":"3 Darklings","floor":35,"turns":7},{"damage":0,"enemies":"3 Shapes","floor":38,"turns":6},{"damage":57,"enemies":"Writhing Mass","floor":39,"turns":5}],"seed_played":"-2766015911567152444","potions_obtained":[{"floor":4.0,"key":"FocusPotion"},{"floor":10.0,"key":"SmokeBomb"},{"floor":13.0,"key":"FocusPotion"},{"floor":16,"key":"FocusPotion"}],"is_trial":false,"path_per_floor":["M","?","?","M","M","R","M","?","T","M","M","?","E","$","R","B",null,"M","?","M","M","?","R","E","R","T","R","M","M","$","E","R","B",null,"M","$","?","M","M"],"character_chosen":"DEFECT","items_purchased":["Master of Strategy","Loop","FairyPotion","Membership Card","Ice Cream","Capacitor","Conserve Battery","Ball Lightning","Toxic Egg 2","Conserve Battery+1","MerchantsRug","DollysMirror","Hello World","Amplify+1","Turnip","Orrery","Stack+1","Blood Vial"],"campfire_rested":4,"item_purchase_floors":[0,0,0,0,0,0,0,0,14,14,14,30,30,30,30,36,36,36],"current_hp_per_floor":[30,30,30,16,16,38,32,32,32,32,32,55,36,36,36,36,61,37,43,43,20,20,40,19,39,39,59,47,47,47,45,45,33,60,45,45,45,47,0,0],"gold":447,"neow_bonus":"","is_daily":false,"chose_seed":false,"campfire_upgraded":2,"win_rate":0.0,"timestamp":1611625905,"path_taken":["M","?","?","M","?","R","M","?","T","M","M","?","E","?","R","BOSS","M","?","M","M","?","R","E","R","T","R","?","M","?","E","R","BOSS","M","$","?","M","M"],"items_purchased_type":["Card","Card","Potion","Relic","Relic","Card","Card","Card","Relic","Card","Relic","Relic","Card","Card","Relic","Relic","Card","Relic"],"build_version":"2020-12-22","purchased_purges":3,"victory":false,"max_hp_per_floor":[75,75,75,75,75,75,75,69,69,69,69,69,69,69,69,69,69,69,69,69,69,69,69,69,69,69,69,69,69,69,69,69,69,69,69,69,69,69,69,69],"relic_stats":{"Sozu":4,"Blood Vial":8,"Inserter":[9],"counters":[43,221],"Bronze Scales":[244],"Turnip":[8],"Smiling Mask":13,"obtain_stats":[{"Ice Cream":0,"Lantern":9,"Runic Capacitor":36,"EVO:Axolotl":0,"Smiling Mask":24,"Blood Vial":43,"Sozu":17,"Centennial Puzzle":26,"DollysMirror":31,"MealTicket":7,"Fusion Hammer":34,"Red Mask":44,"Toxic Egg 2":14,"Cracked Core":0,"Girya":21,"MerchantsRug":14,"Inserter":34,"NeowsBlessing":0,"Golden Idol":8,"The Courier":6,"War Paint":22,"White Beast Statue":36,"WarpedTongs":2,"SlaversCollar":17,"DataDisk":25,"Bronze Scales":41,"Orrery":36,"Molten Egg 2":24,"Turnip":30,"Membership Card":7,"Bottled Lightning":9,"TungstenRod":31,"Meat on the Bone":13},{"Ice Cream":23,"Lantern":27,"Runic Capacitor":17,"EVO:Axolotl":0,"Smiling Mask":36,"Blood Vial":21,"Sozu":31,"Centennial Puzzle":12,"DollysMirror":15,"MealTicket":3,"Fusion Hammer":16,"Red Mask":21,"Toxic Egg 2":30,"Cracked Core":0,"Girya":11,"MerchantsRug":30,"Inserter":40,"NeowsBlessing":0,"Golden Idol":27,"The Courier":3,"War Paint":11,"White Beast Statue":17,"WarpedTongs":1,"SlaversCollar":8,"DataDisk":12,"Bronze Scales":20,"Orrery":41,"Molten Egg 2":12,"Turnip":38,"Membership Card":3,"Bottled Lightning":3,"TungstenRod":39,"Meat on the Bone":6},{"Ice Cream":108,"Lantern":121,"Runic Capacitor":78,"EVO:Axolotl":0,"Smiling Mask":165,"Blood Vial":96,"Sozu":140,"Centennial Puzzle":52,"DollysMirror":67,"MealTicket":3,"Fusion Hammer":74,"Red Mask":96,"Toxic Egg 2":130,"Cracked Core":0,"Girya":46,"MerchantsRug":130,"Inserter":203,"NeowsBlessing":0,"Golden Idol":121,"The Courier":3,"War Paint":46,"White Beast Statue":78,"WarpedTongs":1,"SlaversCollar":29,"DataDisk":52,"Bronze Scales":91,"Orrery":210,"Molten Egg 2":52,"Turnip":177,"Membership Card":3,"Bottled Lightning":3,"TungstenRod":183,"Meat on the Bone":16}],"TungstenRod":8,"Meat on the Bone":120},"card_choices":[{"not_picked":["Storm","Go for the Eyes","Steam"],"picked":"SKIP","floor":1.0},{"not_picked":["Stack","Streamline"],"picked":"Turbo","floor":4.0},{"not_picked":["Reinforced Body","Stack"],"picked":"Cold Snap","floor":5.0},{"not_picked":["Stack","Barrage"],"picked":"Cold Snap","floor":7.0},{"not_picked":["Rebound","Reinforced Body"],"picked":"Cold Snap","floor":10.0},{"not_picked":["White Noise","Gash","Turbo"],"picked":"SKIP","floor":11.0},{"not_picked":["Static Discharge","Recycle"],"picked":"Aggregate","floor":13.0},{"not_picked":["Hyperbeam","Buffer"],"picked":"Echo Form","floor":16},{"not_picked":["Go for the Eyes","Streamline","Heatsinks"],"picked":"SKIP","floor":18},{"not_picked":["Streamline","Heatsinks"],"picked":"Compile Driver","floor":20},{"not_picked":["Gash","Sunder","Melter"],"picked":"SKIP","floor":21},{"not_picked":["Fusion+1","Rebound"],"picked":"Glacier+1","floor":24},{"not_picked":["Redo+1","Ball Lightning"],"picked":"Coolheaded+1","floor":28},{"not_picked":["Stack+1","All For One"],"picked":"Recycle+1","floor":29},{"not_picked":["Turbo+1","Go for the Eyes"],"picked":"Compile Driver","floor":31},{"not_picked":["Electrodynamics","Multi-Cast+1"],"picked":"Biased Cognition","floor":33},{"not_picked":["Gash+1","Beam Cell","Barrage"],"picked":"SKIP","floor":35},{"not_picked":["Beam Cell+1","White Noise+1"],"picked":"Electrodynamics","floor":36},{"not_picked":["Rip and Tear+1","Hologram+1"],"picked":"Turbo+1","floor":36},{"not_picked":["Sunder","Hologram+1"],"picked":"Stack+1","floor":36},{"not_picked":["Redo+1","Streamline"],"picked":"Barrage+1","floor":36},{"not_picked":["Lockon+1","Heatsinks+1"],"picked":"Double Energy+1","floor":38}],"player_experience":311469,"relics_obtained":[{"floor":9.0,"key":"Lantern"},{"floor":13.0,"key":"Meat on the Bone"},{"floor":19,"key":"Red Mask"},{"floor":24,"key":"Smiling Mask"},{"floor":26,"key":"Bronze Scales"},{"floor":31,"key":"TungstenRod"}],"event_choices":[{"damage_healed":0.0,"max_hp_gain":0.0,"max_hp_loss":0.0,"gold_gain":175.0,"event_name":"Liars Game","player_choice":"AGREE","floor":2.0,"gold_loss":0.0,"damage_taken":0.0,"cards_obtained":["Doubt"]},{"damage_healed":0.0,"max_hp_gain":0.0,"max_hp_loss":0.0,"gold_gain":0.0,"event_name":"Upgrade Shrine","player_choice":"Upgraded","floor":3.0,"gold_loss":0.0,"damage_taken":0.0,"cards_upgraded":["Loop"]},{"damage_healed":0.0,"max_hp_gain":0.0,"max_hp_loss":6.0,"gold_gain":0.0,"event_name":"Golden Idol","player_choice":"Lose Max HP","floor":8.0,"gold_loss":0.0,"damage_taken":0.0,"relics_obtained":["Golden Idol"]},{"damage_healed":23.0,"max_hp_gain":0.0,"max_hp_loss":0.0,"gold_gain":0.0,"event_name":"Big Fish","player_choice":"Banana","floor":12.0,"gold_loss":0.0,"damage_taken":0.0},{"damage_healed":0,"gold_gain":0,"player_choice":"Fought Bandits","damage_taken":0,"max_hp_gain":0,"max_hp_loss":0,"event_name":"Masked Bandits","floor":19,"gold_loss":0},{"cards_removed":["Doubt"],"damage_healed":0,"gold_gain":0,"player_choice":"Purged","damage_taken":0,"max_hp_gain":0,"max_hp_loss":0,"event_name":"Purifier","floor":22,"gold_loss":0},{"damage_healed":0,"gold_gain":333,"player_choice":"Gave Idol","damage_taken":0,"max_hp_gain":0,"max_hp_loss":0,"event_name":"The Moai Head","floor":37,"relics_lost":["Golden Idol"],"gold_loss":0}],"is_beta":false,"boss_relics":[{"not_picked":["Calling Bell","SlaversCollar"],"picked":"Sozu"},{"not_picked":["Empty Cage","Busted Crown"],"picked":"Inserter"}],"items_purged_floors":[14,30,36],"is_endless":false,"potions_floor_spawned":[4,10,13,16,28,29,33,35],"killed_by":"Writhing Mass","ascension_level":9}}