{"host":"8fjsnt81u6xsmhji","time":1611655624,"event":{"mods":["BaseMod","Beaked The Cultist","Colored Powertips","Downfall","Glutton Mod","Hermit","Minty Spire (QoL Compilation)","Quick Restart","StSLib","The Bug Knight","The Forsaken","The Hierophant","The Runesmith"],"gold_per_floor":[99,111,111,130,130,144,190,200,226,246,346,346,246,246,258,258,258,258],"floor_reached":16,"language":"ENG","playtime":639,"items_purged":[],"score":102,"play_id":"b8081783-5820-4dd8-b71e-18483343f243","local_time":"20210126040704","is_ascension_mode":false,"campfire_choices":[{"floor":1.0,"key":"RECALL"},{"floor":13,"key":"REST"}],"circlet_count":0,"master_deck":["bronze:Strike","bronze:Strike","bronze:Strike","bronze:Strike","bronze:Defend","bronze:Defend","bronze:Defend","bronze:Defend","bronze:Replicate+1","bronze:Goto","bronze:Shell","bronze:CleanCode","bronze:DigitalCarnage","bronze:Format+1","bronze:DigitalCarnage+1","bronze:Frontload","bronze:FineTuning"],"relics":["bronze:BronzeCore","Omamori","Juzu Bracelet","downfall:HeartBlessingRed"],"acts_visited":["Exordium"],"potions_floor_usage":[8,16,16,16],"damage_taken":[{"damage":4.0,"enemies":"Small Slimes","floor":2.0,"turns":4.0},{"damage":0,"enemies":"2 Louse","floor":4,"turns":3},{"damage":0,"enemies":"Cultist","floor":6,"turns":2},{"damage":7,"enemies":"3 Louse","floor":8,"turns":2},{"damage":30,"enemies":"Gremlin Nob","floor":9,"turns":4},{"damage":4,"enemies":"Gremlin Gang","floor":10,"turns":3},{"damage":15,"enemies":"Exordium Thugs","floor":15,"turns":3},{"damage":45,"enemies":"WA_ARCHETYPE_RETAIN","floor":16,"turns":5}],"seed_played":"-8888195929660563604","potions_obtained":[{"floor":2.0,"key":"DuplicationPotion"},{"floor":6,"key":"Explosive Potion"},{"floor":8,"key":"bronze:BurnAndBuffPotion"},{"floor":15,"key":"Explosive Potion"}],"is_trial":false,"path_per_floor":["R","M","?","M","?","M","T","M","E","M","?","?","R","?","M","B"],"character_chosen":"THE_AUTOMATON","items_purchased":[],"campfire_rested":1,"item_purchase_floors":[],"current_hp_per_floor":[70,66,71,71,71,71,71,64,34,30,30,30,52,52,37,0,0,0],"gold":258,"neow_bonus":"UPGRADE_CARD","is_daily":false,"chose_seed":false,"campfire_upgraded":0,"win_rate":0.0,"timestamp":1611655624,"path_taken":["R","M","?","M","?","M","T","?","E","M","?","?","R","?","M","BOSS"],"items_purchased_type":[],"build_version":"2020-12-22","purchased_purges":0,"victory":false,"max_hp_per_floor":[70,70,75,75,75,75,75,75,75,75,75,75,75,75,75,75,75,75],"card_choices":[{"not_picked":["bronze:Invalidate","bronze:Fortify","bronze:BronzeOrb"],"picked":"SKIP","floor":2.0},{"not_picked":["bronze:FineTuning","bronze:Overload"],"picked":"bronze:Shell","floor":4},{"not_picked":["bronze:Frontload","bronze:DelayedSlice","bronze:DelayedGuard"],"picked":"SKIP","floor":6},{"not_picked":["bronze:BronzeOrb","bronze:WildBeam"],"picked":"bronze:Format","floor":8},{"not_picked":["bronze:DarkDash","bronze:Shield"],"picked":"bronze:DigitalCarnage","floor":9},{"not_picked":["bronze:WhirlingStrike","bronze:DelayedSlice"],"picked":"bronze:Frontload","floor":10},{"not_picked":["bronze:WhirlingStrike","bronze:Turbo"],"picked":"bronze:FineTuning","floor":15}],"player_experience":724546,"relics_obtained":[{"floor":7,"key":"Omamori"},{"floor":9,"key":"Juzu Bracelet"}],"event_choices":[{"damage_healed":0.0,"max_hp_gain":5.0,"max_hp_loss":0.0,"gold_gain":0.0,"event_name":"Big Fish","player_choice":"Donut","floor":3.0,"gold_loss":0.0,"damage_taken":0.0},{"damage_healed":0,"gold_gain":0,"player_choice":"Grow","damage_taken":0,"max_hp_gain":0,"max_hp_loss":0,"event_name":"Living Wall","floor":14,"gold_loss":0,"cards_upgraded":["bronze:DigitalCarnage"]}],"is_beta":false,"boss_relics":[],"items_purged_floors":[],"is_endless":false,"potions_floor_spawned":[2,6,8,15],"killed_by":"WA_ARCHETYPE_RETAIN","ascension_level":0}}