{"host":"ly2k09o7mhu4m2ip","time":1611688013,"event":{"mods":["BaseMod","Colored Map","Colored Powertips","Downfall","Highlight Path","Minty Spire (QoL Compilation)","StSLib"],"gold_per_floor":[99,110,110,127,146,146,146,163,66,84,101,101,130,150,166,166,166,166],"floor_reached":16,"language":"ENG","playtime":1577,"items_purged":[],"score":106,"play_id":"5ce17456-8aa3-4ee6-89e2-3440b394e9f6","local_time":"20210126200653","is_ascension_mode":false,"campfire_choices":[{"floor":1,"key":"RECALL"},{"data":"Slimebound:Prepare","floor":6,"key":"SMITH"},{"data":"Slimebound:CorrosiveSpit","floor":12,"key":"SMITH"}],"circlet_count":0,"master_deck":["Slimebound:Strike_Slimebound","Slimebound:Strike_Slimebound","Slimebound:Tackle","Slimebound:Defend_Slimebound","Slimebound:Defend_Slimebound","Slimebound:Defend_Slimebound","Slimebound:Defend_Slimebound","Slimebound:Split","Slimebound:CorrosiveSpit+1","Slimebound:HauntingLick","Slimebound:SlimeBarrage","Slimebound:RejuvenatingLick","Slimebound:Prepare+1","Slimebound:ViciousTackle","Slimebound:RollThrough","Slimebound:SlimeTap","Slimebound:GoopSpray","Slimebound:HauntingLick","Slimebound:Schlurp","Slimebound:SplitAcid","Slimebound:RejuvenatingLick","Slimebound:Equalize"],"relics":["Slimebound:AbsorbEndCombat","TungstenRod","Meat on the Bone"],"acts_visited":["Exordium"],"potions_floor_usage":[16,16],"damage_taken":[{"damage":0,"enemies":"2 Louse","floor":2,"turns":3},{"damage":1,"enemies":"Cultist","floor":4,"turns":3},{"damage":2,"enemies":"Small Slimes","floor":5,"turns":2},{"damage":0,"enemies":"3 Louse","floor":8,"turns":3},{"damage":4,"enemies":"downfall:FleeingMerchant","floor":9,"turns":4},{"damage":8,"enemies":"Exordium Wildlife","floor":10,"turns":3},{"damage":0,"enemies":"Blue Slaver","floor":11,"turns":3},{"damage":47,"enemies":"Gremlin Nob","floor":13,"turns":5},{"damage":0,"enemies":"3 Louse","floor":14,"turns":3},{"damage":11,"enemies":"Exordium Wildlife","floor":15,"turns":4},{"damage":59,"enemies":"SI_SHIV_ARCHETYPE","floor":16,"turns":8}],"seed_played":"-147955143049120917","potions_obtained":[{"floor":5,"key":"CultistPotion"},{"floor":11,"key":"Block Potion"},{"floor":13,"key":"Guardian:BlockOnCardUsePotion"},{"floor":14,"key":"DistilledChaos"}],"is_trial":false,"path_per_floor":["R","M","?","M","M","R","T","M","$","M","M","R","E","M","M","B"],"character_chosen":"SLIMEBOUND","items_purchased":["Slimebound:SlimeTap","Slimebound:GoopSpray"],"campfire_rested":0,"item_purchase_floors":[9,9],"current_hp_per_floor":[71,71,71,70,71,71,71,71,71,67,71,71,28,46,41,0,0,0],"gold":166,"neow_bonus":"TEN_PERCENT_HP_BONUS","is_daily":false,"chose_seed":false,"campfire_upgraded":2,"win_rate":0.0,"timestamp":1611688013,"path_taken":["R","M","?","M","M","R","T","M","?","M","?","R","E","M","M","BOSS"],"items_purchased_type":["Card","Card"],"build_version":"2020-12-22","purchased_purges":0,"victory":false,"max_hp_per_floor":[71,71,71,71,71,71,71,71,71,71,71,71,71,71,71,71,71,71],"card_choices":[{"not_picked":["Slimebound:SplitAcid","Slimebound:SlimeBrawl"],"picked":"Slimebound:HauntingLick","floor":2},{"not_picked":["Slimebound:SplitAcid","Slimebound:BestDefense"],"picked":"Slimebound:RejuvenatingLick","floor":4},{"not_picked":["Slimebound:Schlurp","Slimebound:AcidTongue"],"picked":"Slimebound:Prepare","floor":5},{"not_picked":["Slimebound:ForwardTackle","Slimebound:HauntingLick"],"picked":"Slimebound:ViciousTackle","floor":8},{"not_picked":["Slimebound:HauntingLick","Slimebound:ComboTackle"],"picked":"Slimebound:RollThrough","floor":9},{"not_picked":["Slimebound:SlimeBrawl","Slimebound:GoopTackle"],"picked":"Slimebound:HauntingLick","floor":10},{"not_picked":["Slimebound:Dissolve","Slimebound:GoopTackle"],"picked":"Slimebound:Schlurp","floor":11},{"not_picked":["Slimebound:Overexert","Slimebound:Chomp"],"picked":"Slimebound:SplitAcid","floor":13},{"not_picked":["Slimebound:Gluttony","Slimebound:Chomp"],"picked":"Slimebound:RejuvenatingLick","floor":14},{"not_picked":["Slimebound:GoopSpray","Slimebound:Prepare"],"picked":"Slimebound:Equalize","floor":15}],"player_experience":220297,"relics_obtained":[{"floor":7,"key":"TungstenRod"},{"floor":13,"key":"Meat on the Bone"}],"event_choices":[],"is_beta":false,"boss_relics":[],"items_purged_floors":[],"is_endless":false,"potions_floor_spawned":[5,11,13,14,15],"killed_by":"SI_SHIV_ARCHETYPE","ascension_level":0}}