{"host":"c3lc60y5x60jlt1y","time":1611672834,"event":{"mods":["AchievementEnabler","BaseMod","Bestiary","Colored Map","Minty Spire (QoL Compilation)","Quick Restart","StSLib","ojb\u0027s Info Mod"],"gold_per_floor":[117,42,42,42,62,92,40,71,96,111,111,127,140,167,167,167,167],"floor_reached":16,"language":"ENG","playtime":548,"items_purged":[],"score":290,"play_id":"dd5cc4aa-0b58-4637-b77d-1c6f3022cb3b","local_time":"20210126165354","is_ascension_mode":true,"campfire_choices":[{"data":"Whirlwind","floor":11.0,"key":"SMITH"},{"data":"Clothesline","floor":15.0,"key":"SMITH"}],"circlet_count":0,"master_deck":["AscendersBane","Strike_R","Strike_R","Strike_R","Defend_R+1","Defend_R","Defend_R","Defend_R+1","Bash+1","Sword Boomerang+1","Whirlwind+1","Clothesline+1","Headbutt","True Grit","Power Through","Pommel Strike","Corruption"],"relics":["Burning Blood","NeowsBlessing","Blood Vial","Darkstone Periapt","War Paint","Potion Belt"],"acts_visited":["Exordium"],"potions_floor_usage":[16],"damage_taken":[{"damage":0.0,"enemies":"Jaw Worm","floor":1.0,"turns":1.0},{"damage":0.0,"enemies":"2 Louse","floor":5.0,"turns":1.0},{"damage":0.0,"enemies":"Lagavulin","floor":6.0,"turns":2.0},{"damage":24.0,"enemies":"Gremlin Nob","floor":8.0,"turns":4.0},{"damage":6.0,"enemies":"Cultist","floor":10.0,"turns":3.0},{"damage":5.0,"enemies":"Gremlin Gang","floor":12.0,"turns":2.0},{"damage":0.0,"enemies":"Looter","floor":13.0,"turns":3.0},{"damage":35.0,"enemies":"Lagavulin","floor":14.0,"turns":6.0},{"damage":35,"enemies":"Slime Boss","floor":16,"turns":7}],"seed_played":"8948617678358512920","potions_obtained":[{"floor":5.0,"key":"LiquidMemories"},{"floor":8.0,"key":"Strength Potion"}],"is_trial":false,"path_per_floor":["M","?","?","?","M","E","$","E","T","M","R","M","M","E","R","B"],"character_chosen":"IRONCLAD","items_purchased":["Clothesline"],"campfire_rested":0,"item_purchase_floors":[7],"current_hp_per_floor":[74,74,51,44,50,56,56,40,40,42,42,45,53,26,26,0,0],"gold":167,"neow_bonus":"THREE_ENEMY_KILL","is_daily":false,"chose_seed":false,"campfire_upgraded":2,"win_rate":0.0,"timestamp":1611672834,"path_taken":["M","?","?","?","M","E","?","E","T","M","R","M","M","E","R","BOSS"],"items_purchased_type":["Card"],"build_version":"2020-12-22","purchased_purges":0,"victory":false,"max_hp_per_floor":[75,75,75,75,75,75,75,75,75,75,75,75,75,75,75,75,75],"card_choices":[{"not_picked":["True Grit","Dark Embrace"],"picked":"Sword Boomerang","floor":1.0},{"not_picked":["Iron Wave","Sever Soul"],"picked":"Whirlwind","floor":5.0},{"not_picked":["Exhume","Cleave","Sword Boomerang"],"picked":"SKIP","floor":6.0},{"not_picked":["Heavy Blade","Clash"],"picked":"Headbutt","floor":8.0},{"not_picked":["Twin Strike","Clash"],"picked":"True Grit","floor":10.0},{"not_picked":["Clothesline","Anger"],"picked":"Power Through","floor":12.0},{"not_picked":["Anger","Wild Strike"],"picked":"Pommel Strike","floor":13.0},{"not_picked":["Anger","Sever Soul"],"picked":"Corruption","floor":14.0}],"player_experience":8590937,"relics_obtained":[{"floor":6.0,"key":"Blood Vial"},{"floor":8.0,"key":"Darkstone Periapt"},{"floor":9.0,"key":"War Paint"},{"floor":14.0,"key":"Potion Belt"}],"event_choices":[{"cards_removed":["Strike_R"],"damage_healed":0.0,"max_hp_gain":0.0,"max_hp_loss":0.0,"gold_gain":0.0,"event_name":"The Cleric","player_choice":"Card Removal","floor":2.0,"gold_loss":75.0,"damage_taken":0.0},{"damage_healed":0.0,"max_hp_gain":0.0,"max_hp_loss":0.0,"gold_gain":0.0,"event_name":"Shining Light","player_choice":"Entered Light","floor":3.0,"gold_loss":0.0,"damage_taken":23.0,"cards_upgraded":["Bash","Sword Boomerang"]},{"cards_removed":["Strike_R"],"damage_healed":0.0,"max_hp_gain":0.0,"max_hp_loss":0.0,"gold_gain":0.0,"event_name":"Golden Wing","player_choice":"Card Removal","floor":4.0,"gold_loss":0.0,"damage_taken":7.0}],"is_beta":false,"boss_relics":[],"items_purged_floors":[],"is_endless":false,"potions_floor_spawned":[5,8,10],"killed_by":"Slime Boss","ascension_level":20}}