{"host":"df48i9djcn92c5sx","time":1611671814,"event":{"mods":["Act Like it!","Arknights The Spire","BaseMod","Decade(王小明)","Downfall","Gensokyo","Marisa（F雨　魔理沙）","Minty Spire (QoL Compilation)","READ ME - Guardian Mod","READ ME - Snecko Mod","Reimu（博丽灵梦）","Remilia（蕾米莉亚）","Shop Mod","StSLib","The Jungle","The Servant 0.9.4"],"gold_per_floor":[99,99,99,99,99,99,99,99,99,111,144,144,160,70,89,188,188,188,188,188],"floor_reached":19,"language":"ZHS","playtime":477,"items_purged":["ats:Strike V"],"score":177,"play_id":"b62276d2-1ba7-4966-af48-278e1ccc0bf1","local_time":"20210126223654","is_ascension_mode":true,"campfire_choices":[{"data":"ats:Emotion Absorption","floor":1,"key":"SMITH"},{"data":"ats:Red Shift","floor":6,"key":"SMITH"},{"data":"ats:Armor Crushing Shot","floor":8,"key":"SMITH"},{"data":"ats:Wolf Pack","floor":12,"key":"SMITH"},{"data":"ats:Shadow Assault","floor":18,"key":"SMITH"}],"circlet_count":0,"master_deck":["ats:Strike C","ats:Strike G","ats:Strike S","ats:Armor Crushing Shot+1","ats:Defend","ats:Defend","ats:Defend","ats:Defend","ats:Emotion Absorption+1","ats:Red Shift+1","ats:Mental Burst","ats:Wolf Pack+1","ats:Ignite","ats:Blood Oath","ats:Nebulous Foxfire","ats:Shadow Assault+1","downfall:Malfunctioning","ats:Dogmatic Field"],"relics":["ats:Sanity","downfall:HeartsMalice","Gambling Chip","ats:Originium","Matryoshka","ats:Tactical Delivery","downfall:ExtraCursedKey"],"acts_visited":["Exordium","TheCity"],"potions_floor_usage":[16,16,16],"damage_taken":[{"damage":0,"enemies":"Cultist","floor":2,"turns":1},{"damage":0,"enemies":"Small Slimes","floor":5,"turns":1},{"damage":0,"enemies":"Jaw Worm","floor":9,"turns":1},{"damage":22,"enemies":"Lots of Slimes","floor":10,"turns":2},{"damage":16,"enemies":"Gremlin Nob","floor":11,"turns":4},{"damage":0,"enemies":"Exordium Wildlife","floor":13,"turns":3},{"damage":5,"enemies":"downfall:FleeingMerchant","floor":14,"turns":5},{"damage":8,"enemies":"Large Slime","floor":15,"turns":4},{"damage":20,"enemies":"IC_STATUS_ARCHETYPE","floor":16,"turns":5}],"seed_played":"7863935156499344314","potions_obtained":[{"floor":11,"key":"Fire Potion"},{"floor":13,"key":"SteroidPotion"},{"floor":15,"key":"Block Potion"},{"floor":16,"key":"Regen Potion"}],"is_trial":false,"path_per_floor":["R","M","T","?","M","R","T","R","M","M","E","R","M","$","M","B",null,"R","?"],"character_chosen":"DOCTOR_CLASS","items_purchased":[],"campfire_rested":0,"item_purchase_floors":[],"current_hp_per_floor":[72,72,72,72,72,72,72,72,72,50,34,34,34,29,27,16,72,72,72,72],"gold":188,"neow_bonus":"THREE_ENEMY_KILL","is_daily":false,"chose_seed":false,"campfire_upgraded":5,"win_rate":0.0,"timestamp":1611671814,"path_taken":["R","M","?","?","M","R","T","R","M","M","E","R","?","?","M","BOSS","R","?"],"items_purchased_type":[],"build_version":"2020-12-22","purchased_purges":1,"victory":false,"max_hp_per_floor":[72,72,72,72,72,72,72,72,72,72,72,72,72,72,72,72,72,72,72,72],"card_choices":[{"not_picked":["ats:Hammer On","ats:Cat Scratch","ats:Guard Mode"],"picked":"SKIP","floor":2},{"not_picked":["ats:Literary Storm","ats:Consecutive Shot Auto"],"picked":"ats:Red Shift","floor":5},{"not_picked":["ats:Rapid Magazine","ats:Support Order"],"picked":"ats:Mental Burst","floor":9},{"not_picked":["ats:Closed Bolt Burst Fire","ats:Curse Doll"],"picked":"ats:Wolf Pack","floor":10},{"not_picked":["ats:Shell Defense","ats:Curse Doll","ats:Consecutive Shot Auto"],"picked":"SKIP","floor":11},{"not_picked":["ats:Hammer On","ats:Flexible Camouflage"],"picked":"ats:Ignite","floor":13},{"not_picked":["ats:Leaping Hammer","ats:Phantom"],"picked":"ats:Blood Oath","floor":14},{"not_picked":["ats:Magnetic Hammer","ats:LN2 Cannon"],"picked":"ats:Nebulous Foxfire","floor":15},{"not_picked":["ats:Rat Pack","ats:Disruption Kick"],"picked":"ats:Shadow Assault","floor":16}],"player_experience":1494020,"relics_obtained":[{"floor":3,"key":"Gambling Chip"},{"floor":11,"key":"ats:Originium"},{"floor":11,"key":"Matryoshka"}],"event_choices":[],"is_beta":false,"boss_relics":[{"not_picked":["Empty Cage","SacredBark"],"picked":"ats:Tactical Delivery"}],"items_purged_floors":[14],"is_endless":false,"potions_floor_spawned":[11,13,15,16],"ascension_level":2}}