{"host":"6jcxerjfmuawfds2","time":1611669592,"event":{"mods":["BaseMod","Infinite Spire","Minty Spire (QoL Compilation)","StSLib","¡¼?Úª?ø«¡½REMEMod"],"gold_per_floor":[213,213,213,227,152,152,171,171,196,196,213,54,70,86,86,184,184,197,44,44,143,43,43,55,55,55,55,81,106,122,131,131,241,241,257,273,294,303,303,303,334,350,375,47,0,50,95,113,113,113],"floor_reached":51,"language":"KOR","playtime":2128,"items_purged":["Strike_G","Strike_G","Strike_G","Defend_G","REME_LeechingPoison"],"score":915,"play_id":"b6a12e3d-d0ec-47b8-bb1e-a19109e45ed0","local_time":"20210126225952","is_ascension_mode":true,"campfire_choices":[{"data":"Deadly Poison","floor":6.0,"key":"SMITH"},{"data":"Neutralize","floor":8.0,"key":"SMITH"},{"data":"Deadly Poison","floor":15.0,"key":"SMITH"},{"data":"Bandage Up","floor":23.0,"key":"SMITH"},{"data":"REME_ShadowForm","floor":25.0,"key":"SMITH"},{"data":"Panacea","floor":32.0,"key":"SMITH"},{"floor":40,"key":"REST"},{"data":"infinitespire:Neurotoxin","floor":49,"key":"SMITH"}],"circlet_count":0,"master_deck":["Strike_G","Strike_G","Defend_G+1","Defend_G","Survivor+1","Neutralize+1","Deadly Poison+1","REME_GreenPollution","Bandage Up+1","Deadly Poison+1","REME_ShadowForm+1","Panacea+1","infinitespire:Neurotoxin+1","infinitespire:Collect","Purity+1","infinitespire:NeuralNetwork"],"relics":["Ring of the Snake","REME_ComplimentaryCards","Orichalcum","REME_LowDesire","CeramicFish","Anchor","REME_CardOfGreed","infinitespire:Eraser","Strange Spoon","REME_DuelDisc","Boot","Shuriken","MealTicket","Lee\u0027s Waffle","Red Mask","Tingsha","Pocketwatch"],"acts_visited":["Exordium","TheCity","TheBeyond"],"potions_floor_usage":[37,47],"damage_taken":[{"damage":2.0,"enemies":"Cultist","floor":1.0,"turns":5.0},{"damage":0.0,"enemies":"Jaw Worm","floor":4.0,"turns":4.0},{"damage":2.0,"enemies":"Small Slimes","floor":7.0,"turns":4.0},{"damage":1.0,"enemies":"Exordium Thugs","floor":11.0,"turns":5.0},{"damage":13.0,"enemies":"3 Louse","floor":13.0,"turns":3.0},{"damage":4.0,"enemies":"Blue Slaver","floor":14.0,"turns":4.0},{"damage":0.0,"enemies":"Hexaghost","floor":16.0,"turns":7.0},{"damage":8.0,"enemies":"Chosen","floor":18.0,"turns":5.0},{"damage":11.0,"enemies":"Shell Parasite","floor":24.0,"turns":5.0},{"damage":11.0,"enemies":"Centurion and Healer","floor":28.0,"turns":7.0},{"damage":16.0,"enemies":"Snake Plant","floor":29.0,"turns":4.0},{"damage":4.0,"enemies":"Chosen and Byrds","floor":30.0,"turns":6.0},{"damage":24.0,"enemies":"Collector","floor":33.0,"turns":6.0},{"damage":14,"enemies":"3 Darklings","floor":35,"turns":5},{"damage":2,"enemies":"Orb Walker","floor":36,"turns":4},{"damage":21,"enemies":"Jaw Worm Horde","floor":37,"turns":7},{"damage":22,"enemies":"Giant Head","floor":41,"turns":7},{"damage":12,"enemies":"Spire Growth","floor":42,"turns":4},{"damage":0,"enemies":"Mind Bloom Boss Battle","floor":46,"turns":5},{"damage":41,"enemies":"2 Orb Walkers","floor":47,"turns":7},{"damage":0,"enemies":"Transient","floor":48,"turns":5},{"damage":29,"enemies":"infinitespire:MassOfShapes","floor":50,"turns":8}],"seed_played":"8118886025480057371","potions_obtained":[{"floor":4.0,"key":"Block Potion"},{"floor":7.0,"key":"PowerPotion"},{"floor":11.0,"key":"SpeedPotion"},{"floor":14.0,"key":"Poison Potion"},{"floor":16.0,"key":"EssenceOfSteel"},{"floor":27.0,"key":"infinitespire:BlackPotion"},{"floor":29.0,"key":"PowerPotion"},{"floor":30.0,"key":"ColorlessPotion"},{"floor":35,"key":"Block Potion"},{"floor":46,"key":"SpeedPotion"},{"floor":47,"key":"Swift Potion"}],"is_trial":false,"path_per_floor":["M","?","?","M","$","R","M","R","T","?","M","$","M","M","R","B",null,"M","$","?","?","$","R","M","R","T","?","M","M","M","AVR","R","B",null,"M","M","M","?","AVR","R","E","M","T","$","?","?","?","M","R","B",null],"character_chosen":"THE_SILENT","items_purchased":["REME_GreenPollution","Bandage Up","REME_CardOfGreed","Lee\u0027s Waffle","Fire Potion"],"campfire_rested":1,"item_purchase_floors":[12,12,19,44,44],"current_hp_per_floor":[68,54,47,47,47,47,45,45,45,45,44,44,35,35,35,39,62,58,58,58,58,58,58,53,53,53,53,48,38,40,40,40,34,61,57,61,46,29,29,50,34,34,34,77,77,77,48,54,54,31],"gold":113,"neow_bonus":"HUNDRED_GOLD","is_daily":false,"chose_seed":false,"campfire_upgraded":7,"win_rate":0.0,"timestamp":1611669592,"path_taken":["M","?","?","M","$","R","M","R","T","?","?","$","M","M","R","BOSS","M","$","?","?","$","R","M","R","T","?","M","?","?","AVR","R","BOSS","M","M","M","?","AVR","R","E","M","T","$","?","?","?","?","R","BOSS"],"items_purchased_type":["Card","Card","Relic","Relic","Potion"],"build_version":"2020-12-22","purchased_purges":5,"victory":true,"max_hp_per_floor":[70,70,70,70,70,70,70,70,70,70,70,70,70,70,70,70,70,70,70,70,70,70,70,70,70,70,70,70,70,70,70,70,70,70,70,70,70,70,70,70,70,70,70,77,77,77,77,77,77,77],"card_choices":[{"not_picked":["Footwork","Endless Agony"],"picked":"Deadly Poison","floor":1.0},{"not_picked":["Slice","Flying Knee","Prepared"],"picked":"SKIP","floor":4.0},{"not_picked":["Underhanded Strike","Quick Slash","All Out Attack"],"picked":"SKIP","floor":7.0},{"not_picked":["Predator","Caltrops","Dodge and Roll"],"picked":"SKIP","floor":11.0},{"not_picked":["Sucker Punch","Crippling Poison","Footwork"],"picked":"SKIP","floor":13.0},{"not_picked":["Infinite Blades","Leg Sweep"],"picked":"Deadly Poison","floor":14.0},{"not_picked":["Night Terror","Doppelganger"],"picked":"REME_ShadowForm","floor":16.0},{"not_picked":["Endless Agony","Setup","Caltrops+1","Dark Shackles"],"picked":"SKIP","floor":18.0},{"not_picked":["Predator","Sucker Punch+1","Heel Hook","Trip"],"picked":"SKIP","floor":24.0},{"not_picked":["Heel Hook","Dagger Throw","Acrobatics"],"picked":"Panacea","floor":28.0},{"not_picked":["All Out Attack","Outmaneuver+1","Dramatic Entrance"],"picked":"infinitespire:Neurotoxin","floor":29.0},{"not_picked":["Masterful Stab","All Out Attack","Distraction+1","REME_BodyOfCthun"],"picked":"SKIP","floor":30.0},{"not_picked":["After Image","infinitespire:Neurotoxin","Transmutation"],"picked":"REME_LeechingPoison","floor":33.0},{"not_picked":["Flying Knee+1","Bane+1","Dagger Throw+1","Chrysalis"],"picked":"SKIP","floor":35},{"not_picked":["Caltrops","Reflex","Deflect","Flash of Steel"],"picked":"SKIP","floor":36},{"not_picked":["Dodge and Roll+1","REME_GreenPollution+1","PiercingWail"],"picked":"Purity+1","floor":37},{"not_picked":["infinitespire:Punishment","infinitespire:Gouge"],"picked":"infinitespire:NeuralNetwork","floor":38},{"not_picked":["Escape Plan+1","Phantasmal Killer","Sucker Punch","Magnetism"],"picked":"SKIP","floor":41},{"not_picked":["Concentrate","Predator+1","Dash+1","Finesse"],"picked":"SKIP","floor":42},{"not_picked":["Dagger Throw","Prepared+1","Reflex","Flash of Steel"],"picked":"SKIP","floor":48}],"player_experience":256801,"relics_obtained":[{"floor":9.0,"key":"Orichalcum"},{"floor":17.0,"key":"CeramicFish"},{"floor":17.0,"key":"Anchor"},{"floor":26.0,"key":"infinitespire:Eraser"},{"floor":41,"key":"Shuriken"},{"floor":43,"key":"MealTicket"},{"floor":46,"key":"Tingsha"},{"floor":47,"key":"Pocketwatch"}],"event_choices":[{"damage_healed":0.0,"max_hp_gain":0.0,"max_hp_loss":0.0,"gold_gain":0.0,"event_name":"Shining Light","player_choice":"Entered Light","floor":2.0,"gold_loss":0.0,"damage_taken":14.0,"cards_upgraded":["Survivor","Defend_G"]},{"cards_removed":["Defend_G"],"damage_healed":0.0,"max_hp_gain":0.0,"max_hp_loss":0.0,"gold_gain":0.0,"event_name":"Golden Wing","player_choice":"Card Removal","floor":3.0,"gold_loss":0.0,"damage_taken":7.0},{"cards_removed":["Defend_G"],"damage_healed":0.0,"max_hp_gain":0.0,"max_hp_loss":0.0,"gold_gain":0.0,"event_name":"Purifier","player_choice":"Purged","floor":10.0,"gold_loss":0.0,"damage_taken":0.0},{"damage_healed":0.0,"max_hp_gain":0.0,"max_hp_loss":0.0,"gold_gain":99.0,"event_name":"Nest","player_choice":"Stole From Cult","floor":21.0,"gold_loss":0.0,"damage_taken":0.0},{"damage_healed":0.0,"max_hp_gain":0.0,"max_hp_loss":0.0,"gold_gain":0.0,"event_name":"Lab","player_choice":"Got Potions","floor":27.0,"gold_loss":0.0,"damage_taken":0.0},{"damage_healed":0,"gold_gain":0,"player_choice":"Paid","damage_taken":0,"relics_obtained":["Red Mask"],"max_hp_gain":0,"max_hp_loss":0,"event_name":"Tomb of Lord Red Mask","floor":45,"gold_loss":47},{"damage_healed":0,"gold_gain":0,"player_choice":"Fight","damage_taken":0,"max_hp_gain":0,"max_hp_loss":0,"event_name":"MindBloom","floor":46,"gold_loss":0},{"damage_healed":0,"gold_gain":0,"player_choice":"Fight","damage_taken":0,"max_hp_gain":0,"max_hp_loss":0,"event_name":"Mysterious Sphere","floor":47,"gold_loss":0}],"is_beta":false,"boss_relics":[{"not_picked":["Busted Crown","Fusion Hammer"],"picked":"REME_LowDesire"},{"not_picked":["Pandora\u0027s Box","Coffee Dripper"],"picked":"REME_DuelDisc"}],"items_purged_floors":[5,22,31,39,44],"is_endless":false,"potions_floor_spawned":[4,7,11,14,16,29,30,35,46,47],"ascension_level":5}}