{"host":"gzsdmyo07u314vug","time":1611701829,"event":{"mods":["2.2 Compatiblity","Astrologer","BaseMod","Colored Powertips","GifTheSpireLib","Gremlin Mod","Hermit","Jorbs\u0027s Wanderer Trilogy","Minty Spire (QoL Compilation)","Quick Restart","Rare Cards Sparkle","Relic Stats","Replay The Spire","Robot Space Explorer","Shop Mod","StSLib","The Bug Knight","The Construct","The Cursed","The Elementalist","The Hierophant","The IronCluck","The Marked","The Necromancer","The Runesmith","The Servant 0.9.4","Unceasing Turn Reminder","everything is the same but u backflip on backflip","slay the spire mod where everything is the same but ironclad has a cowboy hat"],"gold_per_floor":[114,127,77,91,103,103,116,116,116,132,151,178,29,29,29,100,100,74,74,91,111,61,61,61,61],"floor_reached":24,"language":"ENG","playtime":1565,"items_purged":["Strike_B","Strike_B"],"score":340,"play_id":"adf88a98-252f-45cc-9def-c38952a3387b","local_time":"20210126195709","is_ascension_mode":true,"campfire_choices":[{"data":"Dualcast","floor":6.0,"key":"SMITH"},{"data":"Time Bomb","floor":8.0,"key":"SMITH"},{"data":"Reinforced Body","floor":15.0,"key":"SMITH"},{"data":"Conserve Battery","floor":23,"key":"SMITH"}],"circlet_count":0,"master_deck":["AscendersBane","Strike_B","Defend_B","Defend_B","Defend_B","Defend_B","Zap","Dualcast+1","Chill","Time Bomb+1","Conserve Battery+1","Reinforced Body+1","Crystallizer+1","Redo","BootSequence","Darkness+1","FIFO Queue+1","Glacier+1"],"relics":["Cracked Core","Smiling Mask","Dream Catcher","Replay:Wax Seal","Runic Dome","Prayer Wheel"],"acts_visited":["Exordium","TheCity"],"potions_floor_usage":[20],"damage_taken":[{"damage":3.0,"enemies":"Small Slimes","floor":1.0,"turns":4.0},{"damage":10.0,"enemies":"Jaw Worm","floor":2.0,"turns":3.0},{"damage":0.0,"enemies":"2 Louse","floor":4.0,"turns":3.0},{"damage":3.0,"enemies":"Large Slime","floor":5.0,"turns":7.0},{"damage":5.0,"enemies":"Exordium Wildlife","floor":7.0,"turns":6.0},{"damage":4.0,"enemies":"Red Slaver","floor":10.0,"turns":7.0},{"damage":2.0,"enemies":"3 Louse","floor":11.0,"turns":5.0},{"damage":3.0,"enemies":"3 Sentries","floor":12.0,"turns":7.0},{"damage":20.0,"enemies":"The Guardian","floor":16.0,"turns":11.0},{"damage":17.0,"enemies":"2 Thieves","floor":18.0,"turns":5.0},{"damage":0,"enemies":"Chosen","floor":20,"turns":5},{"damage":14,"enemies":"3 Cultists","floor":21,"turns":7},{"damage":27,"enemies":"Cultist and Chosen","floor":24,"turns":5}],"seed_played":"2106833881149270348","potions_obtained":[{"floor":1.0,"key":"Adrenaline Potion"},{"floor":4.0,"key":"Strength Potion"},{"floor":10.0,"key":"Swift Potion"},{"floor":16.0,"key":"Venom Potion"},{"floor":18.0,"key":"FocusPotion"},{"floor":21,"key":"SteroidPotion"}],"is_trial":false,"path_per_floor":["M","M","?","M","M","R","M","R","T","M","M","E","$","?","R","B",null,"M","?","M","M","$","R","M"],"character_chosen":"DEFECT","items_purchased":["Redo","Dexterity Potion"],"campfire_rested":0,"item_purchase_floors":[13,13],"current_hp_per_floor":[61,51,51,51,48,48,43,43,43,39,37,34,34,34,34,14,57,40,40,40,26,26,26,0,0],"gold":61,"neow_bonus":"RANDOM_COMMON_RELIC","is_daily":false,"chose_seed":false,"campfire_upgraded":4,"win_rate":0.0,"timestamp":1611701829,"path_taken":["M","M","?","M","M","R","M","R","T","M","M","E","$","?","R","BOSS","M","?","M","M","$","R","M"],"items_purchased_type":["Card","Potion"],"build_version":"2020-12-22","purchased_purges":2,"victory":false,"max_hp_per_floor":[71,71,71,71,71,71,71,71,71,71,71,71,71,71,71,71,71,71,71,71,71,71,71,71,71],"relic_stats":{"Dream Catcher":0,"counters":[13,75],"Prayer Wheel":3,"Smiling Mask":75,"obtain_stats":[{"Runic Dome":17,"Dream Catcher":9,"Prayer Wheel":18,"Replay:Wax Seal":12,"Cracked Core":0,"Smiling Mask":0},{"Runic Dome":9,"Dream Catcher":5,"Prayer Wheel":10,"Replay:Wax Seal":8,"Cracked Core":0,"Smiling Mask":0},{"Runic Dome":53,"Dream Catcher":23,"Prayer Wheel":55,"Replay:Wax Seal":42,"Cracked Core":0,"Smiling Mask":0}]},"card_choices":[{"not_picked":["Recycle","Consume"],"picked":"Chill","floor":1.0},{"not_picked":["Steam","Static Discharge"],"picked":"Time Bomb","floor":2.0},{"not_picked":["Steam","Aggregate"],"picked":"Conserve Battery","floor":4.0},{"not_picked":["Fusion","BasicCrystalCard","Hello World"],"picked":"SKIP","floor":5.0},{"not_picked":["Gash","Compile Driver"],"picked":"Reinforced Body","floor":7.0},{"not_picked":["Stack","Sweeping Beam"],"picked":"Crystallizer","floor":10.0},{"not_picked":["Ball Lightning","Recycle","Force Field"],"picked":"SKIP","floor":11.0},{"not_picked":["Reinforced Body","Turbo","Double Energy"],"picked":"SKIP","floor":12.0},{"not_picked":["Core Surge","Biased Cognition"],"picked":"ReplayTheSpireMod:Fabricate Wheel","floor":16.0},{"not_picked":["Conserve Battery","Panic Button"],"picked":"BootSequence","floor":18.0},{"not_picked":["Cold Snap","ReplaySolidLightProjector","Fusion"],"picked":"SKIP","floor":18.0},{"not_picked":["Blizzard","Self Repair"],"picked":"Darkness+1","floor":20},{"not_picked":["Aggregate","Gash","Beam Cell"],"picked":"SKIP","floor":20},{"not_picked":["Sweeping Beam","Force Field"],"picked":"FIFO Queue+1","floor":21},{"not_picked":["Turbo","Leap+1"],"picked":"Glacier+1","floor":21}],"player_experience":794525,"relics_obtained":[{"floor":9.0,"key":"Dream Catcher"},{"floor":12.0,"key":"Replay:Wax Seal"}],"event_choices":[{"cards_removed":["Strike_B"],"damage_healed":0.0,"max_hp_gain":0.0,"max_hp_loss":0.0,"gold_gain":0.0,"event_name":"The Cleric","player_choice":"Card Removal","floor":3.0,"gold_loss":50.0,"damage_taken":0.0},{"damage_healed":0.0,"max_hp_gain":0.0,"max_hp_loss":0.0,"gold_gain":0.0,"event_name":"Living Wall","player_choice":"Grow","floor":14.0,"gold_loss":0.0,"damage_taken":0.0,"cards_upgraded":["Crystallizer"]}],"is_beta":false,"boss_relics":[{"not_picked":["Painkiller Herb","FrozenCore"],"picked":"Runic Dome"}],"items_purged_floors":[13,22],"is_endless":false,"potions_floor_spawned":[1,4,10,16,18,21],"killed_by":"Cultist and Chosen","ascension_level":14}}