{"host":"928gv66myv2vlnsd","time":1611687289,"event":{"mods":["BaseMod","Minty Spire (QoL Compilation)","StSLib"],"gold_per_floor":[111,36,36,51,5,5,49,81,81,81,365,375,386,171,171,257,257,277,0,14,14,39,68,68,98,98,98,121,139,139,155,155,155,155],"floor_reached":33,"language":"ENG","playtime":1251,"items_purged":["Writhe","Regret","Strike_G"],"score":481,"play_id":"ee2b8ea2-f794-4451-a038-94711d07cb0f","local_time":"20210126135449","is_ascension_mode":true,"campfire_choices":[{"data":"Sadistic Nature","floor":6,"key":"SMITH"},{"floor":15,"key":"REST"},{"floor":24,"key":"REST"},{"floor":30,"key":"REST"},{"data":"Noxious Fumes","floor":32,"key":"SMITH"}],"circlet_count":0,"master_deck":["AscendersBane","Strike_G+1","Strike_G+1","Defend_G+1","Defend_G+1","Defend_G+1","Defend_G+1","Defend_G+1","Survivor","Neutralize","Sadistic Nature+1","Leg Sweep","Terror","Deadly Poison","Bane","Calculated Gamble","Noxious Fumes+1","Adrenaline","Escape Plan","Poisoned Stab","Deadly Poison","Blade Dance","Dagger Spray"],"relics":["Ring of the Snake","Incense Burner","CeramicFish","Odd Mushroom","Vajra","Sozu","Medical Kit","Darkstone Periapt","Bottled Lightning"],"acts_visited":["Exordium","TheCity"],"potions_floor_usage":[7,22],"damage_taken":[{"damage":1,"enemies":"Small Slimes","floor":1,"turns":4},{"damage":0,"enemies":"Cultist","floor":4,"turns":4},{"damage":29,"enemies":"Gremlin Nob","floor":7,"turns":5},{"damage":22,"enemies":"The Mushroom Lair","floor":8,"turns":6},{"damage":1,"enemies":"2 Louse","floor":12,"turns":4},{"damage":2,"enemies":"Large Slime","floor":13,"turns":4},{"damage":2,"enemies":"The Guardian","floor":16,"turns":8},{"damage":15,"enemies":"Spheric Guardian","floor":18,"turns":6},{"damage":1,"enemies":"3 Byrds","floor":20,"turns":3},{"damage":4,"enemies":"3 Cultists","floor":22,"turns":4},{"damage":20,"enemies":"Slavers","floor":23,"turns":6},{"damage":2,"enemies":"Book of Stabbing","floor":25,"turns":5},{"damage":1,"enemies":"Cultist and Chosen","floor":28,"turns":4},{"damage":0,"enemies":"Snake Plant","floor":31,"turns":2},{"damage":50,"enemies":"Champ","floor":33,"turns":8}],"seed_played":"-109833170036426721","potions_obtained":[{"floor":1,"key":"CunningPotion"},{"floor":4,"key":"Block Potion"},{"floor":12,"key":"Ancient Potion"}],"is_trial":false,"path_per_floor":["M","$","?","M","$","R","E","?","T","?","?","M","M","$","R","B",null,"M","$","M","?","M","E","R","E","T","?","M","?","R","M","R","B"],"character_chosen":"THE_SILENT","items_purchased":["Deadly Poison","Noxious Fumes","SkillPotion","Medical Kit"],"campfire_rested":3,"item_purchase_floors":[5,14,14,19],"current_hp_per_floor":[58,58,58,58,58,58,29,7,7,7,7,6,4,4,23,21,55,40,40,39,33,29,9,28,26,26,26,25,25,44,44,44,0,0],"gold":155,"neow_bonus":"RANDOM_COLORLESS_2","is_daily":false,"chose_seed":false,"campfire_upgraded":2,"win_rate":0.0,"timestamp":1611687289,"path_taken":["M","$","?","M","?","R","E","?","T","?","?","?","M","$","R","BOSS","M","$","M","?","?","E","R","E","T","?","M","?","R","M","R","BOSS"],"items_purchased_type":["Card","Card","Potion","Relic"],"build_version":"2020-12-22","purchased_purges":3,"victory":false,"max_hp_per_floor":[66,66,66,66,66,66,66,66,66,66,66,66,66,66,66,66,66,66,66,66,66,66,66,66,66,66,66,66,66,66,66,66,66,66],"card_choices":[{"not_picked":["Transmutation","HandOfGreed"],"picked":"Sadistic Nature","floor":0},{"not_picked":["Dodge and Roll","Poisoned Stab"],"picked":"Leg Sweep","floor":1},{"not_picked":["Leg Sweep","Deflect"],"picked":"Terror","floor":4},{"not_picked":["Cloak And Dagger","Masterful Stab"],"picked":"Bane","floor":7},{"not_picked":["Acrobatics","Dagger Throw"],"picked":"Calculated Gamble","floor":8},{"not_picked":["Blade Dance","Choke","Dodge and Roll"],"picked":"SKIP","floor":12},{"not_picked":["Predator","Terror","Bane"],"picked":"SKIP","floor":13},{"not_picked":["Grand Finale","A Thousand Cuts"],"picked":"Adrenaline","floor":16},{"not_picked":["Quick Slash","Flying Knee"],"picked":"Escape Plan","floor":18},{"not_picked":["Dash","Deflect","Underhanded Strike"],"picked":"SKIP","floor":20},{"not_picked":["Calculated Gamble","Acrobatics"],"picked":"Poisoned Stab","floor":22},{"not_picked":["Endless Agony","Well Laid Plans","Bane"],"picked":"SKIP","floor":23},{"not_picked":["Backflip","Acrobatics","Heel Hook"],"picked":"SKIP","floor":25},{"not_picked":["Deflect","PiercingWail"],"picked":"Deadly Poison","floor":28},{"not_picked":["Finisher","Backstab","Blade Dance"],"picked":"SKIP","floor":31}],"player_experience":1340590,"relics_obtained":[{"floor":7,"key":"CeramicFish"},{"floor":8,"key":"Odd Mushroom"},{"floor":9,"key":"Vajra"},{"floor":23,"key":"Darkstone Periapt"},{"floor":25,"key":"Bottled Lightning"}],"event_choices":[{"damage_healed":0,"gold_gain":0,"player_choice":"Gave Potion","damage_taken":0,"relics_obtained":["Incense Burner"],"max_hp_gain":0,"max_hp_loss":0,"event_name":"WeMeetAgain","floor":3,"gold_loss":0},{"damage_healed":0,"gold_gain":0,"player_choice":"Fought Mushrooms","damage_taken":0,"max_hp_gain":0,"max_hp_loss":0,"event_name":"Mushrooms","floor":8,"gold_loss":0},{"damage_healed":0,"gold_gain":0,"player_choice":"Ignored","damage_taken":0,"max_hp_gain":0,"max_hp_loss":0,"event_name":"Shining Light","floor":10,"gold_loss":0},{"damage_healed":0,"gold_gain":275,"player_choice":"Desecrate","damage_taken":0,"max_hp_gain":0,"max_hp_loss":0,"event_name":"Golden Shrine","floor":11,"gold_loss":0,"cards_obtained":["Regret"]},{"damage_healed":0,"gold_gain":0,"player_choice":"","damage_taken":6,"max_hp_gain":0,"max_hp_loss":0,"event_name":"Knowing Skull","floor":21,"potions_obtained":[],"gold_loss":0,"cards_obtained":[]},{"damage_healed":0,"gold_gain":0,"player_choice":"Simplicity","damage_taken":0,"max_hp_gain":0,"max_hp_loss":0,"event_name":"Back to Basics","floor":27,"gold_loss":0,"cards_upgraded":["Strike_G","Strike_G","Strike_G","Strike_G","Defend_G","Defend_G","Defend_G","Defend_G","Defend_G"]},{"damage_healed":0,"gold_gain":0,"cards_transformed":["Strike_G","Strike_G"],"player_choice":"Became Test Subject","damage_taken":0,"max_hp_gain":0,"max_hp_loss":0,"event_name":"Drug Dealer","floor":29,"gold_loss":0,"cards_obtained":["Blade Dance","Dagger Spray"]}],"is_beta":false,"boss_relics":[{"not_picked":["Busted Crown","Tiny House"],"picked":"Sozu"}],"items_purged_floors":[2,14,19],"is_endless":false,"potions_floor_spawned":[1,4,12,16,20,23,28,31],"killed_by":"Champ","ascension_level":14}}