{"host":"qbvxbacgnxuisbbe","time":1611662994,"event":{"mods":["Alarm Clock","BaseMod","Humility","Minty Spire (QoL Compilation)","StSLib"],"gold_per_floor":[118,129,279,295,7,7,7,7,85,50,50,50],"floor_reached":11,"language":"ENG","playtime":231,"items_purged":[],"score":126,"play_id":"98adedcf-7086-473b-9bb2-0f0b328a6f2d","local_time":"20210126120954","is_ascension_mode":true,"campfire_choices":[{"data":"Eruption","floor":6,"key":"SMITH"}],"circlet_count":0,"master_deck":["AscendersBane","Strike_P","Strike_P","Strike_P","Strike_P","Defend_P","Defend_P","Defend_P","Defend_P","Eruption+1","Vigilance","LikeWater","Protect","Ragnarok"],"relics":["PureWater","Gremlin Horn","Yang"],"acts_visited":["Exordium"],"potions_floor_usage":[4,7],"damage_taken":[{"damage":7,"enemies":"Cultist","floor":1,"turns":3},{"damage":25,"enemies":"Jaw Worm","floor":2,"turns":6},{"damage":2,"enemies":"Small Slimes","floor":4,"turns":5},{"damage":0,"enemies":"3 Louse","floor":7,"turns":1},{"damage":26,"enemies":"Lagavulin","floor":11,"turns":3}],"seed_played":"7442096797880209237","potions_obtained":[{"floor":1,"key":"SpeedPotion"},{"floor":2,"key":"SmokeBomb"}],"is_trial":false,"path_per_floor":["M","M","?","M","$","R","M","?","T","?","E"],"character_chosen":"WATCHER","items_purchased":["Gremlin Horn"],"campfire_rested":0,"item_purchase_floors":[5],"current_hp_per_floor":[60,35,35,33,33,33,33,26,26,44,18,18],"gold":50,"neow_bonus":"TEN_PERCENT_HP_BONUS","is_daily":false,"chose_seed":false,"campfire_upgraded":1,"win_rate":0.0,"timestamp":1611662994,"path_taken":["M","?","?","M","$","R","M","?","T","?","E"],"items_purchased_type":["Relic"],"build_version":"2020-12-22","purchased_purges":0,"victory":false,"max_hp_per_floor":[74,74,74,74,74,74,74,74,74,74,74,74],"card_choices":[{"not_picked":["Wireheading","JustLucky"],"picked":"LikeWater","floor":1},{"not_picked":["CrushJoints","ThirdEye"],"picked":"Protect","floor":2},{"not_picked":["FlurryOfBlows","CarveReality"],"picked":"Ragnarok","floor":4}],"player_experience":132417,"relics_obtained":[{"floor":9,"key":"Yang"}],"event_choices":[{"damage_healed":0,"gold_gain":150,"player_choice":"AGREE","damage_taken":0,"max_hp_gain":0,"max_hp_loss":0,"event_name":"Liars Game","floor":3,"gold_loss":0,"cards_obtained":["Doubt"]},{"cards_removed":["Doubt"],"damage_healed":0,"gold_gain":0,"player_choice":"Card Removal","damage_taken":7,"max_hp_gain":0,"max_hp_loss":0,"event_name":"Golden Wing","floor":8,"gold_loss":0},{"damage_healed":18,"gold_gain":0,"player_choice":"Healed","damage_taken":0,"max_hp_gain":0,"max_hp_loss":0,"event_name":"The Cleric","floor":10,"gold_loss":35}],"is_beta":false,"boss_relics":[],"items_purged_floors":[],"is_endless":false,"potions_floor_spawned":[1,2],"killed_by":"Lagavulin","ascension_level":20,"is_humility":true}}