{"host":"ws1rigs6jhqnf67d","time":1611678898,"event":{"mods":["BaseMod","Friendly Minions","KinomotoSakuraMod(ƒæ÷Æ±æ”£)","Kiyohime£®«Âºß£©","Lobotomy","LobotomyExtend","Marisa£®ÏF”Í°°ƒß¿Ì…≥£©","Minty Spire (QoL Compilation)","Remilia£®¿Ÿ√◊¿Ú—«£©","StSLib","The Bug Knight","The Marked","The Senshi","WarShipGirlsR/’ΩΩ¢…Ÿ≈ÆR mod","Youmu£®ªÍ∆«—˝√Œ£©","[IsaacMod]“‘»ˆº‚À˛"],"gold_per_floor":[112,130,147,165,178,204,204,56,56,66,97,97,97,110,110,211,211,224,239,170,170,153,187,187,30,30,46,46,65,65,99,99,204,254,274,287,304,304,320,320,320],"floor_reached":40,"language":"ZHS","playtime":2135,"items_purged":[],"score":567,"play_id":"1d62ee7a-31f2-4273-bd9d-ec71063ec1b3","local_time":"20210127003458","is_ascension_mode":false,"campfire_choices":[{"data":"rmod:basicallowance","floor":7,"key":"SMITH"},{"data":"rmod:stealaluminum","floor":13,"key":"SMITH"},{"data":"rmod:mineteam","floor":15,"key":"SMITH"},{"data":"rmod:abidefaith","floor":24,"key":"SMITH"},{"data":"rmod:salvage","floor":28,"key":"SMITH"},{"floor":32,"key":"REST"}],"circlet_count":0,"master_deck":["rmod:strick","rmod:strick","rmod:strick","rmod:strick","rmod:defend+1","rmod:defend","rmod:defend","rmod:defend","rmod:basicallowance+1","rmod:maingunfire","rmod:windflower","rmod:mineteam+1","rmod:abidefaith+1","rmod:generalist","rmod:expedition","rmod:maintain","rmod:salvage+1","rmod:fletcherpendant","rmod:supportaircraftcarrier+1","rmod:fletcherpendant","rmod:fletcherpendant","rmod:fletcher+1","rmod:fletcherpendant"],"relics":["rmod:firstchargereward","HushsDoor","YumHeart","LetterFromLob","TuHaoJin","HollowMod:JonisBlessing","Shuriken","rmod:equipmentrecovery","Sozu","HowToJump","Lantern","Letter Opener","Tiny Chest","Tiny House"],"acts_visited":["Exordium","TheCity","TheBeyond"],"potions_floor_usage":[11,14,19,31],"damage_taken":[{"damage":0,"enemies":"2 Louse","floor":1,"turns":2},{"damage":0,"enemies":"Cultist","floor":2,"turns":4},{"damage":0,"enemies":"Small Slimes","floor":3,"turns":3},{"damage":17,"enemies":"Exordium Thugs","floor":4,"turns":7},{"damage":9,"enemies":"2 Fungi Beasts","floor":5,"turns":3},{"damage":0,"enemies":"3 Sentries","floor":6,"turns":2},{"damage":0,"enemies":"Large Slime","floor":10,"turns":4},{"damage":0,"enemies":"HollowMod:MossKnight","floor":11,"turns":6},{"damage":13,"enemies":"Lots of Slimes","floor":14,"turns":6},{"damage":17,"enemies":"The Guardian","floor":16,"turns":13},{"damage":0,"enemies":"Chosen","floor":18,"turns":6},{"damage":6,"enemies":"2 Thieves","floor":19,"turns":5},{"damage":0,"enemies":"3 Cultists","floor":22,"turns":4},{"damage":14,"enemies":"HollowMod:Nosk","floor":23,"turns":9},{"damage":21,"enemies":"Snake Plant","floor":27,"turns":6},{"damage":8,"enemies":"Shelled Parasite and Fungi","floor":29,"turns":6},{"damage":46,"enemies":"Gremlin Leader","floor":31,"turns":6},{"damage":0,"enemies":"Automaton","floor":33,"turns":9},{"damage":0,"enemies":"Orb Walker","floor":35,"turns":3},{"damage":34,"enemies":"3 Darklings","floor":36,"turns":7},{"damage":25,"enemies":"Sphere and 2 Shapes","floor":37,"turns":9},{"damage":31,"enemies":"4 Shapes","floor":39,"turns":5},{"damage":23,"enemies":"HollowMod:StalkingDevout","floor":40,"turns":4}],"seed_played":"2937805765564138506","potions_obtained":[{"floor":4,"key":"EntropicBrew"},{"floor":5,"key":"DuplicationPotion"},{"floor":10,"key":"SmokeBomb"}],"is_trial":false,"path_per_floor":["M","M","M","M","M","E","R","$","T","M","E","?","R","M","R","B",null,"M","M","$","M","M","E","R","$","T","M","R","M","?","E","R","B",null,"M","M","M","?","M","E"],"character_chosen":"PRAEFECT","items_purchased":["HollowMod:JonisBlessing","rmod:expedition","Lantern"],"campfire_rested":1,"item_purchase_floors":[8,20,25],"current_hp_per_floor":[75,75,75,58,74,74,74,74,74,74,74,74,74,61,61,44,75,75,69,69,69,69,55,55,55,55,59,59,51,51,5,27,27,80,80,46,46,46,15,0,0],"gold":320,"neow_bonus":"ONE_RANDOM_RARE_CARD","is_daily":false,"chose_seed":false,"campfire_upgraded":5,"win_rate":0.0,"timestamp":1611678898,"path_taken":["M","M","M","M","M","E","R","$","T","M","E","?","R","M","R","BOSS","M","M","$","M","M","E","R","$","T","M","R","M","?","E","R","BOSS","M","M","M","?","M","E"],"items_purchased_type":["Relic","Card","Card"],"build_version":"2020-12-22","purchased_purges":0,"victory":false,"max_hp_per_floor":[75,75,75,75,75,75,75,75,75,75,75,75,75,75,75,75,75,75,75,75,75,75,75,75,75,75,75,75,75,75,75,75,75,80,80,80,80,80,80,80,80],"card_choices":[{"not_picked":[],"picked":"Bomb","floor":0},{"not_picked":["rmod:bulid","rmod:firesupport","rmod:steelsupply"],"picked":"SKIP","floor":1},{"not_picked":["rmod:aviationdawn","rmod:unsinkable","rmod:aluminumsupply"],"picked":"SKIP","floor":2},{"not_picked":["rmod:fletcherpendant","rmod:punchline","rmod:bulid"],"picked":"SKIP","floor":3},{"not_picked":["rmod:unsinkable","rmod:windflower","rmod:supportescort"],"picked":"SKIP","floor":4},{"not_picked":["rmod:unsinkable","rmod:supportescort","rmod:firesupport"],"picked":"SKIP","floor":5},{"not_picked":["rmod:luckystar","rmod:selfconfidence"],"picked":"rmod:mineteam","floor":6},{"not_picked":["rmod:steelsupply","rmod:circuitoustactics","rmod:openingtorpedo"],"picked":"SKIP","floor":10},{"not_picked":["rmod:mineteam","rmod:aviationdawn"],"picked":"rmod:stealaluminum","floor":11},{"not_picked":["rmod:luckystar","rmod:wolves"],"picked":"Bomb","floor":14},{"not_picked":["rmod:fletcher","rmod:u235"],"picked":"rmod:abidefaith","floor":16},{"not_picked":["rmod:diamondstrike+1","rmod:victimresponsibility"],"picked":"rmod:generalist","floor":18},{"not_picked":["rmod:fuelsupply","rmod:spoils","rmod:unsinkable"],"picked":"SKIP","floor":19},{"not_picked":["rmod:circuitoustactics","rmod:windflower"],"picked":"rmod:maintain","floor":22},{"not_picked":["rmod:aviationdawn","rmod:supportescort","rmod:steelsupply"],"picked":"SKIP","floor":23},{"not_picked":["rmod:garrisonisland","rmod:fletcherpendant+1"],"picked":"rmod:salvage","floor":27},{"not_picked":["rmod:openingtorpedo+1","rmod:luckystar"],"picked":"rmod:supportaircraftcarrier+1","floor":29},{"not_picked":["rmod:steelsupply+1","rmod:aluminumsupply+1","rmod:firesupport"],"picked":"SKIP","floor":31},{"not_picked":["rmod:intelligenceanalysis","rmod:sl+1","rmod:circuitoustactics"],"picked":"SKIP","floor":35},{"not_picked":["rmod:steelsupply","rmod:spoils","rmod:circuitoustactics+1"],"picked":"SKIP","floor":36},{"not_picked":["rmod:expeditionaryescort","rmod:circuitoustactics","rmod:slowdown"],"picked":"SKIP","floor":37},{"not_picked":["rmod:circuitoustactics","rmod:aluminumsupply","rmod:aviationdawn+1"],"picked":"SKIP","floor":39}],"player_experience":897334,"relics_obtained":[{"floor":1,"key":"LetterFromLob"},{"floor":6,"key":"TuHaoJin"},{"floor":9,"key":"Shuriken"},{"floor":11,"key":"rmod:equipmentrecovery"},{"floor":23,"key":"HowToJump"},{"floor":26,"key":"Letter Opener"},{"floor":31,"key":"Tiny Chest"}],"event_choices":[{"cards_removed":["rmod:stealaluminum"],"damage_healed":0,"gold_gain":0,"player_choice":"Card Removal","damage_taken":0,"max_hp_gain":0,"max_hp_loss":0,"event_name":"Wheel of Change","floor":30,"gold_loss":0}],"is_beta":false,"boss_relics":[{"not_picked":["Runic Dome","Snecko Eye"],"picked":"Sozu"},{"not_picked":[]},{"not_picked":["Runic Pyramid","Fusion Hammer"],"picked":"Tiny House"},{"not_picked":[]}],"items_purged_floors":[],"is_endless":false,"potions_floor_spawned":[4,5,10,14,19,23,31,33,39],"killed_by":"HollowMod:StalkingDevout","ascension_level":0}}