{"host":"9n6i2vl93jt4o42q","time":1611655825,"event":{"mods":["BaseMod","Minty Spire (QoL Compilation)","Relic Stats"],"gold_per_floor":[118,118,43,57,29,29,63,83,108,119,119,136,53,78,78,157,157,168,168,187,187,187,187,187],"floor_reached":23,"language":"ENG","playtime":849,"items_purged":[],"score":448,"play_id":"72fdc305-a6fd-4b8f-b276-17bd60c9a398","local_time":"20210126111025","is_ascension_mode":true,"campfire_choices":[{"data":"Anger","floor":6,"key":"SMITH"},{"data":"Immolate","floor":11,"key":"SMITH"},{"data":"Armaments","floor":15,"key":"SMITH"}],"circlet_count":0,"master_deck":["AscendersBane","Strike_R+1","Strike_R+1","Strike_R+1","Strike_R+1","Strike_R+1","Defend_R+1","Defend_R+1","Defend_R+1","Defend_R+1","Bash","Anger+1","Spot Weakness","Power Through+1","Headbutt","Twin Strike","Sword Boomerang","Immolate+1","Evolve","Armaments+1","True Grit","Cleave","Reaper","Dual Wield"],"relics":["Burning Blood","NeowsBlessing","War Paint","Toy Ornithopter","Lantern","Coffee Dripper"],"acts_visited":["Exordium","TheCity"],"potions_floor_usage":[14,20,23,23],"damage_taken":[{"damage":0,"enemies":"Small Slimes","floor":1,"turns":1},{"damage":0,"enemies":"Cultist","floor":4,"turns":1},{"damage":0,"enemies":"Gremlin Nob","floor":7,"turns":1},{"damage":1,"enemies":"2 Louse","floor":8,"turns":3},{"damage":4,"enemies":"2 Fungi Beasts","floor":10,"turns":3},{"damage":15,"enemies":"3 Louse","floor":12,"turns":2},{"damage":35,"enemies":"Lagavulin","floor":14,"turns":5},{"damage":10,"enemies":"Slime Boss","floor":16,"turns":8},{"damage":17,"enemies":"Chosen","floor":18,"turns":4},{"damage":21,"enemies":"3 Byrds","floor":20,"turns":5},{"damage":82,"enemies":"Slavers","floor":23,"turns":4}],"seed_played":"1310014109356145822","potions_obtained":[{"floor":4,"key":"AttackPotion"},{"floor":8,"key":"Swift Potion"},{"floor":10,"key":"DuplicationPotion"},{"floor":14,"key":"ElixirPotion"},{"floor":18,"key":"Regen Potion"},{"floor":20,"key":"EntropicBrew"}],"is_trial":false,"path_per_floor":["M","?","$","M","$","R","E","M","T","M","R","M","$","E","R","B",null,"M","?","M","?","?","E"],"character_chosen":"IRONCLAD","items_purchased":["Spot Weakness","Headbutt","Armaments","True Grit"],"campfire_rested":0,"item_purchase_floors":[3,5,13,13],"current_hp_per_floor":[74,74,74,75,75,75,75,75,75,75,75,66,66,42,42,38,66,59,59,49,49,49,0,0],"gold":187,"neow_bonus":"THREE_ENEMY_KILL","is_daily":false,"chose_seed":false,"campfire_upgraded":3,"win_rate":0.0,"timestamp":1611655825,"path_taken":["M","?","$","M","$","R","E","?","T","?","R","M","?","E","R","BOSS","M","?","M","?","?","E"],"items_purchased_type":["Card","Card","Card","Card"],"build_version":"2020-12-22","purchased_purges":0,"victory":false,"max_hp_per_floor":[75,75,75,75,75,75,75,75,75,75,75,75,75,75,75,75,75,75,75,75,75,75,75,75],"relic_stats":{"counters":[11,37],"War Paint":["Power Through","Defend_R"],"obtain_stats":[{"Lantern":14,"NeowsBlessing":0,"Coffee Dripper":17,"War Paint":7,"Burning Blood":0,"Toy Ornithopter":9},{"Lantern":7,"NeowsBlessing":0,"Coffee Dripper":8,"War Paint":3,"Burning Blood":0,"Toy Ornithopter":4},{"Lantern":16,"NeowsBlessing":0,"Coffee Dripper":24,"War Paint":3,"Burning Blood":0,"Toy Ornithopter":6}],"Burning Blood":42,"Toy Ornithopter":20},"card_choices":[{"not_picked":["Flex","Clothesline"],"picked":"Anger","floor":1},{"not_picked":["Sever Soul","Clothesline"],"picked":"Power Through","floor":4},{"not_picked":["Blood for Blood","Wild Strike"],"picked":"Twin Strike","floor":7},{"not_picked":["Body Slam","Combust"],"picked":"Sword Boomerang","floor":8},{"not_picked":["Burning Pact","Cleave"],"picked":"Immolate","floor":10},{"not_picked":["Pommel Strike","Headbutt"],"picked":"Evolve","floor":12},{"not_picked":["Rupture","Anger"],"picked":"Cleave","floor":14},{"not_picked":["Exhume","Juggernaut"],"picked":"Reaper","floor":16},{"not_picked":["Sword Boomerang","Warcry"],"picked":"Dual Wield","floor":18},{"not_picked":["Spot Weakness","Sword Boomerang","Havoc"],"picked":"SKIP","floor":20}],"player_experience":2298703,"relics_obtained":[{"floor":7,"key":"War Paint"},{"floor":9,"key":"Toy Ornithopter"},{"floor":14,"key":"Lantern"}],"event_choices":[{"damage_healed":0,"gold_gain":0,"player_choice":"0 cards matched","damage_taken":0,"max_hp_gain":0,"max_hp_loss":0,"event_name":"Match and Keep!","floor":2,"gold_loss":0,"cards_obtained":[]},{"damage_healed":0,"gold_gain":0,"player_choice":"Ignored","damage_taken":0,"max_hp_gain":0,"max_hp_loss":0,"event_name":"Ghosts","floor":19,"gold_loss":0},{"damage_healed":0,"gold_gain":0,"player_choice":"Simplicity","damage_taken":0,"max_hp_gain":0,"max_hp_loss":0,"event_name":"Back to Basics","floor":21,"gold_loss":0,"cards_upgraded":["Strike_R","Strike_R","Strike_R","Strike_R","Strike_R","Defend_R","Defend_R","Defend_R"]},{"damage_healed":0,"gold_gain":0,"player_choice":"Ignored","damage_taken":0,"max_hp_gain":0,"max_hp_loss":0,"event_name":"The Mausoleum","floor":22,"gold_loss":0}],"is_beta":false,"boss_relics":[{"not_picked":["Empty Cage","Astrolabe"],"picked":"Coffee Dripper"}],"items_purged_floors":[],"is_endless":false,"potions_floor_spawned":[4,8,10,14,18,20],"killed_by":"Slavers","ascension_level":20}}