{"host":"bg8va46pgqgvtzim","time":1611675589,"event":{"mods":["BaseMod","Minty Spire (QoL Compilation)","Quick Restart","StSLib","SuperFastMode"],"gold_per_floor":[115,40,52,52,70,70,88,88,117,117,117,142,142,157,177,192,226,226,238,238,238,338,338,353,253,267,281,296,306,306,334,347,347,347,367,367,90,90,90,186,186,198,215,125,138,138,153,171,199,199,199,250,275,325,335,335,353,353,371,387,387,387,387,387,237,266,266],"floor_reached":68,"language":"ZHS","playtime":1556,"items_purged":["Eruption","ReachHeaven","Alpha","Consecrate"],"score":1427,"play_id":"bc666f64-57e9-4c73-a3f2-8736e8c65238","local_time":"20210126233949","is_ascension_mode":true,"campfire_choices":[{"data":"PathToVictory","floor":8.0,"key":"SMITH"},{"floor":11.0,"key":"REST"},{"data":"Vault","floor":18.0,"key":"SMITH"},{"data":"PathToVictory","floor":20.0,"key":"SMITH"},{"data":"Collect","floor":21.0,"key":"SMITH"},{"data":"SpiritShield","floor":30.0,"key":"SMITH"},{"floor":34.0,"key":"REST"},{"data":"InnerPeace","floor":36.0,"key":"SMITH"},{"data":"EmptyMind","floor":39.0,"key":"SMITH"},{"data":"DeusExMachina","floor":50.0,"key":"SMITH"},{"data":"DevaForm","floor":58.0,"key":"SMITH"},{"floor":61.0,"key":"RECALL"},{"data":"Vigilance","floor":64.0,"key":"SMITH"}],"circlet_count":0,"master_deck":["Vigilance+1","PathToVictory+1","PathToVictory+1","Vault+1","Collect+1","Evaluate","PathToVictory+1","SpiritShield+1","FlyingSleeves+1","FlyingSleeves","InnerPeace+1","DevaForm+1","Evaluate+1","Meditate+1","EmptyMind+1","DeusExMachina+1"],"relics":["HolyWater","Torii","StrikeDummy","Question Card","Pandora\u0027s Box","Tiny Chest","Pantograph","Lee\u0027s Waffle","Lantern","Shuriken","PreservedInsect","Kunai","CaptainsWheel","Happy Flower"],"acts_visited":["Exordium","TheCity","TheBeyond","TheEnding"],"potions_floor_usage":[67,67,67],"damage_taken":[{"damage":0.0,"enemies":"Cultist","floor":1.0,"turns":2.0},{"damage":1.0,"enemies":"Jaw Worm","floor":3.0,"turns":4.0},{"damage":1.0,"enemies":"2 Louse","floor":5.0,"turns":3.0},{"damage":0.0,"enemies":"2 Fungi Beasts","floor":7.0,"turns":5.0},{"damage":27.0,"enemies":"3 Sentries","floor":9.0,"turns":11.0},{"damage":18.0,"enemies":"Lagavulin","floor":12.0,"turns":5.0},{"damage":7.0,"enemies":"Exordium Thugs","floor":14.0,"turns":4.0},{"damage":1.0,"enemies":"Lots of Slimes","floor":15.0,"turns":5.0},{"damage":0.0,"enemies":"Red Slaver","floor":16.0,"turns":3.0},{"damage":0.0,"enemies":"Gremlin Nob","floor":17.0,"turns":3.0},{"damage":1.0,"enemies":"3 Louse","floor":19.0,"turns":3.0},{"damage":1.0,"enemies":"Hexaghost","floor":22.0,"turns":5.0},{"damage":2.0,"enemies":"Shell Parasite","floor":24.0,"turns":4.0},{"damage":0.0,"enemies":"Spheric Guardian","floor":26.0,"turns":4.0},{"damage":0.0,"enemies":"Snecko","floor":27.0,"turns":4.0},{"damage":11.0,"enemies":"3 Cultists","floor":28.0,"turns":6.0},{"damage":7.0,"enemies":"Cultist and Chosen","floor":29.0,"turns":5.0},{"damage":34.0,"enemies":"Slavers","floor":31.0,"turns":6.0},{"damage":15.0,"enemies":"Centurion and Healer","floor":32.0,"turns":5.0},{"damage":8.0,"enemies":"Snake Plant","floor":35.0,"turns":4.0},{"damage":14.0,"enemies":"Collector","floor":40.0,"turns":4.0},{"damage":0.0,"enemies":"3 Shapes","floor":42.0,"turns":5.0},{"damage":2.0,"enemies":"Orb Walker","floor":43.0,"turns":4.0},{"damage":8.0,"enemies":"Writhing Mass","floor":45.0,"turns":4.0},{"damage":0.0,"enemies":"Maw","floor":47.0,"turns":3.0},{"damage":0.0,"enemies":"4 Shapes","floor":48.0,"turns":4.0},{"damage":14.0,"enemies":"Reptomancer","floor":49.0,"turns":6.0},{"damage":1.0,"enemies":"Nemesis","floor":53.0,"turns":4.0},{"damage":0.0,"enemies":"Mind Bloom Boss Battle","floor":54.0,"turns":3.0},{"damage":0.0,"enemies":"Sphere and 2 Shapes","floor":55.0,"turns":5.0},{"damage":0.0,"enemies":"Maw","floor":57.0,"turns":3.0},{"damage":0.0,"enemies":"Transient","floor":59.0,"turns":5.0},{"damage":0.0,"enemies":"Jaw Worm Horde","floor":60.0,"turns":4.0},{"damage":34.0,"enemies":"Awakened One","floor":62.0,"turns":7.0},{"damage":8,"enemies":"Shield and Spear","floor":66,"turns":5},{"damage":12,"enemies":"The Heart","floor":67,"turns":6}],"seed_played":"-6966044913104672414","potions_obtained":[{"floor":5.0,"key":"DistilledChaos"},{"floor":7.0,"key":"CultistPotion"},{"floor":16.0,"key":"BottledMiracle"},{"floor":19.0,"key":"SpeedPotion"},{"floor":24.0,"key":"Regen Potion"},{"floor":29.0,"key":"Swift Potion"},{"floor":31.0,"key":"Regen Potion"},{"floor":42.0,"key":"SteroidPotion"},{"floor":45.0,"key":"DuplicationPotion"},{"floor":47.0,"key":"LiquidMemories"},{"floor":53.0,"key":"Energy Potion"},{"floor":60.0,"key":"LiquidBronze"}],"is_trial":false,"path_per_floor":["M","$","M","?","M","?","M","R","E","?","R","E","T","M","M","M","E","R","M","R","R","B",null,"M","$","M","M","M","M","R","E","M","T","R","M","R","$","?","R","B",null,"M","M","?","M","$","M","M","E","R","T","T","E","?","M","?","M","R","M","M","R","B",null,"R","$","E","B",null],"character_chosen":"WATCHER","items_purchased":["Lee\u0027s Waffle"],"campfire_rested":2,"item_purchase_floors":[37],"current_hp_per_floor":[51,51,50,55,54,54,54,54,27,27,50,32,32,25,24,24,24,24,23,23,23,22,77,75,75,75,75,64,57,57,38,23,23,46,38,38,84,84,84,70,84,84,82,82,74,74,74,74,73,73,73,73,72,84,84,80,80,80,80,80,80,46,80,80,80,72,68],"gold":266,"neow_bonus":"REMOVE_TWO","is_daily":false,"chose_seed":false,"campfire_upgraded":10,"win_rate":0.0,"timestamp":1611675589,"path_taken":["M","$","?","?","M","?","M","R","E","?","R","E","T","M","M","?","E","R","M","R","R","BOSS","M","$","M","M","M","?","R","E","M","T","R","M","R","?","?","R","BOSS","M","M","?","M","$","M","M","E","R","?","T","E","?","M","?","M","R","M","M","R","BOSS","R","$","E","BOSS"],"items_purchased_type":["Relic"],"build_version":"2020-12-22","purchased_purges":4,"victory":true,"max_hp_per_floor":[72,72,72,77,77,77,77,77,77,77,77,77,77,77,77,77,77,77,77,77,77,77,77,77,77,77,77,77,77,77,77,77,77,77,77,77,84,84,84,84,84,84,84,84,84,84,84,84,84,84,84,84,84,84,84,80,80,80,80,80,80,80,80,80,80,80,80],"card_choices":[{"not_picked":["JustLucky","EmptyBody"],"picked":"PathToVictory","floor":1.0},{"not_picked":["Evaluate","ThirdEye","SignatureMove"],"picked":"SKIP","floor":3.0},{"not_picked":["Evaluate","ReachHeaven"],"picked":"PathToVictory","floor":5.0},{"not_picked":["EmptyBody","Halt","Fasting2"],"picked":"SKIP","floor":7.0},{"not_picked":["Consecrate","Weave"],"picked":"Vault","floor":9.0},{"not_picked":["Worship","WheelKick"],"picked":"Collect","floor":12.0},{"not_picked":["Nirvana","SashWhip"],"picked":"Evaluate","floor":14.0},{"not_picked":["Halt","ThirdEye","CutThroughFate"],"picked":"SKIP","floor":15.0},{"not_picked":["ConjureBlade","ClearTheMind"],"picked":"PathToVictory","floor":16.0},{"not_picked":["FlurryOfBlows","BattleHymn","Devotion"],"picked":"SKIP","floor":17.0},{"not_picked":["Halt","FollowUp","SignatureMove","Weave"],"picked":"SKIP","floor":19.0},{"not_picked":["Establishment","LessonLearned","Wish"],"picked":"SpiritShield","floor":22.0},{"not_picked":["Prostrate","FearNoEvil","PathToVictory"],"picked":"InnerPeace","floor":24.0},{"not_picked":["CutThroughFate+1","EmptyFist","SashWhip","WheelKick"],"picked":"SKIP","floor":26.0},{"not_picked":["ClearTheMind","Halt","Crescendo+1"],"picked":"DevaForm","floor":27.0},{"not_picked":["BowlingBash","EmptyBody","ForeignInfluence+1","Adaptation"],"picked":"SKIP","floor":28.0},{"not_picked":["BowlingBash","SpiritShield","Adaptation"],"picked":"Evaluate+1","floor":29.0},{"not_picked":["EmptyFist+1","Indignation","WaveOfTheHand","Consecrate"],"picked":"SKIP","floor":31.0},{"not_picked":["Evaluate","Pray+1","WreathOfFlame","CrushJoints"],"picked":"SKIP","floor":32.0},{"not_picked":["JustLucky+1","CutThroughFate+1","BowlingBash","Meditate+1"],"picked":"SKIP","floor":35.0},{"not_picked":["JustLucky+1","CutThroughFate+1","BowlingBash"],"picked":"Meditate+1","floor":35.0},{"not_picked":["Vault","LessonLearned","Omniscience"],"picked":"DeusExMachina","floor":40.0},{"not_picked":["WaveOfTheHand","Prostrate","CrushJoints","Wireheading+1"],"picked":"SKIP","floor":42.0},{"not_picked":["Halt+1","WreathOfFlame","EmptyFist+1","Pray"],"picked":"SKIP","floor":43.0},{"not_picked":["ClearTheMind+1","Halt+1","SignatureMove+1","ForeignInfluence"],"picked":"SKIP","floor":45.0},{"not_picked":["FlurryOfBlows+1","CutThroughFate","DevaForm","ReachHeaven+1"],"picked":"SKIP","floor":47.0},{"not_picked":["SandsOfTime","CrushJoints","FlurryOfBlows+1","Consecrate"],"picked":"SKIP","floor":48.0},{"not_picked":["BowlingBash","ReachHeaven","CrushJoints+1","LessonLearned"],"picked":"SKIP","floor":49.0},{"not_picked":["CutThroughFate","JustLucky","Protect+1","Wireheading+1"],"picked":"SKIP","floor":53.0},{"not_picked":["FlyingSleeves","Worship+1","Evaluate","FlurryOfBlows"],"picked":"SKIP","floor":55.0},{"not_picked":["FollowUp","FlyingSleeves","Evaluate+1","Prostrate"],"picked":"SKIP","floor":57.0},{"not_picked":["FollowUp+1","ForeignInfluence+1","Consecrate+1","SashWhip"],"picked":"SKIP","floor":59.0},{"not_picked":["JustLucky","EmptyBody","CutThroughFate+1","EmptyFist+1"],"picked":"SKIP","floor":60.0},{"not_picked":["Fasting2","Brilliance","CarveReality","Protect"],"picked":"SKIP","floor":66}],"player_experience":2332518,"relics_obtained":[{"floor":9.0,"key":"Torii"},{"floor":12.0,"key":"StrikeDummy"},{"floor":17.0,"key":"Question Card"},{"floor":31.0,"key":"Tiny Chest"},{"floor":33.0,"key":"Pantograph"},{"floor":49.0,"key":"Lantern"},{"floor":51.0,"key":"Shuriken"},{"floor":52.0,"key":"PreservedInsect"},{"floor":53.0,"key":"Kunai"},{"floor":54.0,"key":"CaptainsWheel"},{"floor":66,"key":"Happy Flower"}],"event_choices":[{"damage_healed":0.0,"max_hp_gain":5.0,"max_hp_loss":0.0,"gold_gain":0.0,"event_name":"Big Fish","player_choice":"Donut","floor":4.0,"gold_loss":0.0,"damage_taken":0.0},{"damage_healed":0.0,"max_hp_gain":0.0,"max_hp_loss":0.0,"gold_gain":0.0,"event_name":"Liars Game","player_choice":"Ignored","floor":6.0,"gold_loss":0.0,"damage_taken":0.0},{"damage_healed":0.0,"max_hp_gain":0.0,"max_hp_loss":0.0,"gold_gain":0.0,"event_name":"Accursed Blacksmith","player_choice":"Forge","floor":10.0,"gold_loss":0.0,"damage_taken":0.0,"cards_upgraded":["PathToVictory"]},{"damage_healed":0.0,"max_hp_gain":0.0,"max_hp_loss":0.0,"gold_gain":0.0,"event_name":"The Library","player_choice":"Read","floor":38.0,"gold_loss":0.0,"damage_taken":0.0,"cards_obtained":["EmptyMind"]},{"cards_removed":["Swivel"],"damage_healed":0.0,"max_hp_gain":0.0,"max_hp_loss":0.0,"gold_gain":0.0,"event_name":"Designer","player_choice":"Upgrade and Remove","floor":44.0,"gold_loss":90.0,"damage_taken":0.0,"cards_upgraded":["FlyingSleeves"]},{"damage_healed":0.0,"max_hp_gain":0.0,"max_hp_loss":0.0,"gold_gain":0.0,"event_name":"MindBloom","player_choice":"Fight","floor":54.0,"gold_loss":0.0,"damage_taken":0.0},{"damage_healed":0.0,"max_hp_gain":0.0,"max_hp_loss":4.0,"gold_gain":0.0,"event_name":"Winding Halls","player_choice":"Max HP","floor":56.0,"gold_loss":0.0,"damage_taken":0.0}],"is_beta":false,"boss_relics":[{"not_picked":["Fusion Hammer","Snecko Eye"],"picked":"Pandora\u0027s Box"},{"not_picked":["Velvet Choker","Busted Crown"],"picked":"HolyWater"}],"items_purged_floors":[2,25,37,65],"is_endless":false,"potions_floor_spawned":[5,7,16,19,24,27,29,31,42,43,45,47,53,60,66],"ascension_level":1}}