{"host":"2t0ddmgeopc3yqug","time":1611643581,"event":{"mods":["AchievementEnabler","BaseMod","BetterRewards","Colored Map","Colored Powertips","Hermit","Marisa£¨Ùöéë¡¡Øª×âÞÞ£©","Minty Spire (QoL Compilation)","Rare Cards Sparkle","Shop Mod","StSLib","SuperFastMode","The Cursed","The Poker Player","everything is the same but u backflip on backflip"],"gold_per_floor":[113,288,288,288,9,9,41,41,41,75,94,94,108,129,129,129,129],"floor_reached":16,"language":"KOR","playtime":895,"items_purged":["Defend_G","Strike_G","Strike_G"],"score":117,"play_id":"5f16f1f7-8f55-4296-8b1d-1d4a784b96c4","local_time":"20210126154621","is_ascension_mode":true,"campfire_choices":[{"data":"Calculated Gamble","floor":6,"key":"SMITH"},{"data":"Acrobatics","floor":8,"key":"SMITH"},{"floor":12,"key":"REST"},{"floor":15,"key":"REST"}],"circlet_count":0,"master_deck":["Strike_G","Strike_G","Strike_G","Defend_G","Defend_G","Defend_G","Defend_G","Survivor","Neutralize","Tactician","Acrobatics+1","Accuracy","Calculated Gamble+1","Bullet Time","Grand Finale","Tactician","Prepared","Reflex"],"relics":["Ring of the Snake","Shuriken","Lee\u0027s Waffle","Anchor","Darkstone Periapt","Bag of Marbles","Potion Belt","Odd Mushroom"],"acts_visited":["Exordium"],"potions_floor_usage":[14],"damage_taken":[{"damage":6,"enemies":"2 Louse","floor":1,"turns":3},{"damage":26,"enemies":"Lagavulin","floor":7,"turns":9},{"damage":44,"enemies":"Gremlin Nob","floor":10,"turns":5},{"damage":0,"enemies":"Jaw Worm","floor":11,"turns":3},{"damage":0,"enemies":"Small Slimes","floor":13,"turns":2},{"damage":23,"enemies":"The Mushroom Lair","floor":14,"turns":5},{"damage":24,"enemies":"The Guardian","floor":16,"turns":2}],"seed_played":"2130090925523819143","potions_obtained":[{"floor":11,"key":"Swift Potion"},{"floor":13,"key":"Explosive Potion"},{"floor":14,"key":"Block Potion"}],"is_trial":false,"path_per_floor":["M","?","?","T","$","R","E","R","T","E","M","R","M","?","R","B"],"character_chosen":"THE_SILENT","items_purchased":["Shuriken","Lee\u0027s Waffle","Tactician","Acrobatics","Accuracy","Bullet Time"],"campfire_rested":2,"item_purchase_floors":[0,0,0,0,0,5],"current_hp_per_floor":[71,71,71,71,71,71,45,45,45,1,1,24,24,1,24,0,0],"gold":129,"neow_bonus":"","is_daily":false,"chose_seed":false,"campfire_upgraded":2,"win_rate":0.0,"timestamp":1611643581,"path_taken":["M","?","?","?","$","R","E","R","T","E","M","R","?","?","R","BOSS"],"items_purchased_type":["Relic","Relic","Card","Card","Card","Card"],"build_version":"2020-12-22","purchased_purges":3,"victory":false,"max_hp_per_floor":[77,77,77,77,77,77,77,77,77,77,77,77,77,77,77,77,77],"card_choices":[{"not_picked":["Outmaneuver","PiercingWail"],"picked":"Calculated Gamble","floor":1},{"not_picked":["Poisoned Stab","Underhanded Strike"],"picked":"Grand Finale","floor":7},{"not_picked":["Escape Plan","Acrobatics"],"picked":"Tactician","floor":10},{"not_picked":["Poisoned Stab","Endless Agony","Quick Slash"],"picked":"SKIP","floor":11},{"not_picked":["Poisoned Stab","Tactician"],"picked":"Prepared","floor":13},{"not_picked":["Dash","Cloak And Dagger"],"picked":"Reflex","floor":14}],"player_experience":113024,"relics_obtained":[{"floor":4,"key":"Anchor"},{"floor":7,"key":"Darkstone Periapt"},{"floor":9,"key":"Bag of Marbles"},{"floor":10,"key":"Potion Belt"},{"floor":14,"key":"Odd Mushroom"}],"event_choices":[{"damage_healed":0,"gold_gain":175,"player_choice":"AGREE","damage_taken":0,"max_hp_gain":0,"max_hp_loss":0,"event_name":"Liars Game","floor":2,"gold_loss":0,"cards_obtained":["Doubt"]},{"cards_removed":["Doubt"],"damage_healed":0,"gold_gain":0,"player_choice":"Forget","damage_taken":0,"max_hp_gain":0,"max_hp_loss":0,"event_name":"Living Wall","floor":3,"gold_loss":0},{"damage_healed":0,"gold_gain":0,"player_choice":"Fought Mushrooms","damage_taken":0,"max_hp_gain":0,"max_hp_loss":0,"event_name":"Mushrooms","floor":14,"gold_loss":0}],"is_beta":false,"boss_relics":[],"items_purged_floors":[0,0,5],"is_endless":false,"potions_floor_spawned":[11,13,14],"killed_by":"The Guardian","ascension_level":2}}