{"host":"vex7walpoxzv48nx","time":1611688129,"event":{"mods":["BaseMod","Bestiary","Minty Spire (QoL Compilation)","Permanent Neow","Quick Restart","Relic Stats"],"gold_per_floor":[113,113,124,124,141,172,184,27,27,27,56,56,56,72,72,148,148,159,174,193,193,20,20,20,55,55,55,81,96,116,147,147,224,224,242,242,259,284,299,299,314,2,2,2,2,2,18,49,49,49,49],"floor_reached":52,"language":"ENG","playtime":6966,"items_purged":["Decay"],"score":2335,"play_id":"4c5797eb-3dc5-4ae9-9163-8a3726169b56","local_time":"20210126200849","daily_mods":["Heirloom"],"is_ascension_mode":true,"campfire_choices":[{"data":"Cleave","floor":10,"key":"SMITH"},{"data":"True Grit","floor":13,"key":"SMITH"},{"data":"Bash","floor":15,"key":"SMITH"},{"data":"Heavy Blade","floor":23,"key":"SMITH"},{"data":"Battle Trance","floor":32,"key":"SMITH"},{"data":"Havoc","floor":40,"key":"SMITH"},{"data":"Burning Pact","floor":49,"key":"SMITH"}],"circlet_count":0,"master_deck":["AscendersBane","Strike_R","Strike_R","Strike_R","Strike_R","Strike_R","Defend_R","Defend_R","Defend_R","Bash+1","True Grit+1","Heavy Blade+1","Ghostly Armor","Corruption+1","Feel No Pain+1","Feel No Pain+1","Cleave+1","Battle Trance+1","Inflame+1","Barricade+1","CurseOfTheBell","Entrench+1","Havoc+1","Disarm","Ghostly","Ghostly","Ghostly+1","Pommel Strike+1","RitualDagger","Shrug It Off","Immolate","Burning Pact+1","Havoc","Headbutt+1","Juggernaut+1","Clothesline","Seeing Red","Carnage","The Bomb","Thunderclap","Feel No Pain+1"],"relics":["Burning Blood","Dead Branch","Frozen Egg 2","Orrery","Mercury Hourglass","Blood Vial","Calling Bell","Meat on the Bone","Gambling Chip","Tiny Chest","Membership Card","Bottled Flame","Juzu Bracelet","MealTicket","War Paint","Sozu","Incense Burner","Oddly Smooth Stone","Question Card","Bottled Tornado","InkBottle","Torii"],"acts_visited":["Exordium","TheCity","TheBeyond"],"potions_floor_usage":[16,31,31],"damage_taken":[{"damage":7,"enemies":"Jaw Worm","floor":1,"turns":3},{"damage":7,"enemies":"Cultist","floor":3,"turns":4},{"damage":2,"enemies":"2 Louse","floor":5,"turns":3},{"damage":38,"enemies":"3 Sentries","floor":6,"turns":6},{"damage":6,"enemies":"2 Fungi Beasts","floor":7,"turns":4},{"damage":20,"enemies":"Lagavulin","floor":11,"turns":7},{"damage":10,"enemies":"3 Louse","floor":14,"turns":3},{"damage":8,"enemies":"Hexaghost","floor":16,"turns":7},{"damage":24,"enemies":"Shell Parasite","floor":18,"turns":6},{"damage":6,"enemies":"Chosen","floor":19,"turns":6},{"damage":0,"enemies":"Snecko","floor":20,"turns":6},{"damage":0,"enemies":"Gremlin Leader","floor":25,"turns":4},{"damage":14,"enemies":"Centurion and Healer","floor":29,"turns":5},{"damage":0,"enemies":"Cultist and Chosen","floor":30,"turns":7},{"damage":32,"enemies":"Slavers","floor":31,"turns":8},{"damage":8,"enemies":"Collector","floor":33,"turns":10},{"damage":19,"enemies":"3 Darklings","floor":35,"turns":5},{"damage":6,"enemies":"3 Shapes","floor":37,"turns":2},{"damage":1,"enemies":"Mind Bloom Boss Battle","floor":38,"turns":6},{"damage":12,"enemies":"Spire Growth","floor":39,"turns":6},{"damage":18,"enemies":"Sphere and 2 Shapes","floor":41,"turns":5},{"damage":0,"enemies":"Maw","floor":47,"turns":4},{"damage":0,"enemies":"Giant Head","floor":48,"turns":5},{"damage":0,"enemies":"Awakened One","floor":50,"turns":6},{"damage":0,"enemies":"Donu and Deca","floor":51,"turns":6}],"seed_played":"9097262719994690670","potions_obtained":[{"floor":5,"key":"Fruit Juice"},{"floor":25,"key":"BloodPotion"},{"floor":30,"key":"SkillPotion"},{"floor":31,"key":"Weak Potion"}],"is_trial":true,"path_per_floor":["M","?","M","?","M","E","M","$","T","R","E","?","R","M","R","B",null,"M","M","M","?","$","R","?","E","T","?","T","M","M","E","R","B",null,"M","?","M","?","M","R","M","$","T","?","T","?","M","E","R","B","B",null],"character_chosen":"IRONCLAD","items_purchased":["Orrery","Membership Card","Oddly Smooth Stone","Seeing Red","Question Card","Carnage"],"campfire_rested":0,"item_purchase_floors":[8,22,42,42,42,42],"current_hp_per_floor":[67,67,66,71,75,43,43,43,43,43,29,29,29,27,27,32,72,56,58,66,66,66,66,42,42,42,36,36,30,38,34,34,34,40,29,29,31,38,34,34,36,42,42,42,42,42,42,42,42,42,42],"gold":49,"neow_bonus":"","is_daily":false,"chose_seed":false,"campfire_upgraded":7,"win_rate":0.0,"timestamp":1611688129,"path_taken":["M","?","?","?","M","E","M","$","T","R","E","?","R","M","R","BOSS","M","M","M","?","$","R","?","E","T","?","?","M","M","E","R","BOSS","M","?","M","?","M","R","M","$","T","?","?","?","M","E","R","BOSS","BOSS"],"items_purchased_type":["Relic","Relic","Relic","Card","Relic","Card"],"build_version":"2020-12-22","purchased_purges":1,"victory":true,"max_hp_per_floor":[75,75,75,80,80,80,80,80,80,80,80,80,80,80,80,85,85,85,85,85,85,85,85,42,42,42,42,42,42,42,42,42,42,42,42,42,42,42,42,42,42,42,42,42,42,42,42,42,42,42,42],"relic_stats":{"Torii":0,"counters":[25,132],"Dead Branch":[418],"Juzu Bracelet":1,"War Paint":["Entrench","Ghostly"],"Question Card":3,"Burning Blood":120,"Mercury Hourglass":[449],"Blood Vial":28,"Sozu":2,"Gambling Chip":[50],"Tiny Chest":2,"MealTicket":6,"obtain_stats":[{"Torii":48,"Dead Branch":0,"Oddly Smooth Stone":42,"Juzu Bracelet":26,"Incense Burner":38,"Frozen Egg 2":6,"War Paint":31,"Bottled Tornado":43,"Question Card":42,"Burning Blood":0,"Mercury Hourglass":9,"Blood Vial":11,"Calling Bell":17,"Sozu":34,"Bottled Flame":25,"Gambling Chip":17,"Orrery":8,"Tiny Chest":17,"MealTicket":28,"Membership Card":22,"InkBottle":45,"Meat on the Bone":17},{"Torii":23,"Dead Branch":0,"Oddly Smooth Stone":21,"Juzu Bracelet":12,"Incense Burner":19,"Frozen Egg 2":4,"War Paint":15,"Bottled Tornado":21,"Question Card":21,"Burning Blood":0,"Mercury Hourglass":5,"Blood Vial":6,"Calling Bell":8,"Sozu":16,"Bottled Flame":12,"Gambling Chip":8,"Orrery":5,"Tiny Chest":8,"MealTicket":12,"Membership Card":11,"InkBottle":21,"Meat on the Bone":8},{"Torii":120,"Dead Branch":0,"Oddly Smooth Stone":111,"Juzu Bracelet":58,"Incense Burner":100,"Frozen Egg 2":16,"War Paint":77,"Bottled Tornado":111,"Question Card":111,"Burning Blood":0,"Mercury Hourglass":20,"Blood Vial":27,"Calling Bell":36,"Sozu":87,"Bottled Flame":58,"Gambling Chip":36,"Orrery":20,"Tiny Chest":36,"MealTicket":58,"Membership Card":54,"InkBottle":111,"Meat on the Bone":36}],"InkBottle":[16],"Meat on the Bone":24},"card_choices":[{"not_picked":["Flex","Fire Breathing","Headbutt"],"picked":"SKIP","floor":1},{"not_picked":["Intimidate","Anger"],"picked":"True Grit","floor":3},{"not_picked":["True Grit","Metallicize"],"picked":"Heavy Blade","floor":5},{"not_picked":["Armaments","Dark Embrace+1"],"picked":"Ghostly Armor","floor":6},{"not_picked":["Dual Wield","Twin Strike"],"picked":"Corruption+1","floor":7},{"not_picked":["Barricade+1","Exhume"],"picked":"Feel No Pain+1","floor":8},{"not_picked":["Fire Breathing+1","Dual Wield"],"picked":"Feel No Pain+1","floor":8},{"not_picked":["Twin Strike","True Grit"],"picked":"Cleave","floor":8},{"not_picked":["Cleave","Body Slam"],"picked":"Battle Trance","floor":8},{"not_picked":["True Grit","Clash","Limit Break"],"picked":"SKIP","floor":11},{"not_picked":["Perfected Strike","Sword Boomerang"],"picked":"Inflame+1","floor":14},{"not_picked":["Reaper","Bludgeon"],"picked":"Barricade+1","floor":16},{"not_picked":["Bloodletting","Sword Boomerang"],"picked":"Entrench","floor":18},{"not_picked":["Wild Strike","Clothesline"],"picked":"Havoc","floor":19},{"not_picked":["Twin Strike","Flex"],"picked":"Disarm","floor":20},{"not_picked":["Cleave","Offering"],"picked":"Pommel Strike+1","floor":25},{"not_picked":["Dropkick","Warcry","Searing Blow"],"picked":"SKIP","floor":29},{"not_picked":["Armaments","Dropkick"],"picked":"Shrug It Off","floor":30},{"not_picked":["Anger","Cleave","Whirlwind"],"picked":"SKIP","floor":31},{"not_picked":["Offering","Bludgeon"],"picked":"Immolate","floor":33},{"not_picked":["Clothesline","Wild Strike"],"picked":"Burning Pact","floor":35},{"not_picked":["Battle Trance+1","Iron Wave+1"],"picked":"Havoc","floor":37},{"not_picked":["Inflame+1","Thunderclap+1"],"picked":"Headbutt+1","floor":38},{"not_picked":["Inflame+1","Bloodletting+1"],"picked":"Juggernaut+1","floor":39},{"not_picked":["Anger","Twin Strike"],"picked":"Clothesline","floor":41},{"not_picked":["Sadistic Nature+1","Deep Breath","Finesse"],"picked":"The Bomb","floor":44},{"not_picked":["Carnage","Flex","Blood for Blood"],"picked":"Thunderclap","floor":47},{"not_picked":["Rupture+1","Shrug It Off","Heavy Blade+1"],"picked":"Feel No Pain+1","floor":48}],"player_experience":212277,"relics_obtained":[{"floor":6,"key":"Frozen Egg 2"},{"floor":9,"key":"Mercury Hourglass"},{"floor":11,"key":"Blood Vial"},{"floor":17,"key":"Meat on the Bone"},{"floor":17,"key":"Gambling Chip"},{"floor":17,"key":"Tiny Chest"},{"floor":25,"key":"Bottled Flame"},{"floor":26,"key":"Juzu Bracelet"},{"floor":28,"key":"MealTicket"},{"floor":31,"key":"War Paint"},{"floor":38,"key":"Incense Burner"},{"floor":43,"key":"Bottled Tornado"},{"floor":45,"key":"InkBottle"},{"floor":48,"key":"Torii"}],"event_choices":[{"damage_healed":0,"gold_gain":0,"player_choice":"0 cards matched","damage_taken":0,"max_hp_gain":0,"max_hp_loss":0,"event_name":"Match and Keep!","floor":2,"gold_loss":0,"cards_obtained":[]},{"damage_healed":0,"gold_gain":0,"player_choice":"Donut","damage_taken":0,"max_hp_gain":5,"max_hp_loss":0,"event_name":"Big Fish","floor":4,"gold_loss":0},{"damage_healed":0,"gold_gain":0,"player_choice":"Ignored","damage_taken":0,"max_hp_gain":0,"max_hp_loss":0,"event_name":"Liars Game","floor":12,"gold_loss":0},{"damage_healed":0,"gold_gain":0,"player_choice":"Smashed Altar","damage_taken":0,"max_hp_gain":0,"max_hp_loss":0,"event_name":"Forgotten Altar","floor":21,"gold_loss":0,"cards_obtained":["Decay"]},{"damage_healed":0,"gold_gain":0,"player_choice":"Became a Ghost","damage_taken":0,"max_hp_gain":0,"max_hp_loss":43,"event_name":"Ghosts","floor":24,"gold_loss":0,"cards_obtained":["Ghostly","Ghostly","Ghostly"]},{"damage_healed":0,"gold_gain":0,"player_choice":"Joined the Cult","damage_taken":6,"max_hp_gain":0,"max_hp_loss":0,"event_name":"Nest","floor":27,"gold_loss":0,"cards_obtained":["RitualDagger"]},{"cards_removed":["Defend_R"],"damage_healed":0,"gold_gain":0,"player_choice":"Removed Skill","damage_taken":0,"max_hp_gain":0,"max_hp_loss":0,"event_name":"Falling","floor":36,"gold_loss":0},{"damage_healed":0,"gold_gain":0,"player_choice":"Fight","damage_taken":0,"max_hp_gain":0,"max_hp_loss":0,"event_name":"MindBloom","floor":38,"gold_loss":0},{"damage_healed":0,"gold_gain":0,"player_choice":"Memory 1","damage_taken":0,"max_hp_gain":0,"max_hp_loss":0,"event_name":"SensoryStone","floor":44,"gold_loss":0},{"damage_healed":0,"gold_gain":0,"player_choice":"Ignored","damage_taken":0,"max_hp_gain":0,"max_hp_loss":0,"event_name":"Mysterious Sphere","floor":46,"gold_loss":0}],"is_beta":false,"boss_relics":[{"not_picked":["SacredBark","Runic Cube"],"picked":"Calling Bell"},{"not_picked":["Fusion Hammer","Runic Pyramid"],"picked":"Sozu"}],"items_purged_floors":[42],"is_endless":false,"potions_floor_spawned":[5,25,30,31,35,48],"ascension_level":20}}