{"host":"zk71suw73lg2r165","time":1611631301,"event":{"mods":["BaseMod","Colored Map","Minty Spire (QoL Compilation)","Permanent Neow","Relic Stats","StSLib"],"gold_per_floor":[114,164,182,182,11,11,40,57,80,98,98,113,113,113,113],"floor_reached":14,"language":"ENG","playtime":362,"items_purged":[],"score":180,"play_id":"2987e528-3f27-4530-a856-03a42f675960","local_time":"20210125222141","is_ascension_mode":true,"campfire_choices":[{"data":"Storm of Steel","floor":6.0,"key":"SMITH"},{"floor":11.0,"key":"REST"}],"circlet_count":0,"master_deck":["AscendersBane","Strike_G","Strike_G","Strike_G","Defend_G","Defend_G","Defend_G","Defend_G+1","Defend_G","Survivor","Neutralize","Storm of Steel+1","Blade Dance","Footwork+1","Caltrops","Acrobatics","Skewer","Finisher","Poisoned Stab"],"relics":["Ring of the Snake","PreservedInsect","Vajra","Toy Ornithopter"],"acts_visited":["Exordium"],"potions_floor_usage":[],"damage_taken":[{"damage":0.0,"enemies":"Small Slimes","floor":1.0,"turns":4.0},{"damage":0.0,"enemies":"Cultist","floor":3.0,"turns":4.0},{"damage":34.0,"enemies":"Gremlin Nob","floor":7.0,"turns":4.0},{"damage":0.0,"enemies":"2 Louse","floor":8.0,"turns":3.0},{"damage":0.0,"enemies":"Looter","floor":10.0,"turns":2.0},{"damage":10.0,"enemies":"Blue Slaver","floor":12.0,"turns":3.0},{"damage":15,"enemies":"Lagavulin","floor":14,"turns":2}],"seed_played":"-1417352957828667590","potions_obtained":[{"floor":7.0,"key":"GhostInAJar"},{"floor":12.0,"key":"SteroidPotion"}],"is_trial":false,"path_per_floor":["M","?","M","?","$","R","E","M","T","M","R","M","?","E"],"character_chosen":"THE_SILENT","items_purchased":["PreservedInsect"],"campfire_rested":1,"item_purchase_floors":[5],"current_hp_per_floor":[59,53,53,35,35,35,1,1,1,6,24,14,14,0,0],"gold":113,"neow_bonus":"TRANSFORM_TWO_CARDS","is_daily":false,"chose_seed":false,"campfire_upgraded":1,"win_rate":0.0,"timestamp":1611631301,"path_taken":["M","?","?","?","$","R","E","M","T","M","R","M","?","E"],"items_purchased_type":["Relic"],"build_version":"2020-12-22","purchased_purges":0,"victory":false,"max_hp_per_floor":[60,60,60,60,60,60,60,60,60,60,60,60,60,60,60],"relic_stats":{"counters":[7,22],"PreservedInsect":51,"obtain_stats":[{"Vajra":7,"PreservedInsect":5,"Toy Ornithopter":9,"Ring of the Snake":0},{"Vajra":3,"PreservedInsect":2,"Toy Ornithopter":4,"Ring of the Snake":0},{"Vajra":12,"PreservedInsect":8,"Toy Ornithopter":15,"Ring of the Snake":0}],"Toy Ornithopter":5,"Ring of the Snake":[14]},"card_choices":[{"not_picked":["Deflect","All Out Attack"],"picked":"Footwork","floor":1.0},{"not_picked":["PiercingWail","Deadly Poison"],"picked":"Caltrops","floor":3.0},{"not_picked":["Bullet Time","Dagger Throw"],"picked":"Acrobatics","floor":7.0},{"not_picked":["Poisoned Stab","Masterful Stab"],"picked":"Skewer","floor":8.0},{"not_picked":["Flying Knee","Underhanded Strike"],"picked":"Finisher","floor":10.0},{"not_picked":["Masterful Stab","Deadly Poison"],"picked":"Poisoned Stab","floor":12.0}],"player_experience":1377841,"relics_obtained":[{"floor":7.0,"key":"Vajra"},{"floor":9.0,"key":"Toy Ornithopter"}],"event_choices":[{"damage_healed":0.0,"max_hp_gain":0.0,"max_hp_loss":0.0,"gold_gain":50.0,"event_name":"FaceTrader","player_choice":"Touch","floor":2.0,"gold_loss":0.0,"damage_taken":6.0},{"damage_healed":0.0,"max_hp_gain":0.0,"max_hp_loss":0.0,"gold_gain":0.0,"event_name":"Shining Light","player_choice":"Entered Light","floor":4.0,"gold_loss":0.0,"damage_taken":18.0,"cards_upgraded":["Defend_G","Footwork"]},{"damage_healed":0,"gold_gain":0,"player_choice":"Fled","damage_taken":0,"max_hp_gain":0,"max_hp_loss":0,"event_name":"Scrap Ooze","floor":13,"gold_loss":0}],"is_beta":false,"boss_relics":[],"items_purged_floors":[],"is_endless":false,"potions_floor_spawned":[7,12],"killed_by":"Lagavulin","ascension_level":20}}