{"host":"7qoz5gmva6til3yp","time":1611671677,"event":{"mods":["AchievementEnabler","BaseMod","Minty Spire (QoL Compilation)","StSLib","SuperFastMode"],"gold_per_floor":[367,367,377,392,265,265,307,307,330,349,371,371,397,397,397,509,509,525,539,556,301,342,351,372,385,385,345,345,345,385,401,401,504,504,514,542,561,279,292,292,309,309,309,309,336,400,400,105,105,105],"floor_reached":51,"language":"KOR","playtime":1476,"items_purged":["Defend_R","Strike_R","Sword Boomerang"],"score":829,"play_id":"f535211d-8fb7-47ba-b5b4-eb3e26086770","local_time":"20210126233437","is_ascension_mode":false,"campfire_choices":[{"data":"Bash","floor":6.0,"key":"SMITH"},{"data":"Flex","floor":8.0,"key":"SMITH"},{"data":"Seeing Red","floor":12.0,"key":"SMITH"},{"data":"Pommel Strike","floor":15.0,"key":"SMITH"},{"data":"Battle Trance","floor":23.0,"key":"SMITH"},{"data":"Armaments","floor":28,"key":"SMITH"},{"data":"Reaper","floor":32,"key":"SMITH"},{"data":"Heavy Blade","floor":40,"key":"SMITH"},{"data":"Demon Form","floor":42,"key":"SMITH"},{"data":"Rage","floor":44,"key":"SMITH"},{"data":"Shrug It Off","floor":49,"key":"SMITH"}],"circlet_count":0,"master_deck":["Bash+1","Cleave+1","Pommel Strike+1","Flex+1","Impervious","Battle Trance+1","Seeing Red+1","Demon Form+1","Limit Break+1","Rage+1","Armaments+1","Reaper+1","Heavy Blade+1","Burning Pact+1","Shrug It Off+1"],"relics":["Burning Blood","CeramicFish","Oddly Smooth Stone","Letter Opener","Runic Pyramid","Red Mask","Gremlin Horn","Regal Pillow","Busted Crown","PreservedInsect","Question Card","Thread and Needle","Toy Ornithopter","TheAbacus"],"acts_visited":["TheCity","TheBeyond"],"potions_floor_usage":[25,31,33,50,50],"damage_taken":[{"damage":5.0,"enemies":"2 Louse","floor":1.0,"turns":4.0},{"damage":1.0,"enemies":"Cultist","floor":3.0,"turns":3.0},{"damage":5.0,"enemies":"Small Slimes","floor":4.0,"turns":3.0},{"damage":36.0,"enemies":"Lagavulin","floor":7.0,"turns":6.0},{"damage":15.0,"enemies":"Exordium Thugs","floor":10.0,"turns":3.0},{"damage":1.0,"enemies":"Blue Slaver","floor":11.0,"turns":2.0},{"damage":16.0,"enemies":"Gremlin Nob","floor":13.0,"turns":3.0},{"damage":36.0,"enemies":"Hexaghost","floor":16.0,"turns":8.0},{"damage":14.0,"enemies":"3 Byrds","floor":18.0,"turns":6.0},{"damage":10.0,"enemies":"Chosen","floor":19.0,"turns":3.0},{"damage":52.0,"enemies":"Sentry and Sphere","floor":20.0,"turns":7.0},{"damage":25.0,"enemies":"Masked Bandits","floor":22.0,"turns":5.0},{"damage":12,"enemies":"Shelled Parasite and Fungi","floor":24,"turns":3},{"damage":12,"enemies":"3 Cultists","floor":25,"turns":6},{"damage":24,"enemies":"Book of Stabbing","floor":30,"turns":4},{"damage":22,"enemies":"Snecko","floor":31,"turns":4},{"damage":21,"enemies":"Automaton","floor":33,"turns":6},{"damage":0,"enemies":"3 Darklings","floor":35,"turns":2},{"damage":6,"enemies":"3 Shapes","floor":36,"turns":2},{"damage":7,"enemies":"3 Darklings","floor":37,"turns":3},{"damage":0,"enemies":"Maw","floor":39,"turns":4},{"damage":13,"enemies":"4 Shapes","floor":41,"turns":3},{"damage":12,"enemies":"Writhing Mass","floor":45,"turns":3},{"damage":14,"enemies":"2 Orb Walkers","floor":46,"turns":3},{"damage":33,"enemies":"Awakened One","floor":50,"turns":7}],"seed_played":"3173650904642275663","potions_obtained":[{"floor":3.0,"key":"EntropicBrew"},{"floor":11.0,"key":"BloodPotion"},{"floor":13.0,"key":"PowerPotion"},{"floor":18.0,"key":"Regen Potion"},{"floor":20.0,"key":"BloodPotion"},{"floor":22.0,"key":"Weak Potion"},{"floor":29,"key":"CultistPotion"},{"floor":29,"key":"Ancient Potion"},{"floor":31,"key":"AttackPotion"},{"floor":36,"key":"Explosive Potion"}],"is_trial":false,"path_per_floor":["M","?","M","M","$","R","E","R","T","M","M","R","E","?","R","B",null,"M","M","M","$","?","R","M","M","T","$","R","?","E","M","R","B",null,"M","M","M","$","M","R","M","R","T","R","M","?","?","$","R","B",null],"character_chosen":"IRONCLAD","items_purchased":["Flex","Demon Form","Whirlwind","Armaments","PreservedInsect","Toy Ornithopter","TheAbacus"],"campfire_rested":0,"item_purchase_floors":[5,21,21,27,38,48,48],"current_hp_per_floor":[72,72,72,72,72,72,42,42,42,33,38,38,28,28,28,12,72,64,60,14,14,14,14,8,66,66,66,66,66,48,53,53,72,72,72,72,72,72,72,72,68,68,68,68,62,72,72,72,72,69],"gold":105,"neow_bonus":"TWO_FIFTY_GOLD","is_daily":false,"chose_seed":false,"campfire_upgraded":11,"win_rate":0.0,"timestamp":1611671677,"path_taken":["M","?","M","M","$","R","E","R","T","M","?","R","E","?","R","BOSS","M","?","M","$","?","R","M","M","T","$","R","?","E","?","R","BOSS","M","?","M","$","M","R","M","R","T","R","M","?","?","$","R","BOSS"],"items_purchased_type":["Card","Card","Card","Card","Relic","Relic","Relic"],"build_version":"2020-12-22","purchased_purges":3,"victory":true,"max_hp_per_floor":[72,72,72,72,72,72,72,72,72,72,72,72,72,72,72,72,72,72,72,72,72,72,72,72,72,72,72,72,72,72,72,72,72,72,72,72,72,72,72,72,72,72,72,72,72,72,72,72,72,72],"card_choices":[{"not_picked":["Iron Wave","True Grit"],"picked":"Cleave","floor":1.0},{"not_picked":["Wild Strike","Clash"],"picked":"Pommel Strike","floor":3.0},{"not_picked":["Body Slam","Combust","Inflame"],"picked":"SKIP","floor":4.0},{"not_picked":["Metallicize","Cleave"],"picked":"Impervious","floor":7.0},{"not_picked":["Inflame","Flex"],"picked":"Battle Trance","floor":10.0},{"not_picked":["Anger","Iron Wave"],"picked":"Seeing Red","floor":11.0},{"not_picked":["Armaments","Perfected Strike","True Grit"],"picked":"SKIP","floor":13.0},{"not_picked":["Impervious","Berserk"],"picked":"Corruption","floor":16.0},{"not_picked":["Clash","Perfected Strike","Battle Trance"],"picked":"SKIP","floor":18.0},{"not_picked":["Clothesline","Anger","True Grit+1"],"picked":"SKIP","floor":19.0},{"not_picked":["Sword Boomerang","Evolve","Iron Wave"],"picked":"SKIP","floor":20.0},{"not_picked":["Anger+1","Twin Strike+1"],"picked":"Sword Boomerang","floor":22.0},{"not_picked":["Wild Strike+1","Pommel Strike+1"],"picked":"Rage","floor":24},{"not_picked":["Twin Strike+1","Warcry","Impervious"],"picked":"SKIP","floor":25},{"not_picked":["Second Wind","Brutality"],"picked":"Reaper","floor":30},{"not_picked":["Twin Strike","Sword Boomerang","Clothesline"],"picked":"SKIP","floor":31},{"not_picked":["Flex"],"picked":"SKIP","floor":35},{"not_picked":[],"picked":"Heavy Blade","floor":36},{"not_picked":["Cleave+1"],"picked":"SKIP","floor":37},{"not_picked":["Armaments"],"picked":"SKIP","floor":39},{"not_picked":["Second Wind+1"],"picked":"SKIP","floor":41},{"not_picked":["Heavy Blade+1"],"picked":"Burning Pact+1","floor":45},{"not_picked":["Dual Wield"],"picked":"Shrug It Off","floor":46}],"player_experience":447331,"relics_obtained":[{"floor":7.0,"key":"CeramicFish"},{"floor":9.0,"key":"Oddly Smooth Stone"},{"floor":13.0,"key":"Letter Opener"},{"floor":22.0,"key":"Red Mask"},{"floor":26,"key":"Gremlin Horn"},{"floor":30,"key":"Regal Pillow"},{"floor":43,"key":"Question Card"},{"floor":46,"key":"Thread and Needle"}],"event_choices":[{"damage_healed":0.0,"max_hp_gain":0.0,"max_hp_loss":0.0,"gold_gain":0.0,"event_name":"Upgrade Shrine","player_choice":"Upgraded","floor":2.0,"gold_loss":0.0,"damage_taken":0.0,"cards_upgraded":["Cleave"]},{"cards_removed":["Defend_R"],"damage_healed":0.0,"max_hp_gain":0.0,"max_hp_loss":0.0,"gold_gain":0.0,"event_name":"Purifier","player_choice":"Purged","floor":14.0,"gold_loss":0.0,"damage_taken":0.0},{"damage_healed":0.0,"max_hp_gain":0.0,"max_hp_loss":0.0,"gold_gain":0.0,"event_name":"Masked Bandits","player_choice":"Fought Bandits","floor":22.0,"gold_loss":0.0,"damage_taken":0.0},{"damage_healed":0,"gold_gain":0,"player_choice":"Got Potions","damage_taken":0,"max_hp_gain":0,"max_hp_loss":0,"event_name":"Lab","floor":29,"gold_loss":0},{"damage_healed":0,"gold_gain":0,"player_choice":"Fight","damage_taken":0,"max_hp_gain":0,"max_hp_loss":0,"event_name":"Mysterious Sphere","floor":46,"gold_loss":0},{"damage_healed":0,"gold_gain":0,"player_choice":"Bought 0 Potions","damage_taken":0,"max_hp_gain":0,"max_hp_loss":0,"event_name":"The Woman in Blue","floor":47,"gold_loss":0}],"is_beta":false,"boss_relics":[{"not_picked":["Tiny House","Runic Cube"],"picked":"Runic Pyramid"},{"not_picked":["Velvet Choker","Snecko Eye"],"picked":"Busted Crown"}],"items_purged_floors":[5,21,38],"is_endless":false,"potions_floor_spawned":[3,11,13,18,20,22,30,31,36,46],"ascension_level":0}}