{"host":"pi8b3ffzwvxqztac","time":1611689880,"event":{"mods":["BaseMod","Colored Map","Downfall","Minty Spire (QoL Compilation)","StSLib"],"gold_per_floor":[109,124,49,49,69,69,100,100,123,123,156,168,168,179,179,276,276,289,289,289,306,322,322,333,333,360,380,380,380,391,409,409,409,409],"floor_reached":33,"language":"ENG","playtime":1353,"items_purged":["Injury"],"score":311,"play_id":"6dca8568-ccf8-42fc-b8d5-3c95051a5993","local_time":"20210127083800","is_ascension_mode":true,"campfire_choices":[{"data":"Armaments","floor":6,"key":"SMITH"},{"data":"Flex","floor":8,"key":"SMITH"},{"data":"Bash","floor":10,"key":"SMITH"},{"data":"Rage","floor":15,"key":"SMITH"},{"data":"Berserk","floor":23,"key":"SMITH"},{"data":"Metallicize","floor":25,"key":"SMITH"},{"data":"Anger","floor":29,"key":"SMITH"},{"data":"True Grit","floor":32,"key":"SMITH"}],"circlet_count":0,"master_deck":["Strike_R","Strike_R","Strike_R","Strike_R","Defend_R","Defend_R","Defend_R","Defend_R","Rage+1","Armaments+1","Flex+1","Thunderclap","Twin Strike","Anger+1","Metallicize+1","Berserk+1","CurseOfTheBell","Shrug It Off","True Grit+1"],"relics":["Burning Blood","Lizard Tail","Blood Vial","Bronze Scales","Happy Flower","Calling Bell","Vajra","Sundial","Mango","Darkstone Periapt","Enchiridion","Bag of Preparation"],"acts_visited":["Exordium","TheCity"],"potions_floor_usage":[11,12,24,33,33,33],"damage_taken":[{"damage":12,"enemies":"2 Louse","floor":1,"turns":4},{"damage":2,"enemies":"Jaw Worm","floor":2,"turns":4},{"damage":8,"enemies":"Small Slimes","floor":5,"turns":6},{"damage":32,"enemies":"Gremlin Nob","floor":7,"turns":4},{"damage":32,"enemies":"3 Sentries","floor":11,"turns":8},{"damage":0,"enemies":"Looter","floor":12,"turns":2},{"damage":0,"enemies":"3 Louse","floor":14,"turns":2},{"damage":9,"enemies":"The Guardian","floor":16,"turns":11},{"damage":16,"enemies":"Spheric Guardian","floor":18,"turns":5},{"damage":16,"enemies":"Shell Parasite","floor":21,"turns":5},{"damage":38,"enemies":"Snake Plant","floor":22,"turns":3},{"damage":46,"enemies":"Snecko","floor":24,"turns":6},{"damage":4,"enemies":"Centurion and Healer","floor":27,"turns":6},{"damage":0,"enemies":"3 Cultists","floor":30,"turns":6},{"damage":10,"enemies":"Sentry and Sphere","floor":31,"turns":4},{"damage":59,"enemies":"Champ","floor":33,"turns":12}],"seed_played":"3537072932306474378","potions_obtained":[{"floor":1,"key":"Block Potion"},{"floor":5,"key":"Weak Potion"},{"floor":14,"key":"Strength Potion"},{"floor":21,"key":"Energy Potion"},{"floor":27,"key":"Weak Potion"},{"floor":31,"key":"ColorlessPotion"}],"is_trial":false,"path_per_floor":["M","M","$","?","M","R","E","R","T","R","E","M","?","M","R","B",null,"M","?","?","M","M","R","M","R","T","M","?","R","M","M","R","B"],"character_chosen":"IRONCLAD","items_purchased":[],"campfire_rested":0,"item_purchase_floors":[],"current_hp_per_floor":[74,78,78,78,76,76,50,50,50,50,26,34,34,42,42,41,94,84,84,68,60,30,30,46,46,46,50,50,50,58,56,56,0,0],"gold":409,"neow_bonus":"ONE_RARE_RELIC","is_daily":false,"chose_seed":false,"campfire_upgraded":8,"win_rate":0.0,"timestamp":1611689880,"path_taken":["M","M","$","?","M","R","E","R","T","R","E","M","?","?","R","BOSS","M","?","?","M","M","R","M","R","T","M","?","R","?","M","R","BOSS"],"items_purchased_type":[],"build_version":"2020-12-22","purchased_purges":1,"victory":false,"max_hp_per_floor":[80,80,80,80,80,80,80,80,80,80,80,80,80,80,80,80,94,94,94,94,94,94,94,94,94,94,94,94,94,94,94,94,94,94],"card_choices":[{"not_picked":["Dark Embrace","Sword Boomerang"],"picked":"Rage","floor":1},{"not_picked":["Headbutt","Dual Wield"],"picked":"Armaments","floor":2},{"not_picked":["Armaments","Sever Soul"],"picked":"Flex","floor":5},{"not_picked":["Pommel Strike","Hemokinesis"],"picked":"Thunderclap","floor":7},{"not_picked":["Clothesline","Exhume"],"picked":"Twin Strike","floor":11},{"not_picked":["Dual Wield","Perfected Strike"],"picked":"Anger","floor":12},{"not_picked":["Pummel","Rupture"],"picked":"Metallicize","floor":14},{"not_picked":["Fiend Fire","Demon Form"],"picked":"Berserk","floor":16},{"not_picked":["Fire Breathing","Iron Wave","Flex"],"picked":"SKIP","floor":18},{"not_picked":["Twin Strike","Inflame","Power Through"],"picked":"SKIP","floor":21},{"not_picked":["Dark Embrace","Cleave+1"],"picked":"Shrug It Off","floor":22},{"not_picked":["Perfected Strike+1","Sword Boomerang","Dark Embrace"],"picked":"SKIP","floor":24},{"not_picked":["Rupture+1","Infernal Blade","Combust+1"],"picked":"SKIP","floor":27},{"not_picked":["Havoc","Cleave","Anger+1"],"picked":"SKIP","floor":30},{"not_picked":["Headbutt+1","Rupture"],"picked":"True Grit","floor":31}],"player_experience":630264,"relics_obtained":[{"floor":7,"key":"Blood Vial"},{"floor":9,"key":"Bronze Scales"},{"floor":11,"key":"Happy Flower"},{"floor":17,"key":"Vajra"},{"floor":17,"key":"Sundial"},{"floor":17,"key":"Mango"},{"floor":20,"key":"Enchiridion"},{"floor":26,"key":"Bag of Preparation"}],"event_choices":[{"damage_healed":0,"gold_gain":0,"player_choice":"Leave","damage_taken":0,"max_hp_gain":0,"max_hp_loss":0,"event_name":"The Cleric","floor":4,"gold_loss":0},{"cards_removed":["Bash"],"damage_healed":0,"gold_gain":0,"player_choice":"Forget","damage_taken":0,"max_hp_gain":0,"max_hp_loss":0,"event_name":"Living Wall","floor":13,"gold_loss":0},{"damage_healed":0,"gold_gain":0,"player_choice":"Opened","damage_taken":0,"relics_obtained":["Darkstone Periapt"],"max_hp_gain":0,"max_hp_loss":0,"event_name":"The Mausoleum","floor":19,"gold_loss":0},{"damage_healed":0,"gold_gain":0,"player_choice":"Obtained Book","damage_taken":16,"max_hp_gain":0,"max_hp_loss":0,"event_name":"Cursed Tome","floor":20,"gold_loss":0},{"cards_removed":["Strike_R"],"damage_healed":0,"gold_gain":0,"player_choice":"Card Removal","damage_taken":0,"max_hp_gain":0,"max_hp_loss":0,"event_name":"Wheel of Change","floor":28,"gold_loss":0}],"is_beta":false,"boss_relics":[{"not_picked":["Black Star","bronze:MakeshiftBattery"],"picked":"Calling Bell"}],"items_purged_floors":[3],"is_endless":false,"potions_floor_spawned":[1,5,14,21,27,31],"killed_by":"Champ","ascension_level":4}}