{"host":"meib18gsulage5jw","time":1611678078,"event":{"mods":["Aspiration","BaseMod","BetterRewards","CCEM2","Colored Map","Conspire","Defuse TimeMaze Blight","Energized Spire","Hubris","Infinite Spire","Minty Spire (QoL Compilation)","Relic Sorter","Reliquary","Replay The Spire","Spikes Relics","StSLib","The Blue Laboratory","Uncapped"],"gold_per_floor":[117,133,145,163,175,185,215,215,283,263,188,188,223,223,223,331,331,353,383,298,317,74,106,135,135,205,145,145,179,179,179,179,288,288,329,409,199,99,135,203,203,239,239,239,239,288,350,423,423,461,461],"floor_reached":50,"language":"ENG","playtime":2890,"items_purged":["theextravagant:SlyStrike","theextravagant:SlyStrike","theextravagant:SlyStrike","theextravagant:SlyStrike"],"score":602,"play_id":"704e35da-8f8e-4cef-8394-9f2c15b4b3fd","local_time":"20210127022118","is_ascension_mode":false,"campfire_choices":[{"floor":12,"key":"REST"},{"data":"infinitespire:Starlight","floor":15,"key":"SMITH"},{"floor":25,"key":"REST"},{"floor":28,"key":"REST"},{"floor":32,"key":"REST"},{"data":"Quick Slash","floor":45,"key":"SMITH"},{"floor":49,"key":"REST"}],"circlet_count":0,"master_deck":["theextravagant:Fence+1","theextravagant:Fence","theextravagant:Fence","theextravagant:Fence+1","theextravagant:QuickAttack","theextravagant:Triumph","theextravagant:HeavyBlows","theextravagant:TreasureHunt+1","theextravagant:RustyBuckler","theextravagant:Swirl+1","theextravagant:TreasureHunt","infinitespire:Starlight+1","theextravagant:Razor","theextravagant:Pushthrough","Reforge+1","theextravagant:TwilightTone+1","Mind Blast+1","Dagger Spray","Madness+1","Dodge and Roll","theextravagant:ShootingStar+1","theextravagant:SpontaneousStrike","theextravagant:Pushthrough+1","ReplayTheSpireMod:The Works+1","Flying Knee+1","hubris:InfiniteBlow+4661","theextravagant:Redemption+1","ReplayTheSpireMod:Tripwire","Flash of Steel","conspire:SpireCoStock","conspire:SpireCoStock","theextravagant:GustOfWind+1","Quick Slash+1","Parasite","Replay:Poison Smokescreen+1","theextravagant:Aggression+1","theextravagant:GlyphOfTime+1","theextravagant:Twostep+1","Sucker Punch"],"relics":["theextravagant:TranslucentFeather","Replay:Bandana","Mummified Hand","CCEMRelics:FestiveHat","aspiration:SilentSkillbook","MealTicket","CCEMRelics:GlassOfMilk","Strange Spoon","reliquary:WritOfMandamus","Pocketwatch","Replay:Baseball","CCEMRelics:FakeTeeth","reliquary:JackalopeAntler","Dream Catcher"],"acts_visited":["Exordium","TheCity","TheBeyond"],"potions_floor_usage":[7,7,18,24,29,36,47,50,50],"damage_taken":[{"damage":0,"enemies":"Cultist","floor":1,"turns":5},{"damage":0,"enemies":"Small Slimes","floor":2,"turns":4},{"damage":1,"enemies":"Jaw Worm","floor":3,"turns":3},{"damage":2,"enemies":"Blue Slaver","floor":4,"turns":3},{"damage":0,"enemies":"2 Fungi Beasts","floor":5,"turns":4},{"damage":0,"enemies":"Large Slime","floor":6,"turns":4},{"damage":35,"enemies":"Gremlin Nob","floor":7,"turns":6},{"damage":4,"enemies":"Looter","floor":10,"turns":4},{"damage":0,"enemies":"Lagavulin","floor":13,"turns":8},{"damage":34,"enemies":"Fading Forest","floor":16,"turns":11},{"damage":27,"enemies":"Spheric Guardian","floor":18,"turns":6},{"damage":32,"enemies":"3 Byrds","floor":19,"turns":5},{"damage":42,"enemies":"Snake Plant","floor":21,"turns":6},{"damage":69,"enemies":"Chosen and Byrds","floor":23,"turns":10},{"damage":37,"enemies":"Centurion and Healer","floor":24,"turns":9},{"damage":107,"enemies":"Nightmare","floor":29,"turns":15},{"damage":28,"enemies":"conspire:MysteriousRune","floor":33,"turns":4},{"damage":35,"enemies":"3 Darklings","floor":35,"turns":5},{"damage":36,"enemies":"Mind Bloom Boss Battle","floor":36,"turns":4},{"damage":24,"enemies":"3 Shapes","floor":39,"turns":4},{"damage":27,"enemies":"Reptomancer","floor":40,"turns":4},{"damage":10,"enemies":"Writhing Mass","floor":42,"turns":3},{"damage":0,"enemies":"conspire:MimicChest","floor":46,"turns":3},{"damage":21,"enemies":"Transient","floor":47,"turns":4},{"damage":34,"enemies":"4 Shapes","floor":48,"turns":4},{"damage":43,"enemies":"infinitespire:MassOfShapes","floor":50,"turns":3}],"seed_played":"9069957673509449226","potions_obtained":[{"floor":4,"key":"blueLaboratory:HummingbirdPotion"},{"floor":5,"key":"SneckoOil"},{"floor":13,"key":"blueLaboratory:BubblePotion"},{"floor":23,"key":"Swift Potion"},{"floor":24,"key":"blueLaboratory:HummingbirdPotion"},{"floor":29,"key":"blueLaboratory:EnragingPotion"},{"floor":35,"key":"Weak Potion"},{"floor":36,"key":"Venom Potion"},{"floor":40,"key":"SpeedPotion"},{"floor":47,"key":"LiquidMemories"}],"is_trial":false,"path_per_floor":["M","M","M","M","M","M","E","?","T","M","$","R","E","?","R","B",null,"M","M","?","M","$","M","M","R","T","?","R","NM","AVR","?","R","B",null,"M","?","$","?","M","E","?","M","T","T","R","?","M","M","R","B"],"character_chosen":"THE_EXTRAVAGANT","items_purchased":["FairyPotion","theextravagant:SpontaneousStrike","Flash of Steel"],"campfire_rested":5,"item_purchase_floors":[22,22,37],"current_hp_per_floor":[82,82,81,79,79,79,44,23,23,29,29,53,73,65,65,58,82,68,51,51,39,54,12,10,32,32,32,54,2,2,2,24,26,72,52,31,46,46,37,10,70,70,70,70,70,70,49,15,35,0,0],"gold":461,"neow_bonus":"TEN_PERCENT_HP_BONUS","is_daily":false,"chose_seed":false,"campfire_upgraded":2,"win_rate":0.0,"timestamp":1611678078,"path_taken":["M","M","?","M","M","M","E","?","T","M","$","R","E","?","R","BOSS","M","M","?","M","$","M","M","R","T","?","R","NM","AVR","?","R","BOSS","M","?","$","?","M","E","?","?","T","?","R","?","M","M","R","BOSS"],"items_purchased_type":["Potion","Card","Card"],"build_version":"2020-12-22","purchased_purges":4,"victory":false,"max_hp_per_floor":[82,82,82,82,82,82,82,82,82,82,82,82,82,82,82,82,82,80,80,80,78,78,76,76,76,76,76,76,74,74,74,74,72,72,70,70,70,70,70,70,70,70,70,70,70,70,70,68,68,66,66],"card_choices":[{"not_picked":["theextravagant:PerfectTheBasics","theextravagant:Precaution","theextravagant:Twitch"],"picked":"SKIP","floor":1},{"not_picked":["theextravagant:GlyphOfSight","theextravagant:Glamour"],"picked":"theextravagant:HeavyBlows","floor":2},{"not_picked":["theextravagant:PerfectTheBasics","theextravagant:Riot"],"picked":"theextravagant:TreasureHunt","floor":3},{"not_picked":["theextravagant:Vintage","theextravagant:ArtisticDisplay"],"picked":"theextravagant:RustyBuckler","floor":4},{"not_picked":["theextravagant:PerfectTheBasics","theextravagant:Twitch","theextravagant:GarbageCannon"],"picked":"SKIP","floor":5},{"not_picked":["theextravagant:HeavyBlows","theextravagant:GlyphOfSight"],"picked":"theextravagant:Swirl","floor":6},{"not_picked":["theextravagant:Impulse","theextravagant:StepBack"],"picked":"theextravagant:TreasureHunt","floor":7},{"not_picked":["ReplayTheSpireMod:??????????????????????","ReplayTheSpireMod:Haul"],"picked":"infinitespire:Starlight","floor":8},{"not_picked":["theextravagant:PuffUp","theextravagant:SharpTalons"],"picked":"theextravagant:Razor","floor":10},{"not_picked":["theextravagant:Flashback","theextravagant:Drift"],"picked":"theextravagant:Pushthrough","floor":13},{"not_picked":["Jack Of All Trades+1","Trip+1"],"picked":"Reforge+1","floor":16},{"not_picked":["theextravagant:DAMNATION","theextravagant:RiskyStrike"],"picked":"theextravagant:TwilightTone","floor":16},{"not_picked":["Thinking Ahead+1","ReplayTheSpireMod:Trickstab+1","Sadistic Nature+1"],"picked":"Mind Blast+1","floor":18},{"not_picked":["Bane","Dagger Throw+1","Underhanded Strike"],"picked":"Dagger Spray","floor":18},{"not_picked":["ReplayTheSpireMod:Necrogeddon","Forethought+1","Assess+1"],"picked":"Madness+1","floor":19},{"not_picked":["Acrobatics","theextravagant:PerfectTheBasics+1","theextravagant:HeavyBlows"],"picked":"Dodge and Roll","floor":19},{"not_picked":["theextravagant:StepBack","Deadly Poison","Acrobatics"],"picked":"theextravagant:ShootingStar","floor":21},{"not_picked":["PiercingWail+1","Phantasmal Killer","Slice+1"],"picked":"theextravagant:Pushthrough+1","floor":23},{"not_picked":["Concentrate","theextravagant:Pushthrough","Tactician+1"],"picked":"ReplayTheSpireMod:The Works+1","floor":24},{"not_picked":["Tools of the Trade","Flechettes","theextravagant:Flashback"],"picked":"Flying Knee+1","floor":29},{"not_picked":["aspiration:Lunge","theextravagant:DAMNATION","Doppelganger"],"picked":"theextravagant:Redemption","floor":33},{"not_picked":["Cloak And Dagger+1","Slice","theextravagant:Foil+1"],"picked":"ReplayTheSpireMod:Tripwire","floor":35},{"not_picked":["theextravagant:ZeroHero+1","Dagger Throw","theextravagant:StepBack"],"picked":"theextravagant:GustOfWind+1","floor":39},{"not_picked":["theextravagant:Shake+1","theextravagant:Meditation+1","theextravagant:Tension"],"picked":"Quick Slash","floor":40},{"not_picked":["theextravagant:HeavyBlows","Escape Plan","Corpse Explosion"],"picked":"Replay:Poison Smokescreen+1","floor":42},{"not_picked":["Sucker Punch","Underhanded Strike+1","hubris:SlightOfHand+1"],"picked":"theextravagant:Aggression+1","floor":46},{"not_picked":["theextravagant:Courage","Deadly Poison","Cloak And Dagger"],"picked":"theextravagant:GlyphOfTime","floor":47},{"not_picked":["Slice","Underhanded Strike","theextravagant:Flashback"],"picked":"theextravagant:Twostep+1","floor":48},{"not_picked":["theextravagant:RiskyStrike","Endless Agony","Bane"],"picked":"Sucker Punch","floor":49}],"player_experience":323399,"relics_obtained":[{"floor":7,"key":"Replay:Bandana"},{"floor":9,"key":"Mummified Hand"},{"floor":13,"key":"CCEMRelics:FestiveHat"},{"floor":29,"key":"CCEMRelics:GlassOfMilk"},{"floor":36,"key":"Pocketwatch"},{"floor":40,"key":"Replay:Baseball"},{"floor":43,"key":"CCEMRelics:FakeTeeth"},{"floor":44,"key":"reliquary:JackalopeAntler"},{"floor":46,"key":"Dream Catcher"}],"event_choices":[{"damage_healed":0,"gold_gain":0,"player_choice":"Damaged","damage_taken":8,"max_hp_gain":0,"max_hp_loss":0,"event_name":"Wheel of Change","floor":14,"gold_loss":0},{"damage_healed":0,"gold_gain":0,"player_choice":"Obtained Relic","damage_taken":0,"relics_obtained":["MealTicket"],"max_hp_gain":0,"max_hp_loss":0,"event_name":"Addict","floor":20,"gold_loss":85},{"damage_healed":0,"gold_gain":0,"player_choice":"Fight","damage_taken":0,"max_hp_gain":0,"max_hp_loss":0,"event_name":"MindBloom","floor":36,"gold_loss":0},{"damage_healed":0,"gold_gain":0,"player_choice":"Invest 2","damage_taken":0,"max_hp_gain":0,"max_hp_loss":0,"event_name":"conspire:Investor","floor":38,"gold_loss":0},{"damage_healed":60,"gold_gain":0,"player_choice":"Full Heal","damage_taken":0,"max_hp_gain":0,"max_hp_loss":0,"event_name":"Wheel of Change","floor":41,"gold_loss":0}],"is_beta":false,"boss_relics":[{"not_picked":["infinitespire:Cupcake","hubris:CrackedHourglass"],"picked":"aspiration:SilentSkillbook"},{"not_picked":["SacredBark","Black Star"],"picked":"reliquary:WritOfMandamus"}],"items_purged_floors":[11,22,30,37],"is_endless":false,"potions_floor_spawned":[4,5,13,23,24,29,35,36,40,47,48],"killed_by":"infinitespire:MassOfShapes","ascension_level":0}}