{"host":"58njlu7hme3ojrlz","time":1611696949,"event":{"mods":["Act Like it!","Arknights The Spire","BaseMod","Block Reminder","Colored Map","Colored Powertips","DeckTracker","Gensokyo","Hallownest","Highlight Path","Marisa????????","Minty Spire (QoL Compilation)","Relic Sorter","StSLib","The Alterego","The Bug Knight","The Servant 0.9.4","The Wild Card"],"gold_per_floor":[116,0,0,14,14,14,14,48,48,65,65,78,208,223,223,327,327,341,360,379,379,379],"floor_reached":21,"language":"ENG","playtime":2032,"items_purged":[],"score":206,"play_id":"7f7c7016-0a03-493d-b25f-3b87bfaa2a26","local_time":"20210127043549","is_ascension_mode":false,"campfire_choices":[{"data":"alterego_mod:Impale","floor":6,"key":"SMITH"},{"data":"alterego_mod:Cushion","floor":11,"key":"SMITH"},{"floor":15,"key":"REST"}],"circlet_count":0,"master_deck":["alterego_mod:Impale+1","alterego_mod:BigMeatyClaws","alterego_mod:BrynhildrsRune","alterego_mod:TrashNCrash","alterego_mod:Bounce","alterego_mod:BreastValley","alterego_mod:Cushion+1","alterego_mod:Weigh","alterego_mod:Cycle","alterego_mod:Bounce","alterego_mod:Pet","alterego_mod:Alter","alterego_mod:Bunnysuit","alterego_mod:Pet","alterego_mod:BiFurious","alterego_mod:Tantrum","alterego_mod:PerceptionDisorder","alterego_mod:MagicResistance","alterego_mod:PainIsPleasure","alterego_mod:Complex","alterego_mod:Crossover","alterego_mod:RidiculouslyBig+1","alterego_mod:TrashNCrash"],"relics":["alterego_mod:MasochisticConstitution","Hallownest:DreamNailRelic","Oddly Smooth Stone","Darkstone Periapt","Pandora\u0027s Box"],"acts_visited":["Exordium","Hallownest:Greenpath"],"potions_floor_usage":[10,16,16],"damage_taken":[{"damage":6,"enemies":"Hallownest:monsterHuskWarrior","floor":1,"turns":3},{"damage":6,"enemies":"2_ Uuma","floor":4,"turns":4},{"damage":27,"enemies":"Hallownest:eliteCrystalGuardian","floor":8,"turns":5},{"damage":3,"enemies":"Hallownest:monsterHuskGuard","floor":10,"turns":3},{"damage":0,"enemies":"Hallownest:monsterFoolEater","floor":12,"turns":4},{"damage":18,"enemies":"Hallownest:1_Ooma_and_2_Uuma","floor":14,"turns":5},{"damage":34,"enemies":"Hallownest:BossFalseKnight","floor":16,"turns":8},{"damage":5,"enemies":"Gensokyo:AngelMirror","floor":18,"turns":2},{"damage":39,"enemies":"Gensokyo:3_Dogs","floor":19,"turns":8},{"damage":15,"enemies":"Gensokyo:Wraith","floor":20,"turns":6},{"damage":37,"enemies":"Gensokyo:3_Gloops","floor":21,"turns":4}],"seed_played":"3029885953572121656","potions_obtained":[{"floor":8,"key":"PowerPotion"},{"floor":10,"key":"Swift Potion"},{"floor":14,"key":"DistilledChaos"},{"floor":19,"key":"PowerPotion"}],"is_trial":false,"path_per_floor":["M","$","?","M","$","R","?","E","T","M","R","M","?","M","R","B",null,"M","M","M","M"],"character_chosen":"The_Alterego","items_purchased":["alterego_mod:Bounce","alterego_mod:BreastValley"],"campfire_rested":1,"item_purchase_floors":[2,2],"current_hp_per_floor":[72,72,72,67,67,67,67,41,41,39,39,39,39,29,53,20,83,79,48,34,0,0],"gold":379,"neow_bonus":"TEN_PERCENT_HP_BONUS","is_daily":false,"chose_seed":false,"campfire_upgraded":2,"win_rate":0.0,"timestamp":1611696949,"path_taken":["M","$","?","M","?","R","?","E","T","M","R","M","?","M","R","BOSS","M","M","M","M"],"items_purchased_type":["Card","Card"],"build_version":"2020-12-22","purchased_purges":0,"victory":false,"max_hp_per_floor":[78,78,78,79,79,79,79,80,80,81,81,81,81,82,82,83,83,84,85,86,86,86],"card_choices":[{"not_picked":["alterego_mod:Skirt","alterego_mod:MagicResistance"],"picked":"alterego_mod:TrashNCrash","floor":1},{"not_picked":["alterego_mod:MagicResistance","alterego_mod:1TonWallop"],"picked":"alterego_mod:Cushion","floor":4},{"not_picked":["alterego_mod:Support","alterego_mod:MaintainEyeContact"],"picked":"alterego_mod:Weigh","floor":8},{"not_picked":["alterego_mod:Punishment","alterego_mod:HighServant"],"picked":"alterego_mod:Cycle","floor":10},{"not_picked":["alterego_mod:TrashNCrash","alterego_mod:Punishment"],"picked":"alterego_mod:Bounce","floor":12},{"not_picked":["alterego_mod:Maid","alterego_mod:RidiculouslyBig"],"picked":"alterego_mod:Pet","floor":14},{"not_picked":["alterego_mod:Tantrum","alterego_mod:RingBreak"],"picked":"alterego_mod:Alter","floor":16},{"not_picked":["alterego_mod:1TonWallop+1","alterego_mod:BustOut"],"picked":"alterego_mod:Crossover","floor":18},{"not_picked":["alterego_mod:Bunnysuit","alterego_mod:BiFurious"],"picked":"alterego_mod:RidiculouslyBig+1","floor":19},{"not_picked":["alterego_mod:Complex","alterego_mod:Cooking"],"picked":"alterego_mod:TrashNCrash","floor":20}],"player_experience":102457,"relics_obtained":[{"floor":8,"key":"Oddly Smooth Stone"},{"floor":9,"key":"Darkstone Periapt"}],"event_choices":[],"is_beta":false,"boss_relics":[{"not_picked":["Ectoplasm","Coffee Dripper"],"picked":"Pandora\u0027s Box"}],"items_purged_floors":[],"is_endless":false,"potions_floor_spawned":[8,10,14,19],"killed_by":"Gensokyo:3_Gloops","ascension_level":0}}