{"host":"7iv10lxbxedtd0qh","time":1611702355,"event":{"mods":["BaseMod","Colored Map","Colored Powertips","Downfall","Minty Spire (QoL Compilation)","StSLib"],"gold_per_floor":[99,115,215,232,252,252,252,267,67,67,95,95,95,130,142,247,247,247,265,265,62,74,74,74,93,126,139,157,177,177,190,206,311,311,311,322,322,339,58,71,71,88,88,4,23,52,52,87,102,102,102,102],"floor_reached":50,"language":"ENG","playtime":3060,"items_purged":["bronze:Strike","bronze:Strike"],"score":642,"play_id":"bfb61d15-86f8-40ef-9a59-d684486aeced","local_time":"20210127000555","is_ascension_mode":true,"campfire_choices":[{"data":"bronze:AlphaBuild","floor":1.0,"key":"SMITH"},{"floor":6.0,"key":"RECALL"},{"data":"bronze:Constructor","floor":9.0,"key":"SMITH"},{"data":"bronze:Goto","floor":12.0,"key":"SMITH"},{"data":"bronze:CleanCode","floor":18.0,"key":"SMITH"},{"data":"bronze:ClassDefault","floor":23.0,"key":"SMITH"},{"data":"bronze:BitShift","floor":30.0,"key":"SMITH"},{"data":"bronze:BitShift","floor":35.0,"key":"SMITH"},{"data":"bronze:Repulsor","floor":47,"key":"SMITH"}],"circlet_count":0,"master_deck":["bronze:Defend","bronze:Defend","bronze:Defend","bronze:Defend","bronze:Goto+1","bronze:AlphaBuild+1","bronze:Constructor+1","bronze:WhirlingStrike","bronze:Deprecate","bronze:BitShift+1","bronze:DazingPulse","bronze:BitShift+1","bronze:DelayedGuard","bronze:Break","bronze:Invalidate+1","bronze:CleanCode+1","bronze:OilSpill+1","bronze:Backtrace","bronze:Frontload+1","bronze:Terminator+1","bronze:Repulsor+1","bronze:Terminator+1","bronze:ClassDefault+1","bronze:WhirlingStrike+1","bronze:Shell+1","bronze:OilSpill+1","bronze:DelayedGuard+1","bronze:Overload+1","bronze:Philosophize+1","bronze:BurnOut","bronze:BitShift+1","bronze:OilSpill+1","bronze:Repair+1","bronze:DelayedGuard+1","bronze:Verify","bronze:BugBarrage+1","bronze:Constructor+1","bronze:AlphaBuild+1","bronze:Repulsor+1","bronze:Repulsor+1","bronze:ClassDefault","Parasite","bronze:MaxOutput+1"],"relics":["bronze:BronzeCore","downfall:HeartBlessingRed","downfall:HeartBlessingBlue","Orichalcum","Toxic Egg 2","Mummified Hand","Coffee Dripper","White Beast Statue","Letter Opener","Runic Dome","Membership Card","Molten Egg 2","Dead Branch","Bag of Preparation"],"acts_visited":["Exordium","TheCity","TheBeyond"],"potions_floor_usage":[38,42,46,48,50,50],"damage_taken":[{"damage":1.0,"enemies":"Jaw Worm","floor":2.0,"turns":3.0},{"damage":10.0,"enemies":"Cultist","floor":4.0,"turns":4.0},{"damage":0.0,"enemies":"Small Slimes","floor":5.0,"turns":2.0},{"damage":0.0,"enemies":"3 Louse","floor":8.0,"turns":1.0},{"damage":0.0,"enemies":"3 Louse","floor":10.0,"turns":2.0},{"damage":14.0,"enemies":"Gremlin Nob","floor":11.0,"turns":5.0},{"damage":7.0,"enemies":"3 Sentries","floor":14.0,"turns":8.0},{"damage":7.0,"enemies":"Large Slime","floor":15.0,"turns":2.0},{"damage":27.0,"enemies":"DF_ARCHETYPE_STREAMLINE","floor":16.0,"turns":13.0},{"damage":4.0,"enemies":"Shell Parasite","floor":19.0,"turns":5.0},{"damage":0.0,"enemies":"downfall:FleeingMerchant","floor":21.0,"turns":4.0},{"damage":0.0,"enemies":"Spheric Guardian","floor":22.0,"turns":3.0},{"damage":16.0,"enemies":"Snake Plant","floor":25.0,"turns":3.0},{"damage":9.0,"enemies":"Gremlin Leader","floor":26.0,"turns":4.0},{"damage":8.0,"enemies":"Centurion and Healer","floor":27.0,"turns":5.0},{"damage":0.0,"enemies":"Sentry and Sphere","floor":28.0,"turns":4.0},{"damage":0.0,"enemies":"3 Cultists","floor":29.0,"turns":4.0},{"damage":4.0,"enemies":"Cultist and Chosen","floor":31.0,"turns":5.0},{"damage":0.0,"enemies":"Sentry and Sphere","floor":32.0,"turns":2.0},{"damage":2.0,"enemies":"WA_ARCHETYPE_CALM","floor":33.0,"turns":5.0},{"damage":5.0,"enemies":"Orb Walker","floor":36.0,"turns":2.0},{"damage":22,"enemies":"3 Darklings","floor":38,"turns":6},{"damage":9,"enemies":"downfall:FleeingMerchant","floor":39,"turns":4},{"damage":18,"enemies":"Jaw Worm Horde","floor":40,"turns":5},{"damage":22,"enemies":"Spire Growth","floor":42,"turns":4},{"damage":14,"enemies":"downfall:FleeingMerchant","floor":44,"turns":4},{"damage":10,"enemies":"3 Darklings","floor":45,"turns":5},{"damage":0,"enemies":"Giant Head","floor":46,"turns":9},{"damage":0,"enemies":"Nemesis","floor":48,"turns":6},{"damage":5,"enemies":"Writhing Mass","floor":49,"turns":9},{"damage":82,"enemies":"IC_BLOCK_ARCHETYPE","floor":50,"turns":4}],"seed_played":"1006415626916558447","potions_obtained":[{"floor":4.0,"key":"ColorlessPotion"},{"floor":8.0,"key":"GamblersBrew"},{"floor":14.0,"key":"Ancient Potion"},{"floor":25.0,"key":"GamblersBrew"},{"floor":26.0,"key":"Guardian:BlockOnCardUsePotion"},{"floor":28.0,"key":"Regen Potion"},{"floor":29.0,"key":"Regen Potion"},{"floor":31.0,"key":"Guardian:BlockOnCardUsePotion"},{"floor":32.0,"key":"LiquidBronze"},{"floor":37.0,"key":"Guardian:BlockOnCardUsePotion"},{"floor":38,"key":"LiquidBronze"},{"floor":42,"key":"bronze:FreeFunctionsPotion"},{"floor":46,"key":"ColorlessPotion"},{"floor":48,"key":"PowerPotion"}],"is_trial":false,"path_per_floor":["R","M","?","M","M","R","T","M","R","?","E","R","?","E","M","B",null,"R","M","?","$","M","R","T","M","E","M","M","M","R","M","M","B",null,"R","M","?","M","$","M","T","M","?","$","M","E","R","E","M","B"],"character_chosen":"THE_AUTOMATON","items_purchased":["bronze:Repulsor","bronze:Terminator+1","Membership Card","bronze:Repair+1","bronze:DelayedGuard+1","bronze:AlphaBuild+1"],"campfire_rested":0,"item_purchase_floors":[21,21,39,39,39,44],"current_hp_per_floor":[63,62,62,52,52,52,52,52,62,62,48,48,45,38,31,4,73,73,69,69,69,69,69,69,53,44,36,36,36,36,72,72,70,73,73,68,68,46,37,29,29,37,37,23,34,64,64,64,59,0,0,0],"gold":102,"neow_bonus":"THREE_RARE_CARDS","is_daily":false,"chose_seed":false,"campfire_upgraded":8,"win_rate":0.0,"timestamp":1611702355,"path_taken":["R","M","?","M","?","R","T","M","R","?","E","R","?","E","M","BOSS","R","M","?","$","M","R","T","M","E","M","M","M","R","M","M","BOSS","R","M","?","?","$","M","T","M","?","$","M","E","R","E","M","BOSS"],"items_purchased_type":["Card","Card","Relic","Card","Card","Card"],"build_version":"2020-12-22","purchased_purges":2,"victory":false,"max_hp_per_floor":[63,63,63,63,63,63,63,63,73,73,73,73,73,73,73,73,73,73,73,73,73,73,73,73,73,73,73,73,73,73,73,73,73,73,73,73,73,73,73,73,73,73,73,73,73,73,73,73,73,73,73,73],"card_choices":[{"not_picked":["bronze:ShipIt","bronze:FindAndReplace"],"picked":"bronze:AlphaBuild","floor":0.0},{"not_picked":["bronze:DelayedGuard","bronze:Frontload"],"picked":"bronze:Constructor","floor":2.0},{"not_picked":["bronze:Overload","bronze:ChildClass"],"picked":"bronze:WhirlingStrike","floor":4.0},{"not_picked":["bronze:Frontload","bronze:BugBarrage"],"picked":"bronze:Deprecate","floor":5.0},{"not_picked":["bronze:Frontload","bronze:Shield"],"picked":"bronze:BitShift","floor":8.0},{"not_picked":[],"picked":"bronze:DazingPulse","floor":10.0},{"not_picked":["bronze:Frontload","bronze:BugBarrage"],"picked":"bronze:BitShift","floor":10.0},{"not_picked":["bronze:Branch","bronze:DigitalCarnage"],"picked":"bronze:DelayedGuard","floor":11.0},{"not_picked":["bronze:BuggyMess+1","bronze:WildBeam"],"picked":"bronze:Break","floor":14.0},{"not_picked":["bronze:Iterate","bronze:WhirlingStrike"],"picked":"bronze:Invalidate+1","floor":15.0},{"not_picked":["bronze:Break","bronze:HardenedForm"],"picked":"bronze:CleanCode","floor":16.0},{"not_picked":["bronze:OilSpill+1","bronze:Frontload+1","bronze:BuggyMess+1"],"picked":"SKIP","floor":19.0},{"not_picked":["bronze:Frontload+1","bronze:BuggyMess+1"],"picked":"bronze:OilSpill+1","floor":19.0},{"not_picked":["bronze:HyperBeam","bronze:ChosenStrike"],"picked":"bronze:Terminator+1","floor":21.0},{"not_picked":["bronze:Shell+1","bronze:InfiniteBeams"],"picked":"bronze:ClassDefault","floor":22.0},{"not_picked":["bronze:ChildClass+1","bronze:GetLatest+1"],"picked":"bronze:WhirlingStrike+1","floor":25.0},{"not_picked":["bronze:Deprecate+1","bronze:Refactor+1"],"picked":"bronze:Shell+1","floor":26.0},{"not_picked":["bronze:BitShift+1","bronze:FineTuning+1"],"picked":"bronze:OilSpill+1","floor":27.0},{"not_picked":["bronze:DelayedSlice+1","bronze:Invalidate+1"],"picked":"bronze:DelayedGuard+1","floor":28.0},{"not_picked":["bronze:Shield+1","bronze:Separator"],"picked":"bronze:Overload+1","floor":29.0},{"not_picked":["bronze:Deprecate+1","bronze:GetLatest+1","bronze:Flail"],"picked":"SKIP","floor":31.0},{"not_picked":["bronze:WhirlingStrike","bronze:Safeguard+1"],"picked":"bronze:Philosophize+1","floor":32.0},{"not_picked":["bronze:CleanCode","bronze:InfiniteLoop"],"picked":"bronze:BurnOut","floor":33.0},{"not_picked":["bronze:Separator","bronze:Overheat"],"picked":"bronze:BitShift+1","floor":36.0},{"not_picked":["bronze:Deprecate+1","bronze:ItsAFeature+1"],"picked":"bronze:OilSpill+1","floor":38},{"not_picked":["bronze:ForceShield+1","bronze:FollowUp","bronze:ChosenStrike+1"],"picked":"SKIP","floor":39},{"not_picked":["bronze:Invalidate+1","bronze:OilSpill+1"],"picked":"bronze:Verify","floor":40},{"not_picked":["bronze:NullPointer+1","bronze:Shield+1"],"picked":"bronze:BugBarrage+1","floor":42},{"not_picked":["bronze:Separator+1","bronze:WhirlingStrike+1"],"picked":"bronze:Constructor+1","floor":44},{"not_picked":["bronze:NullPointer+1","bronze:BuggyMess+1"],"picked":"bronze:Repulsor+1","floor":45},{"not_picked":["bronze:Break+1","bronze:Overheat+1"],"picked":"bronze:Repulsor+1","floor":46},{"not_picked":["bronze:WildBeam+1","bronze:Overheat+1"],"picked":"bronze:ClassDefault","floor":48},{"not_picked":["bronze:DelayedSlice+1","bronze:Deprecate+1"],"picked":"bronze:MaxOutput+1","floor":49}],"player_experience":720165,"relics_obtained":[{"floor":11.0,"key":"Orichalcum"},{"floor":14.0,"key":"Mummified Hand"},{"floor":24.0,"key":"White Beast Statue"},{"floor":26.0,"key":"Letter Opener"},{"floor":41,"key":"Molten Egg 2"},{"floor":46,"key":"Dead Branch"},{"floor":48,"key":"Bag of Preparation"}],"event_choices":[{"damage_healed":0.0,"max_hp_gain":0.0,"max_hp_loss":0.0,"gold_gain":0.0,"event_name":"Scrap Ooze","player_choice":"Success","floor":13.0,"gold_loss":0.0,"damage_taken":3.0,"relics_obtained":["Toxic Egg 2"]},{"damage_healed":0.0,"max_hp_gain":0.0,"max_hp_loss":0.0,"gold_gain":0.0,"cards_transformed":["bronze:Strike","bronze:Strike"],"event_name":"Drug Dealer","player_choice":"Became Test Subject","floor":20.0,"gold_loss":0.0,"damage_taken":0.0,"cards_obtained":["bronze:Backtrace","bronze:Frontload"]},{"damage_healed":0.0,"max_hp_gain":0.0,"max_hp_loss":0.0,"gold_gain":0.0,"event_name":"Lab","player_choice":"Got Potions","floor":37.0,"gold_loss":0.0,"damage_taken":0.0},{"cards_removed":["bronze:Replicate"],"damage_healed":0,"gold_gain":0,"player_choice":"Removed Attack","damage_taken":0,"max_hp_gain":0,"max_hp_loss":0,"event_name":"Falling","floor":43,"gold_loss":0}],"is_beta":false,"boss_relics":[{"not_picked":["Fusion Hammer","Snecko Eye"],"picked":"Coffee Dripper"},{"not_picked":["Runic Pyramid","SacredBark"],"picked":"Runic Dome"}],"items_purged_floors":[21,39],"is_endless":false,"potions_floor_spawned":[4,8,14,25,26,27,28,29,31,32,33,36,38,39,40,42,44,45,46,48,49],"killed_by":"IC_BLOCK_ARCHETYPE","ascension_level":1}}