{"host":"p9t7qd83igtcp2bh","time":1611648790,"event":{"mods":["2.2 Compatiblity","AchievementEnabler","BaseMod","Colored Map","Colored Powertips","Custom Start","DeckTracker","Keyboard Shortcuts","Minty Spire (QoL Compilation)","Permanent Neow","StSLib","SuperFastMode","everything is the same but u backflip on backflip"],"gold_per_floor":[113,130,55,72,85,85,114,114,169,179,17,17,37,37,37,115,115,133,0,20,20,20],"floor_reached":21,"language":"KOR","playtime":459,"items_purged":[],"score":362,"play_id":"a9ec722a-4d7c-46ba-9a8f-24973fc6b546","local_time":"20210126171310","is_ascension_mode":true,"campfire_choices":[{"floor":6,"key":"REST"},{"floor":8,"key":"REST"},{"floor":15,"key":"REST"}],"circlet_count":0,"master_deck":["AscendersBane","Strike_B","Strike_B","Strike_B","Defend_B","Defend_B","Defend_B","Zap","Dualcast","Beam Cell","Chill","Conserve Battery","Rip and Tear","Streamline","Heatsinks","Self Repair","Doom and Gloom","Hologram","Electrodynamics","Skim","Cold Snap"],"relics":["Fusion Hammer","Cables","Happy Flower","Snecko Eye"],"acts_visited":["Exordium","TheCity"],"potions_floor_usage":[10,16,16,16,16,20],"damage_taken":[{"damage":7,"enemies":"2 Louse","floor":1,"turns":2},{"damage":7,"enemies":"Jaw Worm","floor":2,"turns":3},{"damage":0,"enemies":"Cultist","floor":4,"turns":3},{"damage":32,"enemies":"Gremlin Gang","floor":5,"turns":7},{"damage":31,"enemies":"3 Sentries","floor":7,"turns":10},{"damage":0,"enemies":"2 Fungi Beasts","floor":10,"turns":3},{"damage":0,"enemies":"Large Slime","floor":13,"turns":5},{"damage":31,"enemies":"Slime Boss","floor":16,"turns":5},{"damage":39,"enemies":"Shell Parasite","floor":18,"turns":4},{"damage":24,"enemies":"2 Thieves","floor":20,"turns":3},{"damage":23,"enemies":"Snake Plant","floor":21,"turns":3}],"seed_played":"-1109452492885268004","potions_obtained":[{"floor":5,"key":"GamblersBrew"},{"floor":7,"key":"EntropicBrew"},{"floor":10,"key":"ColorlessPotion"},{"floor":20,"key":"DuplicationPotion"}],"is_trial":false,"path_per_floor":["M","M","?","M","M","R","E","R","T","M","$","?","M","?","R","B",null,"M","$","M","M"],"character_chosen":"DEFECT","items_purchased":["Self Repair","Doom and Gloom","Regen Potion","FocusPotion"],"campfire_rested":3,"item_purchase_floors":[11,11,19,19],"current_hp_per_floor":[57,50,50,50,18,39,8,29,29,29,29,22,29,34,56,32,65,26,26,18,0,0],"gold":20,"neow_bonus":"BOSS_RELIC","is_daily":false,"chose_seed":false,"campfire_upgraded":0,"win_rate":0.0,"timestamp":1611648790,"path_taken":["M","M","?","M","M","R","E","R","T","M","$","?","M","?","R","BOSS","M","$","M","M"],"items_purchased_type":["Card","Card","Potion","Potion"],"build_version":"2020-12-22","purchased_purges":0,"victory":false,"max_hp_per_floor":[71,71,71,71,71,71,71,71,71,71,71,71,71,76,76,76,76,76,76,76,76,76],"card_choices":[{"not_picked":["Go for the Eyes","Steam"],"picked":"Beam Cell","floor":1},{"not_picked":["Reprogram","Fusion"],"picked":"Chill","floor":2},{"not_picked":["Reinforced Body","Steam Power"],"picked":"Conserve Battery","floor":4},{"not_picked":["Heatsinks","Stack"],"picked":"Rip and Tear","floor":5},{"not_picked":["Sweeping Beam","Leap"],"picked":"Streamline","floor":7},{"not_picked":["Leap","Coolheaded"],"picked":"Heatsinks","floor":10},{"not_picked":["Coolheaded","Leap"],"picked":"Hologram","floor":13},{"not_picked":["Biased Cognition","Creative AI"],"picked":"Electrodynamics","floor":16},{"not_picked":["Leap","Chaos"],"picked":"Skim","floor":18},{"not_picked":["Redo","Cold Snap","Lockon"],"picked":"SKIP","floor":20},{"not_picked":["Redo","Lockon"],"picked":"Cold Snap","floor":20}],"player_experience":682164,"relics_obtained":[{"floor":7,"key":"Cables"},{"floor":9,"key":"Happy Flower"}],"event_choices":[{"cards_removed":["Defend_B"],"damage_healed":0,"gold_gain":0,"player_choice":"Card Removal","damage_taken":0,"max_hp_gain":0,"max_hp_loss":0,"event_name":"The Cleric","floor":3,"gold_loss":75},{"cards_removed":["Strike_B"],"damage_healed":0,"gold_gain":0,"player_choice":"Card Removal","damage_taken":7,"max_hp_gain":0,"max_hp_loss":0,"event_name":"Golden Wing","floor":12,"gold_loss":0},{"damage_healed":0,"gold_gain":0,"player_choice":"Donut","damage_taken":0,"max_hp_gain":5,"max_hp_loss":0,"event_name":"Big Fish","floor":14,"gold_loss":0}],"is_beta":false,"boss_relics":[{"not_picked":["Tiny House","Ectoplasm"],"picked":"Snecko Eye"}],"items_purged_floors":[],"is_endless":false,"potions_floor_spawned":[5,7,10,13,20],"killed_by":"Snake Plant","ascension_level":20}}