{"host":"pesfwaef25r60kxm","time":1611643528,"event":{"mods":["Arknights The Spire","BaseMod","Colored Powertips","Hunter ÁÔÈË","Minty Spire (QoL Compilation)","Replay The Spire","RumiaBox-Â¶Ã×æ«µÄÉñÃØºÐ×Ó","Spicy Shops","StSLib","The Cursed","[IsaacMod]ÒÔÈö¼âËþ","noobMod","¡¾ÒÅÎï¿¨ÅÆ¡¿REMEMod"],"gold_per_floor":[112,112,124,299,316,344,344,377,377,377,387,405,405,424,424,520,520,539,358,373,389,439,439,469,485,485,516,516,535,535,548,548,653,653,672,692,705,755,755,755,782,782,782,782,797,797,824,547,547,547,547,547,270,297,297],"floor_reached":56,"language":"ZHS","playtime":1667,"items_purged":["Strike_B","Strike_B","Doubt"],"score":1014,"play_id":"c4eecc54-ff0e-47b9-8ddf-9ebe821b7c8a","local_time":"20210126144528","is_ascension_mode":true,"campfire_choices":[{"data":"Zap","floor":7,"key":"SMITH"},{"data":"Coolheaded","floor":10,"key":"SMITH"},{"data":"Ball Lightning","floor":13,"key":"SMITH"},{"data":"A Thousand Cuts","floor":15,"key":"SMITH"},{"data":"ElectricPowerLearning","floor":23,"key":"SMITH"},{"floor":32,"key":"RECALL"},{"data":"Machine Learning","floor":40,"key":"SMITH"},{"data":"Amplify","floor":42,"key":"SMITH"},{"data":"Dualcast","floor":44,"key":"SMITH"},{"data":"Strike_B","floor":49,"key":"PURGE"},{"data":"Apotheosis","floor":52,"key":"SMITH"}],"circlet_count":0,"master_deck":["Strike_B","Defend_B","Defend_B","Defend_B","Defend_B","Zap+1","Dualcast+1","A Thousand Cuts+1","Ball Lightning+1","Coolheaded+1","Static Discharge+1","ElectricPowerLearning+1","Electrodynamics+1","Chaos+1","Ball Lightning","Machine Learning+1","Amplify+1","Apotheosis+1"],"relics":["Cracked Core","HushsDoor","ice","REME_ComplimentaryCards","NeowsBlessing","MoneyPower","AddBug","SecretRecord","SecretRecord","AddBug","SecretRecord","SecretRecord","SecretRecord","SecretRecord","SecretRecord","SecretRecord","SecretRecord"],"acts_visited":["Exordium","TheCity","TheBeyond","TheEnding"],"potions_floor_usage":[1,55,55,55],"damage_taken":[{"damage":0,"enemies":"2 Louse","floor":1,"turns":1},{"damage":0,"enemies":"Jaw Worm","floor":3,"turns":1},{"damage":0,"enemies":"Small Slimes","floor":5,"turns":1},{"damage":9,"enemies":"Replay:BlueRogue","floor":6,"turns":3},{"damage":13,"enemies":"Gremlin Nob","floor":8,"turns":3},{"damage":12,"enemies":"Exordium Wildlife","floor":11,"turns":2},{"damage":16,"enemies":"Gremlin Gang","floor":12,"turns":2},{"damage":8,"enemies":"Red Slaver","floor":14,"turns":2},{"damage":8,"enemies":"The Guardian","floor":16,"turns":5},{"damage":16,"enemies":"Shell Parasite","floor":18,"turns":2},{"damage":10,"enemies":"Spheric Guardian","floor":20,"turns":2},{"damage":10,"enemies":"Cultist and Chosen","floor":21,"turns":3},{"damage":0,"enemies":"Hiden Room Battle","floor":22,"turns":1},{"damage":27,"enemies":"Slavers","floor":24,"turns":2},{"damage":0,"enemies":"Centurion and Healer","floor":25,"turns":2},{"damage":10,"enemies":"Book of Stabbing","floor":27,"turns":2},{"damage":7,"enemies":"Snake Plant","floor":29,"turns":1},{"damage":10,"enemies":"Shelled Parasite and Fungi","floor":31,"turns":2},{"damage":7,"enemies":"Automaton","floor":33,"turns":2},{"damage":15,"enemies":"Orb Walker","floor":35,"turns":2},{"damage":0,"enemies":"3 Shapes","floor":36,"turns":3},{"damage":15,"enemies":"Writhing Mass","floor":37,"turns":2},{"damage":0,"enemies":"Hiden Room Battle","floor":38,"turns":1},{"damage":17,"enemies":"Giant Head","floor":41,"turns":3},{"damage":0,"enemies":"Transient","floor":45,"turns":5},{"damage":25,"enemies":"R_Hoarder","floor":47,"turns":2},{"damage":16,"enemies":"Replay:Hell Engine","floor":50,"turns":4},{"damage":0,"enemies":"Shield and Spear","floor":54,"turns":2},{"damage":168,"enemies":"Delirium","floor":55,"turns":10}],"seed_played":"-369747439038201872","potions_obtained":[{"floor":1,"key":"REME_GoldPotion"},{"floor":5,"key":"Swift Potion"},{"floor":6,"key":"Swift Potion"},{"floor":12,"key":"PotionOfCapacity"},{"floor":16,"key":"Reflective Coating"},{"floor":27,"key":"SkillPotion"},{"floor":35,"key":"SkillPotion"},{"floor":45,"key":"FocusPotion"}],"is_trial":false,"path_per_floor":["M","?","M","?","M","E","R","E","T","R","M","M","R","M","R","B",null,"M","$","M","M","?","R","E","M","T","E","?","M","?","M","R","B",null,"M","M","M","?","?","R","E","R","T","R","M","?","E","$","R","B",null,"R","$","E","B",null],"character_chosen":"DEFECT","items_purchased":["Electrodynamics+1","Apotheosis","REME_OnlineShoppingPlatform"],"campfire_rested":0,"item_purchase_floors":[19,48,53],"current_hp_per_floor":[75,68,68,68,68,59,59,46,46,46,34,18,18,10,10,2,75,59,59,49,39,39,39,12,75,75,65,65,58,58,48,48,41,80,65,65,50,35,35,35,18,18,18,18,85,82,57,57,57,41,87,87,87,87,994],"gold":297,"neow_bonus":"THREE_ENEMY_KILL","is_daily":false,"chose_seed":false,"campfire_upgraded":9,"win_rate":0.0,"timestamp":1611643528,"path_taken":["M","?","M","?","M","E","R","E","T","R","M","M","R","M","R","BOSS","M","$","M","M","?","R","E","?","T","E","?","M","?","M","R","BOSS","M","M","M","?","?","R","E","R","T","R","M","?","E","$","R","BOSS","R","$","E","BOSS"],"items_purchased_type":["Card","Card","Relic"],"build_version":"2020-12-22","purchased_purges":3,"victory":true,"max_hp_per_floor":[75,75,75,75,75,75,75,75,75,75,75,75,75,75,75,75,75,75,75,75,75,75,75,75,75,75,77,77,78,78,79,79,80,80,81,81,82,82,82,82,83,83,83,83,86,82,83,83,83,87,87,87,87,89,1977],"card_choices":[{"not_picked":[],"picked":"ChaosCard","floor":0},{"not_picked":["Go for the Eyes","Pulse","Sweeping Beam"],"picked":"SKIP","floor":1},{"not_picked":["Fan","Compile Driver"],"picked":"Ball Lightning","floor":3},{"not_picked":["Gash","Undo"],"picked":"Bomb","floor":5},{"not_picked":["Consume","ReplayTheSpireMod:Reroute Power","Undo"],"picked":"SKIP","floor":6},{"not_picked":["ReplayTheSpireMod:Reroute Power","Leap"],"picked":"Coolheaded","floor":8},{"not_picked":["Turbo","Auto Shields","Conserve Battery"],"picked":"SKIP","floor":11},{"not_picked":["Barrage","Cold Snap","Hologram"],"picked":"SKIP","floor":12},{"not_picked":["Redo","Self Repair"],"picked":"Static Discharge","floor":14},{"not_picked":["ReplayTheSpireMod:Omega Cannon","Reboot"],"picked":"ElectricPowerLearning","floor":16},{"not_picked":["ReplayTheSpireMod:GoodbyeWorld","REME_DataAnalysis","Scrape"],"picked":"SKIP","floor":18},{"not_picked":["Compile Driver","Lockon"],"picked":"Chaos+1","floor":20},{"not_picked":["BasicCrystalCard","Steam+1","Seek"],"picked":"SKIP","floor":21},{"not_picked":["Darkness","Aggregate","Steam"],"picked":"SKIP","floor":24},{"not_picked":["FTL","REME_Whirling","Rebound"],"picked":"SKIP","floor":25},{"not_picked":["Beam Cell","Stack"],"picked":"Ball Lightning","floor":27},{"not_picked":["Rebound","Crystallizer","Cancel"],"picked":"SKIP","floor":29},{"not_picked":["Cold Snap","Reinforced Body","Leap"],"picked":"SKIP","floor":31},{"not_picked":["Core Surge","Multi-Cast"],"picked":"Machine Learning","floor":33},{"not_picked":["Streamline+1","REME_DataAnalysis","BasicCrystalCard"],"picked":"SKIP","floor":35},{"not_picked":["ReplayTheSpireMod:GoodbyeWorld","Hologram","Redo+1"],"picked":"SKIP","floor":36},{"not_picked":["Barrage","Skim+1","Stack"],"picked":"SKIP","floor":37},{"not_picked":["Steam","Stack+1"],"picked":"Amplify","floor":41},{"not_picked":["Redo","Pulse","Stack+1"],"picked":"SKIP","floor":45},{"not_picked":["ReplayTheSpireMod:Repulse","Turbo","Auto Shields+1"],"picked":"SKIP","floor":47},{"not_picked":["BasicCrystalCard","Cancel","Sweeping Beam+1"],"picked":"SKIP","floor":54}],"player_experience":115162,"relics_obtained":[{"floor":1,"key":"AddBug"},{"floor":6,"key":"Singing Bowl"},{"floor":8,"key":"Replay:Accelerometer"},{"floor":12,"key":"SecretRecord"},{"floor":18,"key":"ice"},{"floor":22,"key":"Bottled Lightning"},{"floor":22,"key":"GuppysPaw"},{"floor":22,"key":"SecretRecord"},{"floor":24,"key":"SecretRecord"},{"floor":24,"key":"SecretRecord"},{"floor":24,"key":"Lantern"},{"floor":26,"key":"Replay:Baseball"},{"floor":27,"key":"MagicDraw3"},{"floor":29,"key":"SecretRecord"},{"floor":37,"key":"SecretRecord"},{"floor":38,"key":"BookofShadows"},{"floor":38,"key":"MealTicket"},{"floor":38,"key":"SecretRecord"},{"floor":41,"key":"Ancient Tea Set"},{"floor":43,"key":"REME_PuzzleBoxRelic"},{"floor":47,"key":"ice"},{"floor":47,"key":"Sundial"},{"floor":54,"key":"SecretRecord"},{"floor":54,"key":"Vajra"}],"event_choices":[{"damage_healed":0,"gold_gain":0,"player_choice":"Success","damage_taken":7,"relics_obtained":["SalivaCoin"],"max_hp_gain":0,"max_hp_loss":0,"event_name":"Scrap Ooze","floor":2,"gold_loss":0},{"damage_healed":0,"gold_gain":175,"player_choice":"AGREE","damage_taken":0,"max_hp_gain":0,"max_hp_loss":0,"event_name":"Liars Game","floor":4,"gold_loss":0,"cards_obtained":["Doubt"]},{"damage_healed":0,"gold_gain":0,"player_choice":"Fight","damage_taken":0,"max_hp_gain":0,"max_hp_loss":0,"event_name":"HidenRoomEvent","floor":22,"gold_loss":0},{"damage_healed":0,"gold_gain":0,"player_choice":"Forge","damage_taken":0,"max_hp_gain":0,"max_hp_loss":0,"event_name":"Accursed Blacksmith","floor":28,"gold_loss":0,"cards_upgraded":["Static Discharge"]},{"damage_healed":0,"gold_gain":0,"player_choice":"Ignored","damage_taken":0,"max_hp_gain":0,"max_hp_loss":0,"event_name":"The Mausoleum","floor":30,"gold_loss":0},{"damage_healed":0,"gold_gain":0,"player_choice":"Fight","damage_taken":0,"max_hp_gain":0,"max_hp_loss":0,"event_name":"HidenRoomEvent","floor":38,"gold_loss":0},{"damage_healed":0,"gold_gain":0,"player_choice":"Ignored","damage_taken":0,"max_hp_gain":0,"max_hp_loss":0,"event_name":"Tomb of Lord Red Mask","floor":39,"gold_loss":0},{"damage_healed":0,"gold_gain":0,"player_choice":"Max HP","damage_taken":0,"max_hp_gain":0,"max_hp_loss":4,"event_name":"Winding Halls","floor":46,"gold_loss":0}],"is_beta":false,"boss_relics":[{"not_picked":["Coffee Dripper","Replay:Wanted Poster"],"picked":"AddBug"},{"not_picked":[]},{"not_picked":["SoulBox","Empty Cage"],"picked":"Inserter"},{"not_picked":[]}],"items_purged_floors":[19,48,53],"is_endless":false,"potions_floor_spawned":[1,5,6,12,16,21,22,24,27,29,35,45,47,54],"ascension_level":1}}