{"host":"lnt5dzsuhru0aonl","time":1611670805,"event":{"mods":["2.2 Compatiblity","BaseMod","Colored Map","Colored Powertips","DeckTracker","Keyboard Shortcuts","Minty Spire (QoL Compilation)","Permanent Neow","Rare Cards Sparkle","StSLib","SuperFastMode","everything is the same but u backflip on backflip"],"gold_per_floor":[109,123,123,9,9,9,23,23,23,63,63,79,39,77,77,171,171,185,185,75,98,98,129,129,129],"floor_reached":24,"language":"KOR","playtime":698,"items_purged":["Strike_B"],"score":444,"play_id":"04447059-013a-43bd-b924-e9e1a723eb96","local_time":"20210126232005","is_ascension_mode":true,"campfire_choices":[{"data":"Ball Lightning","floor":6.0,"key":"SMITH"},{"data":"Glacier","floor":8.0,"key":"SMITH"},{"data":"Dualcast","floor":11.0,"key":"SMITH"},{"data":"Beam Cell","floor":15.0,"key":"SMITH"}],"circlet_count":0,"master_deck":["AscendersBane","Defend_B+1","Zap","Dualcast+1","Ball Lightning+1","Sweeping Beam+1","FTL+1","Glacier+1","Cold Snap","Double Energy","Self Repair","Beam Cell+1","Buffer","Rainbow+1","Compile Driver+1","Tempest+1","Coolheaded","Turbo","Reboot","Auto Shields","Echo Form"],"relics":["Cracked Core","MealTicket","Golden Idol","Juzu Bracelet","Gremlin Horn","Orichalcum","Astrolabe","Nilry\u0027s Codex","Gambling Chip"],"acts_visited":["Exordium","TheCity"],"potions_floor_usage":[24],"damage_taken":[{"damage":1.0,"enemies":"Cultist","floor":1.0,"turns":4.0},{"damage":0.0,"enemies":"2 Louse","floor":2.0,"turns":2.0},{"damage":2.0,"enemies":"Jaw Worm","floor":7.0,"turns":2.0},{"damage":7.0,"enemies":"3 Sentries","floor":10.0,"turns":6.0},{"damage":0.0,"enemies":"Blue Slaver","floor":12.0,"turns":4.0},{"damage":3.0,"enemies":"Lagavulin","floor":14.0,"turns":7.0},{"damage":18.0,"enemies":"Slime Boss","floor":16.0,"turns":9.0},{"damage":11.0,"enemies":"Spheric Guardian","floor":18.0,"turns":4.0},{"damage":6.0,"enemies":"Shell Parasite","floor":21.0,"turns":4.0},{"damage":25.0,"enemies":"Book of Stabbing","floor":23.0,"turns":5.0},{"damage":25,"enemies":"Masked Bandits","floor":24,"turns":3}],"seed_played":"-6174909850442761103","potions_obtained":[{"floor":2.0,"key":"SkillPotion"},{"floor":12.0,"key":"Energy Potion"},{"floor":16.0,"key":"PowerPotion"},{"floor":23.0,"key":"Strength Potion"}],"is_trial":false,"path_per_floor":["M","M","?","$","?","R","M","R","T","E","R","M","$","E","R","B",null,"M","?","?","M","?","E","?"],"character_chosen":"DEFECT","items_purchased":["FTL","Self Repair"],"campfire_rested":0,"item_purchase_floors":[4,13],"current_hp_per_floor":[63,63,63,64,45,45,43,43,43,36,36,36,51,55,55,44,59,55,34,34,35,35,17,0,0],"gold":129,"neow_bonus":"RANDOM_COMMON_RELIC","is_daily":false,"chose_seed":false,"campfire_upgraded":4,"win_rate":0.0,"timestamp":1611670805,"path_taken":["M","M","?","$","?","R","M","R","T","E","R","M","$","E","R","BOSS","M","?","?","M","?","E","?"],"items_purchased_type":["Card","Card"],"build_version":"2020-12-22","purchased_purges":1,"victory":false,"max_hp_per_floor":[71,71,64,64,64,64,64,64,64,64,64,64,64,64,64,64,64,64,64,64,64,64,64,64,64],"card_choices":[{"not_picked":["Compile Driver","Rip and Tear"],"picked":"Ball Lightning","floor":1.0},{"not_picked":["Redo","Hologram"],"picked":"Sweeping Beam","floor":2.0},{"not_picked":["Gash","Steam Power"],"picked":"Glacier","floor":7.0},{"not_picked":["Compile Driver","Ball Lightning"],"picked":"Cold Snap","floor":10.0},{"not_picked":["Barrage","Meteor Strike"],"picked":"Double Energy","floor":12.0},{"not_picked":["White Noise","Leap"],"picked":"Beam Cell","floor":14.0},{"not_picked":["Seek","Biased Cognition"],"picked":"Buffer","floor":16.0},{"not_picked":["Beam Cell","Chill"],"picked":"Coolheaded","floor":18.0},{"not_picked":["Sweeping Beam","Go for the Eyes"],"picked":"Turbo","floor":21.0},{"not_picked":["Rebound","Melter"],"picked":"Echo Form","floor":23.0}],"player_experience":769925,"relics_obtained":[{"floor":9.0,"key":"Juzu Bracelet"},{"floor":10.0,"key":"Gremlin Horn"},{"floor":14.0,"key":"Orichalcum"},{"floor":19.0,"key":"Nilry\u0027s Codex"},{"floor":23.0,"key":"Gambling Chip"}],"event_choices":[{"damage_healed":0.0,"max_hp_gain":0.0,"max_hp_loss":7.0,"gold_gain":0.0,"event_name":"Golden Idol","player_choice":"Lose Max HP","floor":3.0,"gold_loss":0.0,"damage_taken":0.0,"relics_obtained":["Golden Idol"]},{"damage_healed":0.0,"max_hp_gain":0.0,"max_hp_loss":0.0,"gold_gain":0.0,"event_name":"Shining Light","player_choice":"Entered Light","floor":5.0,"gold_loss":0.0,"damage_taken":19.0,"cards_upgraded":["FTL","Sweeping Beam"]},{"damage_healed":0.0,"max_hp_gain":0.0,"max_hp_loss":0.0,"gold_gain":0.0,"event_name":"Cursed Tome","player_choice":"Obtained Book","floor":19.0,"gold_loss":0.0,"damage_taken":21.0},{"cards_removed":["Strike_B"],"damage_healed":0.0,"max_hp_gain":0.0,"max_hp_loss":0.0,"gold_gain":0.0,"event_name":"Designer","player_choice":"Upgrade and Remove","floor":20.0,"gold_loss":110.0,"damage_taken":0.0,"cards_upgraded":["Defend_B"]},{"damage_healed":0.0,"max_hp_gain":0.0,"max_hp_loss":0.0,"gold_gain":0.0,"cards_transformed":["Defend_B","Defend_B"],"event_name":"Drug Dealer","player_choice":"Became Test Subject","floor":22.0,"gold_loss":0.0,"damage_taken":0.0,"cards_obtained":["Reboot","Auto Shields"]},{"damage_healed":0,"gold_gain":0,"player_choice":"Fought Bandits","damage_taken":0,"max_hp_gain":0,"max_hp_loss":0,"event_name":"Masked Bandits","floor":24,"gold_loss":0}],"is_beta":false,"boss_relics":[{"not_picked":["Tiny House","Snecko Eye"],"picked":"Astrolabe"}],"items_purged_floors":[4],"is_endless":false,"potions_floor_spawned":[2,12,16,23],"killed_by":"Masked Bandits","ascension_level":20}}