{"host":"s5i48q09v0un9rqc","time":1611651149,"event":{"mods":["BaseMod","BetterRewards","Highlight Path","Minty Spire (QoL Compilation)","Rare Cards Sparkle","Shop Mod"],"gold_per_floor":[111,129,140,158,173,190,190,219,219,253,263,290,290,310,310,412,412,422,422,441,441,457,484,484,484,484,517,517,550,569,598,598,694,694,713,761,775,607,607,639,639,670,695,695,720,733,761,772,772,772,772,772,27,60,60],"floor_reached":56,"language":"ZHS","playtime":3865,"items_purged":["Strike_R","Strike_R","Strike_R"],"score":1802,"play_id":"caa406fb-d122-452e-a442-644d37f80400","local_time":"20210126165229","is_ascension_mode":true,"campfire_choices":[{"data":"Armaments","floor":7.0,"key":"SMITH"},{"data":"Battle Trance","floor":15.0,"key":"SMITH"},{"floor":25.0,"key":"RECALL"},{"data":"Feel No Pain","floor":32.0,"key":"SMITH"},{"data":"Apotheosis","floor":41.0,"key":"SMITH"},{"data":"Feel No Pain","floor":49,"key":"SMITH"},{"data":"Exhume","floor":52,"key":"SMITH"}],"circlet_count":0,"master_deck":["Defend_R","Defend_R+1","Defend_R+1","Defend_R","Bash+1","Power Through","Feel No Pain+1","Offering+1","Second Wind","Battle Trance+1","Armaments+1","Body Slam+1","Offering+1","Exhume+1","Feel No Pain+1","Evolve+1","Apotheosis+1","Dark Embrace"],"relics":["Burning Blood","Bronze Scales","Membership Card","Bag of Preparation","Unceasing Top","Anchor","Mercury Hourglass","Pear","Lantern","Odd Mushroom","Philosopher\u0027s Stone","The Courier","Happy Flower","Self Forming Clay","Omamori","Calling Bell","Regal Pillow","Paper Frog","StoneCalendar","FossilizedHelix","OrangePellets","Toy Ornithopter","Oddly Smooth Stone","Bird Faced Urn","Blood Vial","PreservedInsect","Strawberry","Bag of Marbles","Lee\u0027s Waffle","Gambling Chip","Whetstone","Pen Nib","Centennial Puzzle","Ornamental Fan","Red Skull","War Paint","Incense Burner"],"acts_visited":["Exordium","TheCity","TheBeyond","TheEnding"],"potions_floor_usage":[55],"damage_taken":[{"damage":1.0,"enemies":"Cultist","floor":1.0,"turns":4.0},{"damage":0.0,"enemies":"2 Louse","floor":2.0,"turns":3.0},{"damage":0.0,"enemies":"Small Slimes","floor":3.0,"turns":3.0},{"damage":6.0,"enemies":"Exordium Thugs","floor":4.0,"turns":5.0},{"damage":16.0,"enemies":"2 Fungi Beasts","floor":5.0,"turns":5.0},{"damage":0.0,"enemies":"Red Slaver","floor":6.0,"turns":5.0},{"damage":6.0,"enemies":"3 Sentries","floor":8.0,"turns":8.0},{"damage":8.0,"enemies":"Lagavulin","floor":10.0,"turns":4.0},{"damage":6.0,"enemies":"Large Slime","floor":11.0,"turns":1.0},{"damage":12.0,"enemies":"The Mushroom Lair","floor":12.0,"turns":2.0},{"damage":12.0,"enemies":"3 Louse","floor":14.0,"turns":2.0},{"damage":30.0,"enemies":"The Guardian","floor":16.0,"turns":7.0},{"damage":12.0,"enemies":"Shell Parasite","floor":18.0,"turns":1.0},{"damage":6.0,"enemies":"Chosen","floor":20.0,"turns":2.0},{"damage":12.0,"enemies":"Centurion and Healer","floor":22.0,"turns":4.0},{"damage":6.0,"enemies":"Gremlin Leader","floor":23.0,"turns":4.0},{"damage":12.0,"enemies":"Book of Stabbing","floor":27.0,"turns":1.0},{"damage":18.0,"enemies":"Gremlin Leader","floor":29.0,"turns":1.0},{"damage":6.0,"enemies":"Snecko","floor":30.0,"turns":2.0},{"damage":0.0,"enemies":"Slavers","floor":31.0,"turns":4.0},{"damage":12.0,"enemies":"Champ","floor":33.0,"turns":4.0},{"damage":12.0,"enemies":"3 Shapes","floor":35.0,"turns":4.0},{"damage":12.0,"enemies":"2 Orb Walkers","floor":36.0,"turns":2.0},{"damage":0.0,"enemies":"Orb Walker","floor":37.0,"turns":1.0},{"damage":6.0,"enemies":"Reptomancer","floor":40.0,"turns":2.0},{"damage":6.0,"enemies":"Giant Head","floor":42.0,"turns":3.0},{"damage":6.0,"enemies":"Reptomancer","floor":45.0,"turns":1.0},{"damage":12.0,"enemies":"Maw","floor":46.0,"turns":2.0},{"damage":12,"enemies":"Nemesis","floor":47,"turns":1},{"damage":12,"enemies":"Writhing Mass","floor":48,"turns":1},{"damage":7,"enemies":"Time Eater","floor":50,"turns":7},{"damage":6,"enemies":"Shield and Spear","floor":54,"turns":2},{"damage":6,"enemies":"The Heart","floor":55,"turns":3}],"seed_played":"5945444288053215016","potions_obtained":[{"floor":2.0,"key":"Explosive Potion"},{"floor":4.0,"key":"BloodPotion"},{"floor":6.0,"key":"SneckoOil"},{"floor":16.0,"key":"PowerPotion"},{"floor":40.0,"key":"BloodPotion"}],"is_trial":false,"path_per_floor":["M","M","M","M","M","M","R","E","T","E","M","?","?","M","R","B",null,"M","?","M","?","M","E","?","R","T","E","?","E","M","E","R","B",null,"M","?","M","$","?","E","R","E","T","?","E","M","E","M","R","B",null,"R","$","E","B",null],"character_chosen":"IRONCLAD","items_purchased":["Power Through","Bronze Scales","Membership Card","Bag of Preparation","Feel No Pain","Anchor","Offering","OrangePellets","Toy Ornithopter","Dark Embrace","Bag of Marbles","Lee\u0027s Waffle","Gambling Chip","Whetstone","Pen Nib","Centennial Puzzle","Ornamental Fan","Red Skull","War Paint"],"campfire_rested":0,"item_purchase_floors":[0,0,0,0,0,0,0,38,38,53,53,53,53,53,53,53,53,53,53],"current_hp_per_floor":[49,55,61,61,51,57,57,57,67,65,65,59,59,53,53,29,90,84,84,84,84,78,78,78,78,78,72,72,60,60,66,66,60,90,84,78,84,84,84,84,84,84,84,84,90,88,95,95,95,96,97,97,104,104,104],"gold":60,"neow_bonus":"","is_daily":false,"chose_seed":false,"campfire_upgraded":6,"win_rate":0.0,"timestamp":1611651149,"path_taken":["M","M","M","M","?","M","R","E","T","E","M","?","?","?","R","BOSS","M","?","?","?","M","E","?","R","T","E","?","E","?","E","R","BOSS","M","?","M","$","?","E","R","E","T","?","E","M","E","M","R","BOSS","R","$","E","BOSS"],"items_purchased_type":["Card","Relic","Relic","Relic","Card","Relic","Card","Relic","Relic","Card","Relic","Relic","Relic","Relic","Relic","Relic","Relic","Relic","Relic"],"build_version":"2020-12-22","purchased_purges":3,"victory":true,"max_hp_per_floor":[80,80,80,80,80,80,80,80,90,90,90,90,90,90,90,90,90,90,90,90,90,90,90,90,90,90,90,90,90,90,90,90,90,90,90,90,90,90,90,90,90,90,90,90,90,90,97,97,97,97,97,97,104,104,104],"card_choices":[{"not_picked":["Rampage","Thunderclap"],"picked":"Second Wind","floor":1.0},{"not_picked":["Blood for Blood","Flex","Warcry"],"picked":"SKIP","floor":2.0},{"not_picked":["Seeing Red","Infernal Blade"],"picked":"Battle Trance","floor":3.0},{"not_picked":["Perfected Strike","Uppercut"],"picked":"Armaments","floor":4.0},{"not_picked":["Intimidate","True Grit","Anger"],"picked":"SKIP","floor":5.0},{"not_picked":["Dropkick","Twin Strike","Metallicize"],"picked":"SKIP","floor":6.0},{"not_picked":["Searing Blow","Clash"],"picked":"Body Slam","floor":8.0},{"not_picked":["Seeing Red","Ghostly Armor"],"picked":"Offering","floor":10.0},{"not_picked":["Reckless Charge","Twin Strike","Heavy Blade"],"picked":"SKIP","floor":11.0},{"not_picked":["Anger","Cleave","Heavy Blade"],"picked":"SKIP","floor":14.0},{"not_picked":["Limit Break","Double Tap"],"picked":"Exhume","floor":16.0},{"not_picked":["Pommel Strike","Whirlwind","Sever Soul"],"picked":"SKIP","floor":18.0},{"not_picked":["Uppercut","True Grit","Perfected Strike"],"picked":"SKIP","floor":20.0},{"not_picked":["Rupture","Wild Strike+1","Disarm"],"picked":"SKIP","floor":22.0},{"not_picked":["Pommel Strike","Ghostly Armor","Headbutt"],"picked":"SKIP","floor":23.0},{"not_picked":["Iron Wave","Bloodletting","Dropkick+1"],"picked":"SKIP","floor":27.0},{"not_picked":["Inflame","Feed","Havoc"],"picked":"SKIP","floor":29.0},{"not_picked":["Blood for Blood","Twin Strike+1","Bloodletting"],"picked":"SKIP","floor":30.0},{"not_picked":["Sever Soul","Iron Wave","Spot Weakness+1"],"picked":"SKIP","floor":31.0},{"not_picked":["True Grit","Twin Strike","Perfected Strike"],"picked":"SKIP","floor":35.0},{"not_picked":["Power Through","Havoc+1"],"picked":"Evolve+1","floor":37.0},{"not_picked":["Swift Strike","Purity"],"picked":"Apotheosis","floor":39.0},{"not_picked":["Heavy Blade+1","Cleave+1","Flex+1"],"picked":"SKIP","floor":40.0},{"not_picked":["Second Wind+1","Seeing Red","Heavy Blade"],"picked":"SKIP","floor":42.0},{"not_picked":["Offering","Clash","Warcry+1"],"picked":"SKIP","floor":45.0},{"not_picked":["Sever Soul+1","Clash","Iron Wave"],"picked":"SKIP","floor":46.0},{"not_picked":["Thunderclap+1","Clash+1","Clothesline"],"picked":"SKIP","floor":47},{"not_picked":["Cleave+1","Uppercut","Blood for Blood+1"],"picked":"SKIP","floor":48},{"not_picked":["Clothesline","Twin Strike","Clash"],"picked":"SKIP","floor":54}],"player_experience":788321,"relics_obtained":[{"floor":8.0,"key":"Mercury Hourglass"},{"floor":9.0,"key":"Pear"},{"floor":10.0,"key":"Lantern"},{"floor":12.0,"key":"Odd Mushroom"},{"floor":23.0,"key":"The Courier"},{"floor":27.0,"key":"Happy Flower"},{"floor":29.0,"key":"Self Forming Clay"},{"floor":31.0,"key":"Omamori"},{"floor":34.0,"key":"Regal Pillow"},{"floor":34.0,"key":"Paper Frog"},{"floor":34.0,"key":"StoneCalendar"},{"floor":36.0,"key":"FossilizedHelix"},{"floor":40.0,"key":"Oddly Smooth Stone"},{"floor":42.0,"key":"Bird Faced Urn"},{"floor":43.0,"key":"Blood Vial"},{"floor":45.0,"key":"PreservedInsect"},{"floor":47,"key":"Strawberry"},{"floor":54,"key":"Incense Burner"}],"event_choices":[{"damage_healed":0.0,"max_hp_gain":0.0,"max_hp_loss":0.0,"gold_gain":0.0,"event_name":"Mushrooms","player_choice":"Fought Mushrooms","floor":12.0,"gold_loss":0.0,"damage_taken":0.0},{"damage_healed":0.0,"max_hp_gain":0.0,"max_hp_loss":0.0,"gold_gain":0.0,"event_name":"Upgrade Shrine","player_choice":"Upgraded","floor":13.0,"gold_loss":0.0,"damage_taken":0.0,"cards_upgraded":["Offering"]},{"damage_healed":0.0,"max_hp_gain":0.0,"max_hp_loss":0.0,"gold_gain":0.0,"cards_transformed":["Strike_R"],"event_name":"Transmorgrifier","player_choice":"Transformed","floor":19.0,"gold_loss":0.0,"damage_taken":0.0,"cards_obtained":["Feel No Pain"]},{"cards_removed":["Strike_R"],"damage_healed":0.0,"max_hp_gain":0.0,"max_hp_loss":0.0,"gold_gain":0.0,"event_name":"Back to Basics","player_choice":"Elegance","floor":21.0,"gold_loss":0.0,"damage_taken":0.0},{"damage_healed":0.0,"max_hp_gain":0.0,"max_hp_loss":0.0,"gold_gain":0.0,"event_name":"The Mausoleum","player_choice":"Ignored","floor":24.0,"gold_loss":0.0,"damage_taken":0.0},{"damage_healed":0.0,"max_hp_gain":0.0,"max_hp_loss":0.0,"gold_gain":0.0,"event_name":"Upgrade Shrine","player_choice":"Upgraded","floor":28.0,"gold_loss":0.0,"damage_taken":0.0,"cards_upgraded":["Offering"]},{"damage_healed":0.0,"max_hp_gain":0.0,"max_hp_loss":0.0,"gold_gain":0.0,"event_name":"Mysterious Sphere","player_choice":"Fight","floor":36.0,"gold_loss":0.0,"damage_taken":0.0},{"damage_healed":0.0,"max_hp_gain":0.0,"max_hp_loss":0.0,"gold_gain":0.0,"event_name":"SensoryStone","player_choice":"Memory 1","floor":39.0,"gold_loss":0.0,"damage_taken":0.0},{"damage_healed":0.0,"max_hp_gain":0.0,"max_hp_loss":0.0,"gold_gain":0.0,"event_name":"Tomb of Lord Red Mask","player_choice":"Ignored","floor":44.0,"gold_loss":0.0,"damage_taken":0.0}],"is_beta":false,"boss_relics":[{"not_picked":["Fusion Hammer","Tiny House"],"picked":"Philosopher\u0027s Stone"},{"not_picked":["Coffee Dripper","Black Blood"],"picked":"Calling Bell"}],"items_purged_floors":[0,38,53],"is_endless":false,"potions_floor_spawned":[2,4,6,11,12,16,20,31,33,37,40,45,47],"ascension_level":1}}