{"host":"56d873i5r3uhle0q","time":1611691054,"event":{"mods":["100% Spire Juice","Act Like it!","Aspiration","BaseMod","Block Reminder","Conspire","Dota2Spire","Downfall","Gensokyo","Hermit","Hubris","Infinite Spire","Jedi Mod","Lobotomy","LobotomyExtend","Marisa????????","Marked Mod","Minty Spire (QoL Compilation)","Reliquary","Replay The Spire","StSLib","The Animator","The Bug Knight","The Cursed","The Marked","The Servant 0.9.4","everything is the same but u backflip on backflip","??????REMEMod"],"gold_per_floor":[10,107,123,143,162,162,162,162,162,162,172,144,144,144,144,245,245,256,477,502,502,502],"floor_reached":21,"language":"ENG","playtime":1200,"items_purged":[],"score":169,"play_id":"99c98d7e-3677-411a-a7b4-3d1aa8c484de","local_time":"20210126125734","is_ascension_mode":false,"campfire_choices":[{"data":"hermit:FromBeyond","floor":6.0,"key":"SMITH"},{"data":"TheCursedMod:CollectTribute","floor":10.0,"key":"SMITH"},{"data":"hermit:Covet","floor":13.0,"key":"SMITH"},{"floor":15.0,"key":"DIG"}],"circlet_count":0,"master_deck":["hermit:Strike_Hermit","hermit:Strike_Hermit","hermit:Strike_Hermit","hermit:Strike_Hermit","hermit:Defend_Hermit","hermit:Defend_Hermit","hermit:Defend_Hermit","hermit:Defend_Hermit","hermit:Snapshot","hermit:Covet+1","TheCursedMod:CollectTribute+1","hermit:FromBeyond+1","Injury","hermit:FatalDesire","hermit:NoHoldsBarred+1"],"relics":["hermit:Momento","REME_ComplimentaryCards","hubris:MobiusCoin","hubris:Reverence","Blue Doll","Fusion Hammer","Gremlin Food"],"acts_visited":["Gensokyo:Gensokyo","Gensokyo:Gensokyoer"],"potions_floor_usage":[],"damage_taken":[{"damage":1.0,"enemies":"Gensokyo:Python","floor":1.0,"turns":3.0},{"damage":4.0,"enemies":"Gensokyo:3_Fairies","floor":3.0,"turns":4.0},{"damage":10.0,"enemies":"Gensokyo:Gryphon","floor":4.0,"turns":4.0},{"damage":3.0,"enemies":"Gensokyo:CorruptedTreant","floor":5.0,"turns":5.0},{"damage":1.0,"enemies":"Gensokyo:2_Rabbits","floor":11.0,"turns":4.0},{"damage":44.0,"enemies":"Gensokyo:Yukari","floor":16.0,"turns":11.0},{"damage":19,"enemies":"Gensokyo:AngelMirror","floor":18,"turns":4},{"damage":33,"enemies":"Gensokyo:2_Gloops","floor":19,"turns":6},{"damage":23,"enemies":"Gensokyo:Slime_Group","floor":21,"turns":2}],"seed_played":"-2323104667294132432","potions_obtained":[{"floor":4.0,"key":"Swift Potion"},{"floor":18,"key":"SteroidPotion"}],"is_trial":false,"path_per_floor":["M","?","M","M","M","R","$","?","T","R","M","COS","R","?","R","B",null,"M","M","T","M"],"character_chosen":"HERMIT","items_purchased":[],"campfire_rested":0,"item_purchase_floors":[],"current_hp_per_floor":[74,74,70,60,57,57,57,65,65,65,64,64,64,64,64,20,75,56,23,23,0,0],"gold":502,"neow_bonus":"THREE_RARE_CARDS","is_daily":false,"chose_seed":false,"campfire_upgraded":3,"win_rate":0.0,"timestamp":1611691054,"path_taken":["M","?","M","?","M","R","$","?","T","R","?","COS","R","?","R","BOSS","M","?","?","M"],"items_purchased_type":[],"build_version":"2020-12-22","purchased_purges":0,"victory":false,"max_hp_per_floor":[75,75,75,75,75,75,75,75,75,75,75,75,75,75,75,75,75,75,75,75,75,75],"card_choices":[{"not_picked":["hermit:HeroicBravado","hermit:OverwhelmingPower"],"picked":"hermit:FromBeyond","floor":0.0},{"not_picked":["hermit:BodyArmor","hermit:HoleUp","hermit:ItchyTrigger"],"picked":"SKIP","floor":1.0},{"not_picked":["hermit:EyeOfTheStorm","hermit:SprayPray","hermit:Misfire"],"picked":"SKIP","floor":3.0},{"not_picked":["hermit:Midnight","hermit:Headshot","hermit:Combo"],"picked":"SKIP","floor":4.0},{"not_picked":["hermit:HighCaliber","hermit:Manifest","hermit:Feint"],"picked":"SKIP","floor":5.0},{"not_picked":["hermit:Roulette","hermit:TrackingShot","hermit:Vantage"],"picked":"SKIP","floor":11.0},{"not_picked":["hermit:EternalForm","hermit:OverwhelmingPower"],"picked":"hermit:FatalDesire","floor":16.0},{"not_picked":["hermit:CalledShot","hermit:Feint","hermit:Coalescence+1"],"picked":"SKIP","floor":18},{"not_picked":["hermit:CalledShot","hermit:Horror"],"picked":"hermit:NoHoldsBarred+1","floor":19}],"player_experience":656768,"relics_obtained":[{"floor":9.0,"key":"hubris:MobiusCoin"},{"floor":15.0,"key":"Blue Doll"},{"floor":20,"key":"Gremlin Food"}],"event_choices":[],"is_beta":false,"boss_relics":[{"not_picked":["Replay:Ancient Bell","conspire:SlowCooker"],"picked":"Fusion Hammer"}],"items_purged_floors":[],"is_endless":false,"potions_floor_spawned":[4,18],"killed_by":"Gensokyo:Slime_Group","ascension_level":0}}