{"host":"9d9dhukr2jywmy0f","time":1611692076,"event":{"mods":["2.2 Compatiblity","Alarm Clock","BaseMod","Bestiary","Block Reminder","Colored Map","Colored Powertips","Curses Come First","DeckTracker","Displayed Cursed Tome","Highlight Path","Key Reminder","Minty Spire (QoL Compilation)","Quick Restart","Rare Cards Sparkle","Relic Sorter","Relic Stats","Reliquary","Spire Birthday Party","StSLib","SuperFastMode","Synergy Search","Unceasing Turn Reminder","Unknown Chances"],"gold_per_floor":[114,39,39,39,39,69,69,94,118,18,28,28,53,67,67,139,139,156,76,89,89,100,100,114,114,114],"floor_reached":25,"language":"ZHS","playtime":706,"items_purged":["Strike_R","Strike_R"],"score":518,"play_id":"696a3c0d-bbf1-4e39-96c1-29e22d55ae88","local_time":"20210127041436","is_ascension_mode":true,"campfire_choices":[{"data":"Impervious","floor":7.0,"key":"SMITH"},{"data":"Whirlwind","floor":12.0,"key":"SMITH"},{"data":"Body Slam","floor":15.0,"key":"SMITH"},{"data":"Barricade","floor":23.0,"key":"SMITH"}],"circlet_count":0,"master_deck":["AscendersBane","Strike_R","Strike_R","Strike_R+1","Defend_R","Defend_R","Defend_R+1","Defend_R","Bash","Impervious+1","Whirlwind+1","Feel No Pain","Body Slam+1","Barricade+1","Evolve","Armaments"],"relics":["Burning Blood","NeowsBlessing","reliquary:Knoch","Happy Flower","Bottled Lightning","Bag of Preparation","Odd Mushroom","Mark of Pain","Nilry\u0027s Codex"],"acts_visited":["Exordium","TheCity"],"potions_floor_usage":[],"damage_taken":[{"damage":0.0,"enemies":"Jaw Worm","floor":1.0,"turns":1.0},{"damage":0.0,"enemies":"Gremlin Nob","floor":6.0,"turns":1.0},{"damage":0.0,"enemies":"Lagavulin","floor":8.0,"turns":1.0},{"damage":0.0,"enemies":"2 Louse","floor":11.0,"turns":3.0},{"damage":4.0,"enemies":"The Mushroom Lair","floor":13.0,"turns":3.0},{"damage":0.0,"enemies":"Small Slimes","floor":14.0,"turns":4.0},{"damage":49.0,"enemies":"The Guardian","floor":16.0,"turns":19.0},{"damage":19.0,"enemies":"3 Byrds","floor":18.0,"turns":5.0},{"damage":11.0,"enemies":"Shell Parasite","floor":20.0,"turns":7.0},{"damage":9.0,"enemies":"Snake Plant","floor":22.0,"turns":6.0},{"damage":19,"enemies":"Shelled Parasite and Fungi","floor":24,"turns":8}],"seed_played":"-5384643504698292255","potions_obtained":[{"floor":8.0,"key":"Block Potion"},{"floor":13.0,"key":"Regen Potion"},{"floor":16.0,"key":"BloodPotion"},{"floor":18.0,"key":"Weak Potion"},{"floor":24,"key":"SneckoOil"}],"is_trial":false,"path_per_floor":["M","$","?","?","?","E","R","E","T","$","M","R","?","M","R","B",null,"M","$","M","?","M","R","M","$"],"character_chosen":"IRONCLAD","items_purchased":["Evolve"],"campfire_rested":0,"item_purchase_floors":[19],"current_hp_per_floor":[74,74,69,69,46,52,52,58,58,58,64,64,66,72,72,29,64,66,66,61,40,37,37,24,24,24],"gold":114,"neow_bonus":"THREE_ENEMY_KILL","is_daily":false,"chose_seed":false,"campfire_upgraded":4,"win_rate":0.0,"timestamp":1611692076,"path_taken":["M","$","?","?","?","E","R","E","T","$","M","R","?","M","R","BOSS","M","$","M","?","M","R","M","$"],"items_purchased_type":["Card"],"build_version":"2020-11-30","purchased_purges":2,"victory":false,"max_hp_per_floor":[75,75,75,75,75,75,75,75,75,75,75,75,75,75,75,75,75,75,75,75,75,75,75,75,75,75],"relic_stats":{"Happy Flower":[18],"counters":[11,58],"Bag of Preparation":[16],"obtain_stats":[{"NeowsBlessing":0,"Happy Flower":6,"Nilry\u0027s Codex":21,"Mark of Pain":17,"Bag of Preparation":9,"reliquary:Knoch":3,"Bottled Lightning":8,"Odd Mushroom":13,"Burning Blood":0},{"NeowsBlessing":0,"Happy Flower":2,"Nilry\u0027s Codex":9,"Mark of Pain":7,"Bag of Preparation":3,"reliquary:Knoch":1,"Bottled Lightning":3,"Odd Mushroom":5,"Burning Blood":0},{"NeowsBlessing":0,"Happy Flower":2,"Nilry\u0027s Codex":44,"Mark of Pain":32,"Bag of Preparation":3,"reliquary:Knoch":1,"Bottled Lightning":3,"Odd Mushroom":9,"Burning Blood":0}],"Burning Blood":66},"card_choices":[{"not_picked":["Clothesline","True Grit","Rampage"],"picked":"SKIP","floor":1.0},{"not_picked":["Wild Strike","Brutality"],"picked":"Impervious","floor":6.0},{"not_picked":["Sentinel","Sword Boomerang"],"picked":"Whirlwind","floor":8.0},{"not_picked":["Iron Wave","Carnage"],"picked":"Feel No Pain","floor":11.0},{"not_picked":["Power Through","Heavy Blade"],"picked":"Body Slam","floor":14.0},{"not_picked":["Exhume","Reaper"],"picked":"Barricade","floor":16.0},{"not_picked":["Cleave+1","Searing Blow","Perfected Strike"],"picked":"SKIP","floor":18.0},{"not_picked":["Cleave+1","Searing Blow","Perfected Strike"],"picked":"SKIP","floor":18.0},{"not_picked":["Rage","Anger+1","Reckless Charge"],"picked":"SKIP","floor":20.0},{"not_picked":["Cleave+1","Anger","Thunderclap"],"picked":"SKIP","floor":22.0},{"not_picked":["Combust","Iron Wave"],"picked":"Armaments","floor":24}],"player_experience":860389,"relics_obtained":[{"floor":6.0,"key":"Happy Flower"},{"floor":8.0,"key":"Bottled Lightning"},{"floor":9.0,"key":"Bag of Preparation"},{"floor":13.0,"key":"Odd Mushroom"}],"event_choices":[{"damage_healed":0.0,"max_hp_gain":0.0,"max_hp_loss":0.0,"gold_gain":0.0,"event_name":"Scrap Ooze","player_choice":"Success","floor":3.0,"gold_loss":0.0,"damage_taken":5.0,"relics_obtained":["reliquary:Knoch"]},{"damage_healed":0.0,"max_hp_gain":0.0,"max_hp_loss":0.0,"gold_gain":0.0,"event_name":"Liars Game","player_choice":"Ignored","floor":4.0,"gold_loss":0.0,"damage_taken":0.0},{"damage_healed":0.0,"max_hp_gain":0.0,"max_hp_loss":0.0,"gold_gain":0.0,"event_name":"Shining Light","player_choice":"Entered Light","floor":5.0,"gold_loss":0.0,"damage_taken":23.0,"cards_upgraded":["Strike_R","Defend_R"]},{"damage_healed":0.0,"max_hp_gain":0.0,"max_hp_loss":0.0,"gold_gain":0.0,"event_name":"Mushrooms","player_choice":"Fought Mushrooms","floor":13.0,"gold_loss":0.0,"damage_taken":0.0},{"damage_healed":0.0,"max_hp_gain":0.0,"max_hp_loss":0.0,"gold_gain":0.0,"event_name":"Cursed Tome","player_choice":"Obtained Book","floor":21.0,"gold_loss":0.0,"damage_taken":21.0}],"is_beta":false,"boss_relics":[{"not_picked":["Ectoplasm","Tiny House"],"picked":"Mark of Pain"}],"items_purged_floors":[2,10],"is_endless":false,"potions_floor_spawned":[8,13,16,18,24],"ascension_level":20}}