{"host":"362zhnvmfmhc3u7b","time":1611622616,"event":{"mods":["BaseMod","Colored Powertips","Downfall","Minty Spire (QoL Compilation)","Quick Restart","Rare Cards Sparkle","StSLib"],"gold_per_floor":[99,116,129,146,157,48,48,82,99,99,133,133,118,174,184,184,184,184],"floor_reached":16,"language":"ENG","playtime":2361,"items_purged":[],"score":112,"play_id":"042be94f-48b0-4b55-9958-07085d34d5d7","local_time":"20210125195656","is_ascension_mode":false,"campfire_choices":[{"floor":1.0,"key":"RECALL"},{"data":"champ:FanOfKnives","floor":10,"key":"SMITH"},{"floor":12,"key":"REST"}],"circlet_count":0,"master_deck":["champ:Strike","champ:Strike","champ:Strike","champ:Strike","champ:Defend","champ:Defend","champ:Defend","champ:Defend","champ:Execute","champ:Taunt","champ:FanOfKnives+1","champ:EnGarde","champ:Encircle","champ:FancyFootwork","champ:BringItOn","champ:IronFortress","champ:BerserkersShout","champ:FocusedDefense","champ:GladiatorStyle","champ:HeartStrike","champ:GutPunch","champ:FaceSlap","champ:EnGarde"],"relics":["champ:ChampionCrown","Sundial","Blue Candle","Oddly Smooth Stone","Thread and Needle"],"acts_visited":["Exordium"],"potions_floor_usage":[14,16,16],"damage_taken":[{"damage":10,"enemies":"Small Slimes","floor":2,"turns":3},{"damage":12,"enemies":"Jaw Worm","floor":3,"turns":3},{"damage":15,"enemies":"2 Louse","floor":4,"turns":3},{"damage":11,"enemies":"2 Fungi Beasts","floor":5,"turns":4},{"damage":25,"enemies":"downfall:FleeingMerchant","floor":6,"turns":4},{"damage":53,"enemies":"3 Sentries","floor":8,"turns":11},{"damage":30,"enemies":"Exordium Thugs","floor":9,"turns":6},{"damage":59,"enemies":"Gremlin Nob","floor":11,"turns":5},{"damage":18,"enemies":"downfall:FleeingMerchant","floor":13,"turns":4},{"damage":47,"enemies":"3 Sentries","floor":14,"turns":3},{"damage":13,"enemies":"Large Slime","floor":15,"turns":5},{"damage":65,"enemies":"WA_ARCHETYPE_RETAIN","floor":16,"turns":7}],"seed_played":"-4778494208259755130","potions_obtained":[{"floor":2,"key":"BlessingOfTheForge"},{"floor":5,"key":"SmokeBomb"},{"floor":11,"key":"champ:TechniquePotion"},{"floor":14,"key":"SkillPotion"}],"is_trial":false,"path_per_floor":["R","M","M","M","M","$","T","E","M","R","E","R","$","?","M","B"],"character_chosen":"THE_CHAMP","items_purchased":["champ:IronFortress","champ:BerserkersShout"],"campfire_rested":1,"item_purchase_floors":[6,6],"current_hp_per_floor":[99,99,97,97,96,96,96,73,68,68,29,58,55,43,40,0,0,0],"gold":184,"neow_bonus":"TEN_PERCENT_HP_BONUS","is_daily":false,"chose_seed":false,"campfire_upgraded":1,"win_rate":0.0,"timestamp":1611622616,"path_taken":["R","M","M","M","M","$","T","E","M","R","E","R","$","?","M","BOSS"],"items_purchased_type":["Card","Card"],"build_version":"2020-12-22","purchased_purges":0,"victory":false,"max_hp_per_floor":[99,99,99,99,99,99,99,99,99,99,99,99,99,99,99,99,99,99],"card_choices":[{"not_picked":["champ:Backstep","champ:ArenaPreparation"],"picked":"champ:FanOfKnives","floor":2},{"not_picked":["champ:FocusedDefense","champ:BerserkersShout"],"picked":"champ:EnGarde","floor":3},{"not_picked":["champ:GutPunch","champ:FalseCounter"],"picked":"champ:Encircle","floor":4},{"not_picked":["champ:FanOfKnives","champ:CalledShot"],"picked":"champ:FancyFootwork","floor":5},{"not_picked":["champ:Circumvent","champ:EnGarde"],"picked":"champ:BringItOn","floor":6},{"not_picked":["champ:Improvising","champ:MurderStrike"],"picked":"champ:FocusedDefense","floor":8},{"not_picked":["champ:EndlessRage","champ:DeathBlow"],"picked":"champ:GladiatorStyle","floor":9},{"not_picked":["champ:SetATrap","champ:BerserkersShout"],"picked":"champ:HeartStrike","floor":11},{"not_picked":["champ:EnragedBash","champ:AdrenalArmor"],"picked":"champ:GutPunch","floor":13},{"not_picked":["champ:Shatter","champ:Parry"],"picked":"champ:FaceSlap","floor":14},{"not_picked":["champ:Duel","champ:Shatter"],"picked":"champ:EnGarde","floor":15}],"player_experience":1803438,"relics_obtained":[{"floor":7,"key":"Sundial"},{"floor":8,"key":"Blue Candle"},{"floor":11,"key":"Oddly Smooth Stone"},{"floor":14,"key":"Thread and Needle"}],"event_choices":[],"is_beta":false,"boss_relics":[],"items_purged_floors":[],"is_endless":false,"potions_floor_spawned":[2,5,11,14],"killed_by":"WA_ARCHETYPE_RETAIN","ascension_level":0}}