{"host":"y1oqg7uy0jc6f5mb","time":1611682830,"event":{"mods":["BaseMod","Better Altar","Better Match","Better Note","Better Sensory Stone","Better Skull","Better Third Choice","Block Reminder","Colored Map","Colored Powertips","Custom Start","DeckTracker","Displayed Cursed Tome","Highlight Path","Ironclad Rager","Minty Spire (QoL Compilation)","Permanent Neow","Quick Restart","Relic Sorter","Relic Stats","Replay The Spire","Shop Mod","StSLib"],"gold_per_floor":[115,128,128,16,27,54,70,70,93,93,111,125,125,1,1,96,146,165,181,22,40,40,40,53,83,107,121,121,140,4,14,14,14,14],"floor_reached":33,"language":"ENG","playtime":3647,"items_purged":["Defend_R","Strike_R","Strike_P","Defend_P"],"score":271,"play_id":"8ea9fece-d225-4223-927d-63f02eb80059","local_time":"20210127014030","is_ascension_mode":false,"campfire_choices":[{"data":"Replay:Anticipation","floor":8.0,"key":"SMITH"},{"data":"Eruption","floor":10.0,"key":"SMITH"},{"data":"Poisoned Strike","floor":15.0,"key":"SMITH"},{"data":"Replay:AllIn","floor":23.0,"key":"SMITH"},{"floor":32.0,"key":"REST"}],"circlet_count":0,"master_deck":["Strike_P","Strike_P+1","Strike_P","Defend_P","Defend_P+1","Defend_P","Eruption+1","Vigilance","Vengeance+1","Prostrate","Poisoned Strike+1","Conclude","FearNoEvil","Replay:Anticipation+1","Evaluate","Adaptation","Replay:Battleflow","Protect","Replay:AllIn+1","Nirvana","LikeWater","DeusExMachina","Prostrate","Prostrate","EmptyFist","Sanctity","FlurryOfBlows","FollowUp","DeceiveReality","WaveOfTheHand","ThirdEye","DevaForm"],"relics":["PureWater","Torii","Art of War","Simple Rune","Tiny House","Smiling Mask","Damaru"],"acts_visited":["Exordium","TheCity"],"potions_floor_usage":[],"damage_taken":[{"damage":0.0,"enemies":"2 Louse","floor":1.0,"turns":3.0},{"damage":1.0,"enemies":"Jaw Worm","floor":2.0,"turns":3.0},{"damage":0.0,"enemies":"Small Slimes","floor":5.0,"turns":2.0},{"damage":15.0,"enemies":"Gremlin Nob","floor":6.0,"turns":4.0},{"damage":1.0,"enemies":"Exordium Thugs","floor":7.0,"turns":3.0},{"damage":0.0,"enemies":"Looter","floor":11.0,"turns":2.0},{"damage":0.0,"enemies":"Lots of Slimes","floor":12.0,"turns":1.0},{"damage":15.0,"enemies":"Hexaghost","floor":16.0,"turns":10.0},{"damage":24.0,"enemies":"3 Byrds","floor":18.0,"turns":5.0},{"damage":0.0,"enemies":"Chosen","floor":19.0,"turns":3.0},{"damage":8.0,"enemies":"Snake Plant","floor":21.0,"turns":4.0},{"damage":1.0,"enemies":"3 Cultists","floor":24.0,"turns":4.0},{"damage":26.0,"enemies":"Slavers","floor":25.0,"turns":8.0},{"damage":31.0,"enemies":"Cultist and Chosen","floor":27.0,"turns":7.0},{"damage":7.0,"enemies":"Colosseum Slavers","floor":28.0,"turns":4.0},{"damage":0.0,"enemies":"Snecko","floor":29.0,"turns":5.0},{"damage":0.0,"enemies":"Snake Plant","floor":31.0,"turns":4.0},{"damage":45,"enemies":"Pondfish","floor":33,"turns":9}],"seed_played":"-9065611929758757284","potions_obtained":[{"floor":2.0,"key":"Swift Potion"},{"floor":5.0,"key":"SkillPotion"},{"floor":17.0,"key":"FairyPotion"},{"floor":18.0,"key":"Ambrosia"},{"floor":24.0,"key":"BlessingOfTheForge"},{"floor":29.0,"key":"Block Potion"}],"is_trial":false,"path_per_floor":["M","M","?","$","M","E","M","R","T","R","M","M","?","$","R","B",null,"M","M","$","M","?","R","M","E","T","M","?","M","$","M","R","B"],"character_chosen":"WATCHER","items_purchased":["Conclude","Protect","Prostrate","WaveOfTheHand","ThirdEye"],"campfire_rested":1,"item_purchase_floors":[4,14,20,30,30],"current_hp_per_floor":[72,71,71,71,71,56,55,55,55,55,55,55,55,55,55,40,77,53,53,53,45,45,45,44,18,18,23,16,16,16,16,39,0,0],"gold":14,"neow_bonus":"ONE_RARE_RELIC","is_daily":false,"chose_seed":false,"campfire_upgraded":4,"win_rate":0.0,"timestamp":1611682830,"path_taken":["M","M","?","?","M","E","M","R","T","R","M","?","?","?","R","BOSS","M","M","$","M","?","R","M","E","T","M","?","M","?","M","R","BOSS"],"items_purchased_type":["Card","Card","Card","Card","Card"],"build_version":"2020-12-22","purchased_purges":4,"victory":false,"max_hp_per_floor":[72,72,72,72,72,72,72,72,72,72,72,72,72,72,72,72,77,77,77,77,77,77,77,77,77,77,77,77,77,77,77,77,77,77],"relic_stats":{"Torii":91,"counters":[18,81],"Art of War":[14],"Smiling Mask":100,"obtain_stats":[{"Tiny House":17,"Torii":0,"Damaru":26,"Simple Rune":9,"Art of War":6,"PureWater":0,"Smiling Mask":25},{"Tiny House":8,"Torii":0,"Damaru":13,"Simple Rune":5,"Art of War":4,"PureWater":0,"Smiling Mask":13},{"Tiny House":28,"Torii":0,"Damaru":52,"Simple Rune":15,"Art of War":12,"PureWater":0,"Smiling Mask":52}]},"card_choices":[{"not_picked":["FlurryOfBlows","Halt"],"picked":"Vengeance","floor":1.0},{"not_picked":["Replay:ManipulateFuture","Collect"],"picked":"Prostrate","floor":2.0},{"not_picked":["ClearTheMind","ThirdEye"],"picked":"FearNoEvil","floor":5.0},{"not_picked":["Consecrate","Replay:BluntJabs"],"picked":"Replay:Anticipation","floor":6.0},{"not_picked":["Omniscience","Replay:ManipulateFuture"],"picked":"Evaluate","floor":7.0},{"not_picked":["FlyingSleeves","ThirdEye"],"picked":"Adaptation","floor":11.0},{"not_picked":["Replay:ManipulateFuture","ClearTheMind"],"picked":"Replay:Battleflow","floor":12.0},{"not_picked":["Vault","ConjureBlade"],"picked":"Replay:AllIn","floor":16.0},{"not_picked":["Replay:ManipulateFuture","PathToVictory"],"picked":"Nirvana","floor":17.0},{"not_picked":["BowlingBash","Replay:BluntJabs"],"picked":"LikeWater","floor":18.0},{"not_picked":["Replay:Cycle","DeceiveReality"],"picked":"DeusExMachina","floor":19.0},{"not_picked":["SashWhip","EmptyBody"],"picked":"EmptyFist","floor":21.0},{"not_picked":["TalkToTheHand","FollowUp"],"picked":"Sanctity","floor":24.0},{"not_picked":["LikeWater","DeceiveReality"],"picked":"FlurryOfBlows","floor":25.0},{"not_picked":["ClearTheMind","SashWhip"],"picked":"FollowUp","floor":27.0},{"not_picked":["Evaluate","ThirdEye"],"picked":"DeceiveReality","floor":29.0},{"not_picked":["Replay:AtTheReady+1","WheelKick"],"picked":"DevaForm","floor":31.0}],"player_experience":228564,"relics_obtained":[{"floor":6.0,"key":"Art of War"},{"floor":9.0,"key":"Simple Rune"},{"floor":25.0,"key":"Smiling Mask"},{"floor":26.0,"key":"Damaru"}],"event_choices":[{"damage_healed":0.0,"max_hp_gain":0.0,"max_hp_loss":0.0,"gold_gain":1.0,"event_name":"betterStone:BetterStone","player_choice":"4","floor":3.0,"gold_loss":0.0,"damage_taken":0.0,"cards_obtained":["Poisoned Strike"]},{"damage_healed":0.0,"max_hp_gain":0.0,"max_hp_loss":0.0,"gold_gain":0.0,"event_name":"betterThird:BetterSerpent","player_choice":"Ignored","floor":13.0,"gold_loss":0.0,"damage_taken":125.0},{"cards_removed":["Poisoned Strike"],"damage_healed":0.0,"max_hp_gain":0.0,"max_hp_loss":0.0,"gold_gain":0.0,"event_name":"betterNote:BetterNote","player_choice":"Give","floor":22.0,"gold_loss":0.0,"damage_taken":0.0,"cards_obtained":["None"]},{"damage_healed":0.0,"max_hp_gain":0.0,"max_hp_loss":0.0,"gold_gain":0.0,"event_name":"Colosseum","player_choice":"Fight","floor":28.0,"gold_loss":0.0,"damage_taken":0.0},{"damage_healed":0.0,"max_hp_gain":0.0,"max_hp_loss":0.0,"gold_gain":0.0,"event_name":"Colosseum","player_choice":"Fled From Nobs","floor":28.0,"gold_loss":0.0,"damage_taken":0.0}],"is_beta":false,"boss_relics":[{"not_picked":["Snecko Eye","Fusion Hammer"],"picked":"Tiny House"}],"items_purged_floors":[4,14,20,30],"is_endless":false,"potions_floor_spawned":[2,5,18,24,28,29],"killed_by":"Pondfish","ascension_level":0}}