{"host":"7eytxr1oawi6r5nr","time":1611682000,"event":{"mods":["BaseMod","Better Third Choice","Curses Come First","Dark Map","Hermit","Hubris","Ironclad Rager","Jorbs\u0027s Wanderer Trilogy","Minty Spire (QoL Compilation)","Permanent Neow","Quick Restart","Rare Cards Sparkle","Reliquary","Replay The Spire","Robot Space Explorer","StSLib","The Cursed","The Disciple","The Dragon Tamer","The Forsaken","The Marked","The Mystic","The Runesmith","UnlockEverythingMod","Wide Potions"],"gold_per_floor":[118,133,147,147,67,95,108,128,180,180,180,195,226,249,249,344,344,356,368,382,226,226,226,237,237,237,257,5,20,33,33,33],"floor_reached":31,"language":"ENG","playtime":1393,"items_purged":["Strike_R","Strike_R"],"score":301,"play_id":"88123798-b6fb-498a-ad4f-6b2262e01acf","local_time":"20210126172640","is_ascension_mode":true,"campfire_choices":[{"data":"Whirlwind","floor":11,"key":"SMITH"},{"data":"Entrench","floor":15,"key":"SMITH"},{"data":"Second Wind","floor":23,"key":"SMITH"}],"circlet_count":0,"master_deck":["Strike_R","Strike_R","Defend_R","Defend_R","Defend_R","Defend_R","Bash","Spot Weakness","Wild Strike","Entrench+1","Whirlwind+1","Iron Wave+1","Clothesline","Pommel Strike","Barricade","Inflame","Double Tap","Second Wind+1","Feel No Pain","Metallicize","Shockwave","True Grit"],"relics":["Burning Blood","Bronze Scales","reliquary:Knoch","reliquary:SharkskinSheath","PreservedInsect","Mark of Pain","reliquary:PorcupineQuills","Nloth\u0027s Gift","hubris:BottledRain","Vajra"],"acts_visited":["Exordium","TheCity"],"potions_floor_usage":[13,16,27,31],"damage_taken":[{"damage":2,"enemies":"Jaw Worm","floor":1,"turns":3},{"damage":0,"enemies":"Small Slimes","floor":2,"turns":3},{"damage":0,"enemies":"Cultist","floor":3,"turns":2},{"damage":30,"enemies":"3 Sentries","floor":6,"turns":7},{"damage":5,"enemies":"3 Louse","floor":7,"turns":2},{"damage":0,"enemies":"Large Slime","floor":8,"turns":5},{"damage":1,"enemies":"Blue Slaver","floor":12,"turns":3},{"damage":21,"enemies":"Lagavulin","floor":13,"turns":7},{"damage":28,"enemies":"Slime Boss","floor":16,"turns":9},{"damage":12,"enemies":"Chosen","floor":18,"turns":2},{"damage":1,"enemies":"3 Byrds","floor":19,"turns":3},{"damage":15,"enemies":"Cultist and Chosen","floor":20,"turns":6},{"damage":0,"enemies":"Chosen and Byrds","floor":24,"turns":4},{"damage":31,"enemies":"Snake Plant","floor":27,"turns":4},{"damage":29,"enemies":"Shelled Parasite and Fungi","floor":29,"turns":5},{"damage":8,"enemies":"Snecko","floor":30,"turns":4},{"damage":26,"enemies":"Cultist and Chosen","floor":31,"turns":4}],"seed_played":"4407269428720331579","potions_obtained":[{"floor":3,"key":"Weak Potion"},{"floor":6,"key":"CultistPotion"},{"floor":8,"key":"Block Potion"},{"floor":18,"key":"Adrenaline Potion"},{"floor":19,"key":"Dexterity Potion"},{"floor":24,"key":"Weak Potion"}],"is_trial":false,"path_per_floor":["M","M","M","?","$","E","M","M","T","?","R","M","E","T","R","B",null,"M","M","M","$","?","R","M","?","T","M","$","M","M","M"],"character_chosen":"IRONCLAD","items_purchased":["Whirlwind","Metallicize","Vajra"],"campfire_rested":0,"item_purchase_floors":[5,21,28],"current_hp_per_floor":[80,80,80,73,73,49,50,56,56,56,56,61,46,46,46,24,80,74,79,70,70,70,70,76,76,76,51,51,28,26,0,0],"gold":33,"neow_bonus":"TRANSFORM_CARD","is_daily":false,"chose_seed":false,"campfire_upgraded":3,"win_rate":0.0,"timestamp":1611682000,"path_taken":["M","M","M","?","$","E","M","M","T","?","R","M","E","?","R","BOSS","M","M","M","$","?","R","M","?","T","M","$","M","?","M"],"items_purchased_type":["Card","Card","Relic"],"build_version":"2020-12-22","purchased_purges":2,"victory":false,"max_hp_per_floor":[80,80,80,80,80,80,80,80,80,80,80,80,80,80,80,80,80,80,80,80,80,80,80,80,80,80,80,80,80,80,80,80],"card_choices":[{"not_picked":["Heavy Blade","Warcry"],"picked":"Wild Strike","floor":1},{"not_picked":["Replay:Undeath\u0027s Touch","Burning Pact","ReplayReversal"],"picked":"SKIP","floor":2},{"not_picked":["Replay:Undeath\u0027s Touch","Seeing Red"],"picked":"Entrench","floor":3},{"not_picked":["Heavy Blade","Sever Soul"],"picked":"Iron Wave","floor":6},{"not_picked":["Perfected Strike","Wild Strike"],"picked":"Clothesline","floor":7},{"not_picked":["Warcry","Run Through"],"picked":"Pommel Strike","floor":8},{"not_picked":["Headbutt","Anger"],"picked":"Barricade","floor":12},{"not_picked":["Clash","Cleave"],"picked":"Inflame","floor":13},{"not_picked":["hubris:StunningStrike","Demonic Infusion"],"picked":"Double Tap","floor":16},{"not_picked":["Headbutt+1","Thunderclap"],"picked":"Second Wind","floor":18},{"not_picked":["Anger","Run Through"],"picked":"Feel No Pain","floor":19},{"not_picked":["Cleave","Demonic Infusion","hubris:CleavingFinish"],"picked":"SKIP","floor":20},{"not_picked":["Headbutt","Body Slam","Abandon"],"picked":"SKIP","floor":24},{"not_picked":["Sever Soul","Anger"],"picked":"Shockwave","floor":27},{"not_picked":["Flex","Searing Blow"],"picked":"True Grit","floor":29},{"not_picked":["Pommel Strike","Twin Strike","Bludgeon"],"picked":"SKIP","floor":30}],"player_experience":202001,"relics_obtained":[{"floor":6,"key":"reliquary:Knoch"},{"floor":9,"key":"ReplayFunnel"},{"floor":13,"key":"reliquary:SharkskinSheath"},{"floor":14,"key":"PreservedInsect"},{"floor":26,"key":"hubris:BottledRain"}],"event_choices":[{"damage_healed":0,"gold_gain":0,"player_choice":"Relic ","damage_taken":7,"max_hp_gain":0,"max_hp_loss":0,"event_name":"betterThird:BetterScrap","floor":4,"gold_loss":0,"cards_obtained":["ReachHeaven"]},{"damage_healed":0,"gold_gain":0,"player_choice":"Opened","damage_taken":0,"relics_obtained":["reliquary:PorcupineQuills"],"max_hp_gain":0,"max_hp_loss":0,"event_name":"The Mausoleum","floor":22,"gold_loss":0},{"damage_healed":0,"gold_gain":0,"player_choice":"Traded Relic","damage_taken":0,"relics_obtained":["Nloth\u0027s Gift"],"max_hp_gain":0,"max_hp_loss":0,"event_name":"N\u0027loth","floor":25,"relics_lost":["ReplayFunnel"],"gold_loss":0}],"is_beta":false,"boss_relics":[{"not_picked":["Replay:Ancient Bell","hubris:RunicObelisk"],"picked":"Mark of Pain"}],"items_purged_floors":[21,28],"is_endless":false,"potions_floor_spawned":[3,6,8,13,18,19,24],"killed_by":"Cultist and Chosen","ascension_level":4}}