{"host":"9slw7l0ws16384qq","time":1611690047,"event":{"mods":["A Penny For Your Troubles","BaseMod","Clockwork Mod","Colored Map","Evolution","Hermit","Hubris","Minty Spire (QoL Compilation)","Railgun Mod","Replay The Spire","Shedinja","StS++","StSLib","The Dragon Tamer","The Marked"],"gold_per_floor":[118,118,129,54,68,68,103,103,103,103,132,32,52,52,52,173,173,196,221,221,130,155,170,170,191,191,214,227,102,125,158,158,278,278,294,144,167,167,167,167,201,201,224,224,224,557,557,583,583,584],"floor_reached":51,"language":"FRA","playtime":2168,"items_purged":["TheRailgun:Zip","TheRailgun:Discharge","TheRailgun:Crackle","TheRailgun:Crackle"],"score":810,"play_id":"ad92a193-c52e-40f0-88ec-8d6127ccdcd5","local_time":"20210126204047","is_ascension_mode":false,"campfire_choices":[{"data":"TheRailgun:Iron_Dust_Shield","floor":6.0,"key":"SMITH"},{"data":"TheRailgun:Battery_Pack","floor":8.0,"key":"SMITH"},{"data":"TheRailgun:Static","floor":10.0,"key":"SMITH"},{"floor":15.0,"key":"REST"},{"data":"TheRailgun:Magnetic_Flight","floor":24.0,"key":"SMITH"},{"data":"TheRailgun:Battery_Pack","floor":32.0,"key":"SMITH"},{"data":"TheRailgun:Level_6","floor":40.0,"key":"SMITH"},{"data":"Specialist","floor":42.0,"key":"SMITH"},{"floor":44.0,"key":"RECALL"},{"floor":49,"key":"REST"}],"circlet_count":0,"master_deck":["TheRailgun:Crackle","TheRailgun:Defend","TheRailgun:Defend","TheRailgun:Defend","TheRailgun:Defend","TheRailgun:Static+1","TheRailgun:Battery_Pack+1","TheRailgun:Iron_Dust_Shield+1","TheRailgun:Magnetic_Flight+1","TheRailgun:Battery_Pack+1","Specialist+1","TheRailgun:Level_6+1","TheRailgun:Iron_Dust_Field+1"],"relics":["TheRailgun:CoinRelic","EVO:Axolotl","StSpp:BoiledEgg","Pondfish Scales","Pantograph","MealTicket","StSpp:FireArrow","InkBottle","hubris:Potato","Runic Pyramid","Mummified Hand","Lantern","Nunchaku"],"acts_visited":["Exordium","TheCity","TheBeyond"],"potions_floor_usage":[50],"damage_taken":[{"damage":1.0,"enemies":"Jaw Worm","floor":1.0,"turns":3.0},{"damage":6.0,"enemies":"2 Louse","floor":3.0,"turns":3.0},{"damage":0.0,"enemies":"Cultist","floor":5.0,"turns":3.0},{"damage":21.0,"enemies":"3 Sentries","floor":7.0,"turns":7.0},{"damage":18.0,"enemies":"Lagavulin","floor":11.0,"turns":5.0},{"damage":17.0,"enemies":"Gremlin Gang","floor":13.0,"turns":3.0},{"damage":8.0,"enemies":"The Guardian","floor":16.0,"turns":10.0},{"damage":10.0,"enemies":"3 Byrds","floor":18.0,"turns":4.0},{"damage":2.0,"enemies":"Spheric Guardian","floor":19.0,"turns":4.0},{"damage":13.0,"enemies":"Snake Plant","floor":22.0,"turns":4.0},{"damage":22.0,"enemies":"Snecko","floor":23.0,"turns":7.0},{"damage":10.0,"enemies":"3 Cultists","floor":25.0,"turns":4.0},{"damage":0.0,"enemies":"Centurion and Healer","floor":27.0,"turns":6.0},{"damage":1.0,"enemies":"Snake Plant","floor":28.0,"turns":4.0},{"damage":3.0,"enemies":"Cultist and Chosen","floor":30.0,"turns":6.0},{"damage":0.0,"enemies":"Gremlin Leader","floor":31.0,"turns":6.0},{"damage":3.0,"enemies":"Champ","floor":33.0,"turns":11.0},{"damage":0.0,"enemies":"Orb Walker","floor":35.0,"turns":3.0},{"damage":0.0,"enemies":"3 Shapes","floor":37.0,"turns":4.0},{"damage":0.0,"enemies":"Writhing Mass","floor":38.0,"turns":2.0},{"damage":0.0,"enemies":"R_Hoarder","floor":41.0,"turns":6.0},{"damage":4,"enemies":"Reptomancer","floor":48,"turns":6},{"damage":10,"enemies":"Time Eater","floor":50,"turns":12}],"seed_played":"-4927109765125074354","potions_obtained":[{"floor":3.0,"key":"Elixir"},{"floor":5.0,"key":"SmokeBomb"},{"floor":13.0,"key":"StSpp:ScatteredPotion"},{"floor":31.0,"key":"StSpp:SecondWindPotion"}],"is_trial":false,"path_per_floor":["M","?","M","$","M","R","E","R","T","R","E","$","M","?","R","B",null,"M","M","?","$","M","M","R","M","T","M","M","$","M","E","R","B",null,"M","$","M","M","?","R","E","R","T","R","$","?","?","E","R","B",null],"character_chosen":"THE_DEFAULT","items_purchased":["Specialist"],"campfire_rested":2,"item_purchase_floors":[21],"current_hp_per_floor":[69,69,63,63,63,63,42,42,42,42,24,39,22,22,41,57,65,55,53,53,65,52,30,30,20,20,20,19,34,31,31,31,53,65,65,65,65,65,65,65,65,65,65,65,65,65,65,61,65,65],"gold":584,"neow_bonus":"ONE_RARE_RELIC","is_daily":false,"chose_seed":false,"campfire_upgraded":7,"win_rate":0.0,"timestamp":1611690047,"path_taken":["M","?","M","$","M","R","E","R","T","R","E","$","M","?","R","BOSS","M","M","?","$","M","M","R","?","T","M","M","$","M","E","R","BOSS","M","$","?","M","?","R","E","R","T","R","?","?","?","E","R","BOSS"],"items_purchased_type":["Card"],"build_version":"2020-12-22","purchased_purges":4,"victory":true,"max_hp_per_floor":[70,70,70,70,70,70,70,70,70,70,70,70,70,65,65,65,65,65,65,65,65,65,65,65,65,65,65,65,65,65,65,65,65,65,65,65,65,65,65,65,65,65,65,65,65,65,65,65,65,65],"card_choices":[{"not_picked":["TheRailgun:Lightning_Speed","TheRailgun:Push"],"picked":"TheRailgun:Battery_Pack","floor":1.0},{"not_picked":["TheRailgun:Hypercharge","TheRailgun:Coin_Flip","TheRailgun:Stun_Shock"],"picked":"SKIP","floor":3.0},{"not_picked":["TheRailgun:Iron_Dust_Field","TheRailgun:Spark"],"picked":"TheRailgun:Iron_Dust_Shield","floor":5.0},{"not_picked":["TheRailgun:Stun_Shock","TheRailgun:Lightning_Speed","TheRailgun:Circuit_Breaker"],"picked":"SKIP","floor":7.0},{"not_picked":["TheRailgun:Coin_Flip","TheRailgun:Supercharge","TheRailgun:Magnetic_Movement"],"picked":"SKIP","floor":11.0},{"not_picked":["TheRailgun:Negative_Field","TheRailgun:Biribiri","TheRailgun:Coin_Flip"],"picked":"SKIP","floor":13.0},{"not_picked":["TheRailgun:Thundervolt","TheRailgun:Judgement_Officer"],"picked":"TheRailgun:Magnetic_Flight","floor":16.0},{"not_picked":["TheRailgun:Push","TheRailgun:Static"],"picked":"TheRailgun:Battery_Pack","floor":18.0},{"not_picked":["TheRailgun:Thundershock","TheRailgun:Positive_Field+1","TheRailgun:Biribiri"],"picked":"SKIP","floor":19.0},{"not_picked":["TheRailgun:Hypercharge","TheRailgun:Negative_Field","TheRailgun:Iron_Dust_Vial+1"],"picked":"SKIP","floor":22.0},{"not_picked":["TheRailgun:Electric_Fence","TheRailgun:Iron_Dust_Vial","TheRailgun:Zip"],"picked":"SKIP","floor":23.0},{"not_picked":["TheRailgun:Iron_Dust_Vial","TheRailgun:Recharge+1","TheRailgun:Heroinism"],"picked":"SKIP","floor":25.0},{"not_picked":["TheRailgun:Negative_Field","TheRailgun:Iron_Dust_Vial","TheRailgun:Sister_Noise"],"picked":"SKIP","floor":27.0},{"not_picked":["TheRailgun:Electric_Fence","TheRailgun:Stun_Shock","TheRailgun:Push+1"],"picked":"SKIP","floor":28.0},{"not_picked":["TheRailgun:Push","TheRailgun:Sister_Noise","TheRailgun:Spark+1"],"picked":"SKIP","floor":30.0},{"not_picked":["TheRailgun:Electric_Fence+1","TheRailgun:Judgement_Officer","TheRailgun:Zip"],"picked":"SKIP","floor":31.0},{"not_picked":["TheRailgun:Circuitous","TheRailgun:Judgement_Officer"],"picked":"TheRailgun:Level_6","floor":33.0},{"not_picked":["TheRailgun:Iron_Dust_Sword","TheRailgun:Electrical_Storm+1"],"picked":"TheRailgun:Iron_Dust_Field+1","floor":35.0},{"not_picked":["TheRailgun:Thundershock","TheRailgun:Thunderbolt+1","TheRailgun:Zap+1"],"picked":"SKIP","floor":37.0},{"not_picked":["TheRailgun:Negative_Field+1","TheRailgun:Taser","TheRailgun:Teleporter"],"picked":"SKIP","floor":41.0},{"not_picked":["theMarked:Generate+1","theMarked:ElectricStrings","theMarked:Seal+1"],"picked":"SKIP","floor":48}],"player_experience":1966502,"relics_obtained":[{"floor":7.0,"key":"Pondfish Scales"},{"floor":9.0,"key":"Pantograph"},{"floor":11.0,"key":"MealTicket"},{"floor":26.0,"key":"InkBottle"},{"floor":31.0,"key":"hubris:Potato"},{"floor":41.0,"key":"Mummified Hand"},{"floor":43.0,"key":"Lantern"},{"floor":48,"key":"Nunchaku"}],"event_choices":[{"damage_healed":0.0,"max_hp_gain":0.0,"max_hp_loss":5.0,"gold_gain":0.0,"event_name":"Golden Idol","player_choice":"Lose Max HP","floor":14.0,"gold_loss":0.0,"damage_taken":0.0,"relics_obtained":["Golden Idol"]},{"cards_removed":["TheRailgun:Crackle"],"damage_healed":0.0,"max_hp_gain":0.0,"max_hp_loss":0.0,"gold_gain":0.0,"event_name":"Purifier","player_choice":"Purged","floor":39.0,"gold_loss":0.0,"damage_taken":0.0},{"damage_healed":0.0,"max_hp_gain":0.0,"max_hp_loss":0.0,"gold_gain":333.0,"event_name":"The Moai Head","player_choice":"Gave Idol","floor":46.0,"relics_lost":["Golden Idol"],"gold_loss":0.0,"damage_taken":0.0},{"damage_healed":0,"gold_gain":0,"player_choice":"Ignored","damage_taken":0,"max_hp_gain":0,"max_hp_loss":0,"event_name":"Mysterious Sphere","floor":47,"gold_loss":0}],"is_beta":false,"boss_relics":[{"not_picked":["Honey Jar","Tiny House"],"picked":"StSpp:FireArrow"},{"not_picked":["Pandora\u0027s Box","Astrolabe"],"picked":"Runic Pyramid"}],"items_purged_floors":[4,12,29,36],"is_endless":false,"potions_floor_spawned":[3,5,13,16,18,22,28,31,35],"ascension_level":0}}