{"host":"y7wrf01yacd588jx","time":1611624858,"event":{"mods":["AchievementEnabler","Act Like it!","Aspiration","BaseMod","Colored Map","Colored Powertips","Conspire","Downfall","Energized Spire","Friendly Minions","Gensokyo","GifTheSpireLib","Googly Eyes","Hubris","Infinite Spire","Minty Spire (QoL Compilation)","Permanent Neow","Relic Sorter","Reliquary","Replay The Spire","Shade Mod","StSLib","Stuff the Spire","The Death Knight"],"gold_per_floor":[99,99,99,147,163,176,176,189,202,214,214,227,69,85,101,197,197,197,212,225,244,122,122,147,247,247,247,247,247],"floor_reached":27,"language":"ENG","playtime":2149,"items_purged":[],"score":232,"play_id":"1b37d3a5-2c3c-4c25-bc1b-53673fdfab0a","local_time":"20210125203418","is_ascension_mode":false,"campfire_choices":[{"floor":18,"key":"DIG"}],"circlet_count":0,"master_deck":["bronze:Strike","bronze:Strike","bronze:Strike","bronze:Strike","bronze:Defend","bronze:Defend","bronze:Defend","bronze:Defend","bronze:Replicate","bronze:Goto","bronze:DelayedSlice","bronze:Boost","bronze:OilSpill","bronze:OilSpill","bronze:OilSpill","bronze:Deprecate","bronze:Backtrace","bronze:Frontload","bronze:ForceShield","bronze:BurnOut","bronze:BugBarrage","bronze:DarkDash","bronze:Optimize","StuffTheSpire:Brawn"],"relics":["StuffTheSpire:OccultApparatus","infinitespire:CursedDice","downfall:KnowingSkull","aspiration:BabyByrd","Bag of Preparation","Chameleon Ring","Omamori","Calling Bell","Orichalcum","Darkstone Periapt","Calipers","Blue Candle","hubris:TenFootPole"],"acts_visited":["Exordium","TheCity"],"potions_floor_usage":[15,16,16,16,21,27,27],"damage_taken":[{"damage":6,"enemies":"Cultist","floor":5,"turns":3},{"damage":5,"enemies":"Small Slimes","floor":6,"turns":3},{"damage":0,"enemies":"Jaw Worm","floor":8,"turns":3},{"damage":0,"enemies":"3 Louse","floor":9,"turns":2},{"damage":0,"enemies":"Large Slime","floor":10,"turns":2},{"damage":8,"enemies":"Blue Slaver","floor":12,"turns":3},{"damage":0,"enemies":"downfall:FleeingMerchant","floor":13,"turns":4},{"damage":0,"enemies":"Exordium Wildlife","floor":14,"turns":3},{"damage":0,"enemies":"Large Slime","floor":15,"turns":4},{"damage":12,"enemies":"SI_SHIV_ARCHETYPE","floor":16,"turns":7},{"damage":10,"enemies":"3 Byrds","floor":19,"turns":5},{"damage":31,"enemies":"Shelled Parasite and Fungi","floor":20,"turns":4},{"damage":4,"enemies":"Snecko","floor":21,"turns":5},{"damage":23,"enemies":"DF_ARCHETYPE_STREAMLINE","floor":27,"turns":4}],"seed_played":"2006390971530352151","potions_obtained":[{"floor":4,"key":"Reflective Coating"},{"floor":4,"key":"Explosive Potion"},{"floor":15,"key":"SpeedPotion"},{"floor":19,"key":"Strength Potion"},{"floor":20,"key":"Energy Potion"},{"floor":26,"key":"hexamod:SoulburnPotion"},{"floor":26,"key":"DuplicationPotion"}],"is_trial":false,"path_per_floor":["R_BF","?","?","?","M","M","T","M","M","M","?","M","$","M","M","B",null,"R_BF","M","M","M","?","?","T","?","R","?"],"character_chosen":"THE_AUTOMATON","items_purchased":["Omamori"],"campfire_rested":0,"item_purchase_floors":[13],"current_hp_per_floor":[56,56,56,31,25,20,20,20,20,20,20,12,12,12,12,23,63,63,53,22,18,18,18,18,18,18,0,0,0],"gold":247,"neow_bonus":"ONE_RARE_RELIC","is_daily":false,"chose_seed":false,"campfire_upgraded":0,"win_rate":0.0,"timestamp":1611624858,"path_taken":["R_BF","?","?","?","M","M","T","M","M","?","?","M","$","M","M","BOSS","R_BF","M","M","M","?","?","T","?","R","?"],"items_purchased_type":["Relic"],"build_version":"2020-12-22","purchased_purges":0,"victory":false,"max_hp_per_floor":[63,63,63,63,63,63,63,63,63,63,63,63,63,63,63,63,63,63,63,63,63,63,63,63,63,63,63,63,63],"card_choices":[{"not_picked":["bronze:Fortify","bronze:DelayedGuard"],"picked":"bronze:DelayedSlice","floor":4},{"not_picked":["bronze:ForLoop","bronze:Overheat"],"picked":"bronze:Boost","floor":5},{"not_picked":["bronze:BitShift","bronze:FollowUp"],"picked":"bronze:OilSpill","floor":6},{"not_picked":["bronze:Backtrace","bronze:Mutator"],"picked":"bronze:OilSpill","floor":8},{"not_picked":["bronze:DelayedSlice","bronze:Overload"],"picked":"bronze:OilSpill","floor":9},{"not_picked":["bronze:OilSpill","bronze:FollowUp"],"picked":"bronze:Deprecate","floor":10},{"not_picked":["bronze:Frontload","bronze:ShipIt"],"picked":"bronze:Backtrace","floor":12},{"not_picked":["bronze:Branch","bronze:Overload","bronze:CutThrough"],"picked":"SKIP","floor":13},{"not_picked":["bronze:Shield","bronze:Overheat"],"picked":"bronze:Frontload","floor":14},{"not_picked":["bronze:Shell","bronze:Fortify"],"picked":"bronze:ForceShield","floor":15},{"not_picked":["bronze:HyperBeam","bronze:Break"],"picked":"bronze:BurnOut","floor":16},{"not_picked":["bronze:ChosenStrike","bronze:CleanCode"],"picked":"bronze:BugBarrage","floor":19},{"not_picked":["bronze:DelayedGuard","bronze:Frontload"],"picked":"bronze:DarkDash","floor":20},{"not_picked":["bronze:BitShift+1","bronze:Shell"],"picked":"bronze:Optimize","floor":21}],"player_experience":136812,"relics_obtained":[{"floor":4,"key":"Bag of Preparation"},{"floor":7,"key":"Chameleon Ring"},{"floor":17,"key":"Orichalcum"},{"floor":17,"key":"Darkstone Periapt"},{"floor":17,"key":"Calipers"},{"floor":18,"key":"Blue Candle"},{"floor":24,"key":"hubris:TenFootPole"}],"event_choices":[{"damage_healed":0,"gold_gain":0,"player_choice":"Ignored","damage_taken":0,"max_hp_gain":0,"max_hp_loss":0,"event_name":"Vampires","floor":23,"gold_loss":0}],"is_beta":false,"boss_relics":[{"not_picked":["energizedSpire:EnergizedDie","ReplayTheSpireMod:SealedPack"],"picked":"Calling Bell"}],"items_purged_floors":[],"is_endless":false,"potions_floor_spawned":[5,8,9,15,19,20],"killed_by":"DF_ARCHETYPE_STREAMLINE","ascension_level":0}}