{"host":"qy1e0kd24tpj3i2m","time":1611677356,"event":{"mods":["Act Like it!","Alarm Clock","BaseMod","Better Skull","Better Vampires","Colored Map","Colored Powertips","Custom Start","Faster Ascension Climbing","Friendly Minions","GifTheSpireLib","Gremlin Skip","Highlight Path","Minty Spire (QoL Compilation)","Permanent Neow","Poor People Problems","Quick Restart","Red Circlet Mod","Relic Filter Mod","Relic Sorter","Reorder Act Four","SacredBarkPlus","Shop Mod","StSLib","SuperFastMode","Transform Curses","没有小屋子和绿帽子啦"],"gold_per_floor":[116,116,41,59,59,92,167,167,167,167,167,167,188,221,221,294,-206,-195,-195,-195,-176,-176,-176,-157,-145,-69,-51,-18,-7,3,32,32,103,103,115,115,40,56,74,74,74,74,74,100,0,0,32,32,32,32,32,32],"floor_reached":51,"language":"ZHS","playtime":2686,"items_purged":["Strike_R","Defend_R"],"score":1552,"play_id":"55830294-1da1-43d8-bd6d-91b57ecb5178","local_time":"20210127010916","is_ascension_mode":true,"campfire_choices":[{"floor":8.0,"key":"REST"},{"data":"Body Slam","floor":10.0,"key":"SMITH"},{"data":"Impervious","floor":12.0,"key":"SMITH"},{"data":"Entrench","floor":15.0,"key":"SMITH"},{"data":"Barricade","floor":23.0,"key":"SMITH"},{"floor":32.0,"key":"RECALL"},{"data":"Whirlwind","floor":40.0,"key":"SMITH"},{"data":"Uppercut","floor":42.0,"key":"SMITH"},{"data":"Impervious","floor":46.0,"key":"SMITH"},{"data":"Limit Break","floor":49.0,"key":"SMITH"}],"circlet_count":0,"master_deck":["AscendersBane","Strike_R","Strike_R","Strike_R","Defend_R","Defend_R","Burning Pact","Impervious+1","Power Through","Body Slam+1","Entrench+1","Reckless Charge","Barricade+1","Shrug It Off","Wild Strike","Uppercut+1","Wild Strike","Whirlwind+1","Burning Pact","Sentinel","Exhume","Limit Break+1","Impervious+1","CurseOfTheBell","Headbutt","Inflame+1","Madness","Madness","Pommel Strike+1","Dark Embrace+1"],"relics":["Burning Blood","MealTicket","Dead Branch","Ice Cream","Odd Mushroom","TungstenRod","Tiny House","Letter Opener","StrikeDummy","Self Forming Clay","Mummified Hand","Calling Bell","Red Skull","Pantograph","Prayer Wheel","Blood Vial","Anchor","White Beast Statue"],"acts_visited":["Exordium","TheCity","TheBeyond"],"potions_floor_usage":[],"damage_taken":[{"damage":4.0,"enemies":"2 Louse","floor":1.0,"turns":3.0},{"damage":5.0,"enemies":"Small Slimes","floor":4.0,"turns":6.0},{"damage":66.0,"enemies":"Gremlin Nob","floor":6.0,"turns":7.0},{"damage":7.0,"enemies":"The Mushroom Lair","floor":13.0,"turns":4.0},{"damage":6.0,"enemies":"3 Sentries","floor":14.0,"turns":5.0},{"damage":48.0,"enemies":"The Guardian","floor":16.0,"turns":13.0},{"damage":21.0,"enemies":"3 Byrds","floor":18.0,"turns":6.0},{"damage":0.0,"enemies":"Chosen","floor":21.0,"turns":6.0},{"damage":15.0,"enemies":"Snake Plant","floor":24.0,"turns":4.0},{"damage":11.0,"enemies":"Snecko","floor":25.0,"turns":6.0},{"damage":0.0,"enemies":"Sentry and Sphere","floor":27.0,"turns":4.0},{"damage":0.0,"enemies":"Slavers","floor":28.0,"turns":7.0},{"damage":11.0,"enemies":"Cultist and Chosen","floor":29.0,"turns":5.0},{"damage":3.0,"enemies":"Chosen and Byrds","floor":30.0,"turns":5.0},{"damage":11.0,"enemies":"Gremlin Leader","floor":31.0,"turns":6.0},{"damage":35.0,"enemies":"Collector","floor":33.0,"turns":10.0},{"damage":19.0,"enemies":"3 Shapes","floor":35.0,"turns":4.0},{"damage":0.0,"enemies":"Orb Walker","floor":38.0,"turns":5.0},{"damage":0.0,"enemies":"Jaw Worm Horde","floor":39.0,"turns":6.0},{"damage":61.0,"enemies":"Nemesis","floor":44.0,"turns":7.0},{"damage":14.0,"enemies":"Reptomancer","floor":47.0,"turns":6.0},{"damage":0.0,"enemies":"Writhing Mass","floor":48.0,"turns":1.0},{"damage":41.0,"enemies":"Donu and Deca","floor":50.0,"turns":7.0},{"damage":72,"enemies":"Awakened One","floor":51,"turns":11}],"seed_played":"-3744704250560529324","potions_obtained":[{"floor":1.0,"key":"FairyPotion"},{"floor":4.0,"key":"Block Potion"},{"floor":16.0,"key":"Fruit Juice"},{"floor":21.0,"key":"EssenceOfSteel"},{"floor":27.0,"key":"SkillPotion"},{"floor":31.0,"key":"SneckoOil"},{"floor":35.0,"key":"SmokeBomb"},{"floor":44.0,"key":"BloodPotion"},{"floor":47.0,"key":"SkillPotion"}],"is_trial":false,"path_per_floor":["M","?","?","M","?","E","?","R","T","R","T","R","?","E","R","B",null,"M","?","T","M","?","R","M","M","T","M","E","M","M","E","R","B",null,"M","?","$","M","M","R","?","R","T","E","$","R","E","M","R","B","B"],"character_chosen":"IRONCLAD","items_purchased":[],"campfire_rested":1,"item_purchase_floors":[],"current_hp_per_floor":[70,75,75,76,76,16,5,29,29,29,29,29,28,28,28,17,68,53,53,53,59,59,59,50,45,45,51,57,52,55,50,50,21,69,56,42,57,63,69,69,69,69,69,33,48,48,42,50,50,42,0,0],"gold":32,"neow_bonus":"RANDOM_COMMON_RELIC","is_daily":false,"chose_seed":false,"campfire_upgraded":8,"win_rate":0.0,"timestamp":1611677356,"path_taken":["M","?","?","M","?","E","?","R","T","R","?","R","?","E","R","BOSS","M","?","?","M","?","R","M","M","T","M","E","M","M","E","R","BOSS","M","?","?","M","?","R","?","R","T","E","$","R","E","M","R","BOSS","BOSS"],"items_purchased_type":[],"build_version":"2020-12-22","purchased_purges":2,"victory":false,"max_hp_per_floor":[75,80,80,80,80,80,80,80,80,80,80,80,80,80,80,85,85,85,85,85,85,85,85,85,85,85,85,85,85,85,85,85,85,85,85,85,85,85,85,85,85,85,85,85,85,85,85,85,85,85,85,85],"card_choices":[{"not_picked":["Wild Strike","Shrug It Off"],"picked":"Burning Pact","floor":1.0},{"not_picked":["Feel No Pain","Perfected Strike"],"picked":"Impervious","floor":4.0},{"not_picked":["Brutality","Clash"],"picked":"Body Slam","floor":6.0},{"not_picked":["Armaments","True Grit"],"picked":"Entrench","floor":13.0},{"not_picked":["Flex","Iron Wave"],"picked":"Reckless Charge","floor":14.0},{"not_picked":["Juggernaut","Demon Form"],"picked":"Barricade","floor":16.0},{"not_picked":["Thunderclap","Warcry+1"],"picked":"Shrug It Off","floor":18.0},{"not_picked":["Havoc","Sword Boomerang"],"picked":"Wild Strike","floor":21.0},{"not_picked":["Body Slam","Dual Wield+1"],"picked":"Wild Strike","floor":24.0},{"not_picked":["Warcry","Dual Wield"],"picked":"Fire Breathing","floor":25.0},{"not_picked":["Spot Weakness","Dropkick"],"picked":"Whirlwind","floor":27.0},{"not_picked":["Body Slam","True Grit"],"picked":"Burning Pact","floor":28.0},{"not_picked":["Shrug It Off","Headbutt"],"picked":"Sentinel","floor":29.0},{"not_picked":["Infernal Blade+1","Shrug It Off"],"picked":"Exhume","floor":30.0},{"not_picked":["Battle Trance","Wild Strike"],"picked":"Limit Break","floor":31.0},{"not_picked":["Barricade","Reaper"],"picked":"Impervious","floor":33.0},{"not_picked":["Armaments","Carnage"],"picked":"Headbutt","floor":35.0},{"not_picked":["Heavy Blade","Perfected Strike"],"picked":"Inflame+1","floor":35.0},{"not_picked":["Inflame","Havoc","Sever Soul"],"picked":"SKIP","floor":38.0},{"not_picked":["Blood for Blood","Hemokinesis","True Grit"],"picked":"SKIP","floor":38.0},{"not_picked":["Searing Blow","Iron Wave+1"],"picked":"Pommel Strike+1","floor":39.0},{"not_picked":["Cleave","Bloodletting"],"picked":"Dark Embrace+1","floor":39.0},{"not_picked":["Searing Blow","Rupture","Armaments"],"picked":"SKIP","floor":44.0},{"not_picked":["Flex","Perfected Strike","Twin Strike"],"picked":"SKIP","floor":47.0}],"player_experience":946734,"relics_obtained":[{"floor":6.0,"key":"Dead Branch"},{"floor":11.0,"key":"Ice Cream"},{"floor":13.0,"key":"Odd Mushroom"},{"floor":14.0,"key":"TungstenRod"},{"floor":20.0,"key":"Letter Opener"},{"floor":26.0,"key":"StrikeDummy"},{"floor":28.0,"key":"Self Forming Clay"},{"floor":31.0,"key":"Mummified Hand"},{"floor":34.0,"key":"Red Skull"},{"floor":34.0,"key":"Pantograph"},{"floor":34.0,"key":"Prayer Wheel"},{"floor":43.0,"key":"Blood Vial"},{"floor":44.0,"key":"Anchor"},{"floor":47.0,"key":"White Beast Statue"}],"event_choices":[{"damage_healed":0.0,"max_hp_gain":5.0,"max_hp_loss":0.0,"gold_gain":0.0,"event_name":"Big Fish","player_choice":"Donut","floor":2.0,"gold_loss":0.0,"damage_taken":0.0},{"cards_removed":["Bash"],"damage_healed":0.0,"max_hp_gain":0.0,"max_hp_loss":0.0,"gold_gain":0.0,"event_name":"The Cleric","player_choice":"Card Removal","floor":3.0,"gold_loss":75.0,"damage_taken":0.0},{"damage_healed":0.0,"max_hp_gain":0.0,"max_hp_loss":0.0,"gold_gain":0.0,"cards_transformed":["Defend_R"],"event_name":"Living Wall","player_choice":"Change","floor":5.0,"gold_loss":0.0,"damage_taken":0.0,"cards_obtained":["Power Through"]},{"damage_healed":0.0,"max_hp_gain":0.0,"max_hp_loss":0.0,"gold_gain":75.0,"event_name":"World of Goop","player_choice":"Gather Gold","floor":7.0,"gold_loss":0.0,"damage_taken":11.0},{"damage_healed":0.0,"max_hp_gain":0.0,"max_hp_loss":0.0,"gold_gain":0.0,"event_name":"Mushrooms","player_choice":"Fought Mushrooms","floor":13.0,"gold_loss":0.0,"damage_taken":0.0},{"cards_removed":["Strike_R"],"damage_healed":0.0,"max_hp_gain":0.0,"max_hp_loss":0.0,"gold_gain":0.0,"event_name":"Back to Basics","player_choice":"Elegance","floor":19.0,"gold_loss":0.0,"damage_taken":0.0},{"damage_healed":0.0,"max_hp_gain":0.0,"max_hp_loss":0.0,"gold_gain":0.0,"event_name":"The Library","player_choice":"Read","floor":22.0,"gold_loss":0.0,"damage_taken":0.0,"cards_obtained":["Uppercut"]},{"damage_healed":0.0,"max_hp_gain":0.0,"max_hp_loss":0.0,"gold_gain":0.0,"event_name":"Winding Halls","player_choice":"Embrace Madness","floor":36.0,"gold_loss":0.0,"damage_taken":15.0,"cards_obtained":["Madness","Madness"]},{"cards_removed":["Fire Breathing"],"damage_healed":0.0,"max_hp_gain":0.0,"max_hp_loss":0.0,"gold_gain":0.0,"event_name":"Falling","player_choice":"Removed Power","floor":41.0,"gold_loss":0.0,"damage_taken":0.0}],"is_beta":false,"boss_relics":[{"not_picked":["Black Star","Philosopher\u0027s Stone"],"picked":"Tiny House"},{"not_picked":["Runic Pyramid","Velvet Choker"],"picked":"Calling Bell"}],"items_purged_floors":[37,45],"is_endless":false,"potions_floor_spawned":[1,4,16,21,27,31,35,44,47,48],"killed_by":"Awakened One","ascension_level":20}}