{"host":"7gewg82ormp6yt4e","time":1611663913,"event":{"mods":["BaseMod","Block Reminder","Colored Map","DeckTracker","Highlight Path","Minty Spire (QoL Compilation)","Relic Stats","StSLib","ojb\u0027s Info Mod"],"gold_per_floor":[113,132,148,148,168,168,199,199,199,22,22,56,56,0,0,91,91,106,156,179,179,179,179,95,95,95,118,28,28,51,51,51],"floor_reached":31,"language":"JPN","playtime":1276,"items_purged":[],"score":482,"play_id":"702eb8e6-3ba9-4495-9d3a-a5ee93959a69","local_time":"20210126212513","is_ascension_mode":true,"campfire_choices":[{"data":"Ball Lightning","floor":6,"key":"SMITH"},{"floor":8,"key":"REST"},{"data":"Sunder","floor":11,"key":"SMITH"},{"data":"Loop","floor":15,"key":"SMITH"},{"data":"Biased Cognition","floor":23,"key":"SMITH"},{"data":"Defragment","floor":25,"key":"SMITH"}],"circlet_count":0,"master_deck":["AscendersBane","Strike_B","Defend_B","Defend_B","Defend_B","Defend_B","Zap","Dualcast","Ball Lightning+1","Capacitor","Cold Snap","Echo Form","Capacitor","Biased Cognition+1","Sunder+1","Loop+1","Rainbow","Amplify+1","Reboot+1","Hologram","Cold Snap","Defragment+1","Coolheaded","Capacitor","Reinforced Body"],"relics":["Cracked Core","Golden Idol","Pear","Letter Opener","Ice Cream","Astrolabe","Bottled Tornado"],"acts_visited":["Exordium","TheCity"],"potions_floor_usage":[0,12,20,20,27],"damage_taken":[{"damage":2,"enemies":"Cultist","floor":1,"turns":4},{"damage":3,"enemies":"Small Slimes","floor":2,"turns":3},{"damage":2,"enemies":"Jaw Worm","floor":3,"turns":3},{"damage":2,"enemies":"2 Fungi Beasts","floor":5,"turns":4},{"damage":16,"enemies":"Lagavulin","floor":7,"turns":6},{"damage":9,"enemies":"3 Sentries","floor":12,"turns":4},{"damage":33,"enemies":"The Guardian","floor":16,"turns":10},{"damage":45,"enemies":"2 Thieves","floor":18,"turns":4},{"damage":13,"enemies":"Shell Parasite","floor":20,"turns":7},{"damage":17,"enemies":"Snecko","floor":27,"turns":4},{"damage":35,"enemies":"Snake Plant","floor":30,"turns":4},{"damage":27,"enemies":"Book of Stabbing","floor":31,"turns":6}],"seed_played":"6185724186888969220","potions_obtained":[{"floor":0,"key":"Fruit Juice"},{"floor":0,"key":"LiquidMemories"},{"floor":0,"key":"Swift Potion"},{"floor":2,"key":"SkillPotion"},{"floor":5,"key":"AttackPotion"},{"floor":20,"key":"Weak Potion"}],"is_trial":false,"path_per_floor":["M","M","M","?","M","R","E","R","T","$","R","E","?","$","R","B",null,"M","?","M","?","?","R","$","R","T","M","$","?","M","E"],"character_chosen":"DEFECT","items_purchased":["Biased Cognition","Sunder","FocusPotion","Defragment","Capacitor"],"campfire_rested":1,"item_purchase_floors":[10,10,14,24,28],"current_hp_per_floor":[67,64,62,62,60,60,54,77,77,77,77,68,68,68,68,35,68,23,23,10,10,79,79,79,79,79,62,62,62,27,0,0],"gold":51,"neow_bonus":"THREE_SMALL_POTIONS","is_daily":false,"chose_seed":false,"campfire_upgraded":5,"win_rate":0.0,"timestamp":1611663913,"path_taken":["M","M","?","?","M","R","E","R","T","$","R","E","?","?","R","BOSS","M","?","M","?","?","R","$","R","T","?","$","?","M","E"],"items_purchased_type":["Card","Card","Potion","Card","Card"],"build_version":"2020-12-22","purchased_purges":0,"victory":false,"max_hp_per_floor":[76,76,76,69,69,69,79,79,79,79,79,79,79,79,79,79,79,79,79,79,79,79,79,79,79,79,79,79,79,79,79,79],"relic_stats":{"counters":[12,58],"Golden Idol":53,"Astrolabe":["Amplify","Reboot","Reprogram"],"Letter Opener":[25],"obtain_stats":[{"Ice Cream":12,"Pear":7,"Golden Idol":4,"Astrolabe":17,"Letter Opener":9,"Bottled Tornado":26,"Cracked Core":0},{"Ice Cream":6,"Pear":5,"Golden Idol":3,"Astrolabe":7,"Letter Opener":5,"Bottled Tornado":9,"Cracked Core":0},{"Ice Cream":24,"Pear":20,"Golden Idol":10,"Astrolabe":33,"Letter Opener":20,"Bottled Tornado":44,"Cracked Core":0}]},"card_choices":[{"not_picked":["Hologram","Gash"],"picked":"Ball Lightning","floor":1},{"not_picked":["Storm","Rebound"],"picked":"Capacitor","floor":2},{"not_picked":["Reprogram","Capacitor"],"picked":"Cold Snap","floor":3},{"not_picked":["Lockon","Steam"],"picked":"Echo Form","floor":5},{"not_picked":["Rip and Tear","Coolheaded"],"picked":"Capacitor","floor":7},{"not_picked":["Fusion","Blizzard"],"picked":"Loop","floor":12},{"not_picked":["Reboot","Multi-Cast"],"picked":"Rainbow","floor":16},{"not_picked":["Beam Cell","Go for the Eyes"],"picked":"Hologram","floor":18},{"not_picked":["Gash","Compile Driver"],"picked":"Cold Snap","floor":20},{"not_picked":["Beam Cell","Consume"],"picked":"Coolheaded","floor":27},{"not_picked":["Rip and Tear+1","Go for the Eyes"],"picked":"Reinforced Body","floor":30}],"player_experience":2696515,"relics_obtained":[{"floor":7,"key":"Pear"},{"floor":9,"key":"Letter Opener"},{"floor":12,"key":"Ice Cream"},{"floor":26,"key":"Bottled Tornado"}],"event_choices":[{"damage_healed":0,"gold_gain":0,"player_choice":"Lose Max HP","damage_taken":0,"relics_obtained":["Golden Idol"],"max_hp_gain":0,"max_hp_loss":7,"event_name":"Golden Idol","floor":4,"gold_loss":0},{"damage_healed":0,"gold_gain":0,"player_choice":"Leave","damage_taken":0,"max_hp_gain":0,"max_hp_loss":0,"event_name":"The Cleric","floor":13,"gold_loss":0},{"damage_healed":0,"gold_gain":50,"player_choice":"Stole From Cult","damage_taken":0,"max_hp_gain":0,"max_hp_loss":0,"event_name":"Nest","floor":19,"gold_loss":0},{"damage_healed":0,"gold_gain":0,"player_choice":"Ignored","damage_taken":0,"max_hp_gain":0,"max_hp_loss":0,"event_name":"Beggar","floor":21,"gold_loss":0},{"cards_removed":["Reprogram"],"damage_healed":69,"gold_gain":0,"player_choice":"Offered Uncommon","damage_taken":0,"max_hp_gain":0,"max_hp_loss":0,"event_name":"Bonfire Elementals","floor":22,"gold_loss":0},{"damage_healed":0,"gold_gain":0,"player_choice":"Ignored","damage_taken":0,"max_hp_gain":0,"max_hp_loss":0,"event_name":"Ghosts","floor":29,"gold_loss":0}],"is_beta":false,"boss_relics":[{"not_picked":["SacredBark","Inserter"],"picked":"Astrolabe"}],"items_purged_floors":[],"is_endless":false,"potions_floor_spawned":[2,3,5,18,20],"killed_by":"Book of Stabbing","ascension_level":20}}