{"host":"qq27suot6m8koe0b","time":1611667183,"event":{"mods":["Act Like it!","BaseMod","CapriCore","Downfall","GifTheSpireLib","Minty Spire (QoL Compilation)","StSLib"],"gold_per_floor":[99,110,121,141,158,58,83,98,98,110,131,581,215,241,255,255,255,255],"floor_reached":16,"language":"ZHS","playtime":686,"items_purged":["downfall:Icky"],"score":129,"play_id":"a5b6ea1e-a72b-4420-baa5-3a022f3ca06f","local_time":"20210126211943","is_ascension_mode":false,"campfire_choices":[{"floor":1,"key":"RECALL"},{"data":"bronze:Optimize","floor":6,"key":"SMITH"},{"data":"bronze:Terminator","floor":9,"key":"SMITH"}],"circlet_count":0,"master_deck":["bronze:Strike","bronze:Strike","bronze:Strike","bronze:Strike","bronze:Defend","bronze:Defend","bronze:Defend","bronze:Defend","bronze:Replicate","bronze:Goto","bronze:Optimize+1","bronze:Terminator+1","bronze:Constructor","bronze:Iterate","bronze:ItsAFeature","bronze:ChosenStrike","downfall:Icky","downfall:Icky","expansioncontent:QuickStudy","bronze:Repulsor","bronze:DelayedGuard"],"relics":["bronze:BronzeCore","bronze:SilverBullet","downfall:HeartBlessingRed","Potion Belt","Odd Mushroom","Membership Card","MealTicket"],"acts_visited":["Exordium"],"potions_floor_usage":[14,14,16],"damage_taken":[{"damage":3,"enemies":"2 Louse","floor":2,"turns":2},{"damage":6,"enemies":"Jaw Worm","floor":3,"turns":4},{"damage":0,"enemies":"Small Slimes","floor":4,"turns":2},{"damage":9,"enemies":"Blue Slaver","floor":5,"turns":4},{"damage":0,"enemies":"Lots of Slimes","floor":8,"turns":1},{"damage":1,"enemies":"Large Slime","floor":10,"turns":3},{"damage":4,"enemies":"The Mushroom Lair","floor":11,"turns":3},{"damage":5,"enemies":"downfall:FleeingMerchant","floor":13,"turns":4},{"damage":0,"enemies":"Gremlin Nob","floor":14,"turns":3},{"damage":3,"enemies":"Red Slaver","floor":15,"turns":2},{"damage":64,"enemies":"SI_SHIV_ARCHETYPE","floor":16,"turns":10}],"seed_played":"8041295782659286102","potions_obtained":[{"floor":2,"key":"Regen Potion"},{"floor":5,"key":"BlessingOfTheForge"},{"floor":8,"key":"Ancient Potion"},{"floor":10,"key":"Regen Potion"}],"is_trial":false,"path_per_floor":["R","M","M","M","M","R","T","M","R","M","?","?","$","E","M","B"],"character_chosen":"THE_AUTOMATON","items_purchased":["Membership Card","expansioncontent:QuickStudy","bronze:Repulsor"],"campfire_rested":0,"item_purchase_floors":[13,13,13],"current_hp_per_floor":[70,67,61,61,52,52,52,52,52,51,47,47,42,51,48,0,0,0],"gold":255,"neow_bonus":"RANDOM_COMMON_RELIC","is_daily":false,"chose_seed":false,"campfire_upgraded":2,"win_rate":0.0,"timestamp":1611667183,"path_taken":["R","M","M","M","M","R","T","M","R","M","?","?","$","E","M","BOSS"],"items_purchased_type":["Relic","Card","Card"],"build_version":"2020-12-22","purchased_purges":1,"victory":false,"max_hp_per_floor":[70,70,70,70,70,70,70,70,70,70,70,70,70,70,70,70,70,70],"card_choices":[{"not_picked":["bronze:MaxOutput","bronze:Philosophize"],"picked":"bronze:Optimize","floor":2},{"not_picked":["bronze:Invalidate","bronze:Turbo"],"picked":"bronze:Terminator","floor":3},{"not_picked":["bronze:BuggyMess","bronze:Optimize"],"picked":"bronze:Constructor","floor":4},{"not_picked":["bronze:Overheat","bronze:Invalidate","bronze:Return"],"picked":"SKIP","floor":5},{"not_picked":["bronze:Deprecate","bronze:Overload"],"picked":"bronze:Iterate","floor":8},{"not_picked":["bronze:DarkDash","bronze:Turbo"],"picked":"bronze:ItsAFeature","floor":10},{"not_picked":["bronze:Deprecate","bronze:Overheat"],"picked":"bronze:ChosenStrike","floor":11},{"not_picked":["bronze:ForLoop","bronze:Constructor","bronze:NullPointer"],"picked":"SKIP","floor":13},{"not_picked":["bronze:Break","bronze:Optimize"],"picked":"bronze:DelayedGuard","floor":14},{"not_picked":["bronze:BitShift","bronze:BugBarrage","bronze:CutThrough"],"picked":"SKIP","floor":15}],"player_experience":367136,"relics_obtained":[{"floor":7,"key":"Potion Belt"},{"floor":11,"key":"Odd Mushroom"},{"floor":14,"key":"MealTicket"}],"event_choices":[{"damage_healed":0,"gold_gain":0,"player_choice":"Fought Mushrooms","damage_taken":0,"max_hp_gain":0,"max_hp_loss":0,"event_name":"Mushrooms","floor":11,"gold_loss":0}],"is_beta":false,"boss_relics":[],"items_purged_floors":[13],"is_endless":false,"potions_floor_spawned":[2,5,8,10],"killed_by":"SI_SHIV_ARCHETYPE","ascension_level":0}}