{"host":"yqw1zpryoutrnocq","time":1611670978,"event":{"mods":["2.2 Compatiblity","AchievementEnabler","BaseMod","Colored Map","Custom Start","DeckTracker","Minty Spire (QoL Compilation)","Replay The Spire","StSLib","SuperFastMode"],"gold_per_floor":[116,128,203,153,153,153,183,201,201,226,236,236,236,236,411,431,431,526,526,538,555,572,572,572],"floor_reached":23,"language":"KOR","playtime":775,"items_purged":[],"score":271,"play_id":"7cc6b6c9-fde9-4783-b3fb-4820a398bcd1","local_time":"20210126082258","is_ascension_mode":true,"campfire_choices":[{"data":"Cloak And Dagger","floor":6,"key":"SMITH"},{"floor":14,"key":"REST"}],"circlet_count":0,"master_deck":["Strike_G","Strike_G","Strike_G","Strike_G","Defend_G","Defend_G","Defend_G","Defend_G","Defend_G","Survivor","Neutralize","Cloak And Dagger+1","Heel Hook","Pain","Backflip","Well Laid Plans","ReplayTheSpireMod:Scrap Shanks","Noxious Fumes","Doubt","Blur","Adrenaline","CurseOfTheBell","Calculated Gamble","Dodge and Roll+1","Footwork"],"relics":["Ring of the Snake","NeowsBlessing","WarpedTongs","Turnip","Durian","Nunchaku","Calling Bell","Anchor","Matryoshka","Bird Faced Urn"],"acts_visited":["Exordium","TheCity"],"potions_floor_usage":[10,10,10,17,18,18],"damage_taken":[{"damage":0,"enemies":"Small Slimes","floor":1,"turns":1},{"damage":0,"enemies":"2 Louse","floor":2,"turns":1},{"damage":0,"enemies":"3 Sentries","floor":7,"turns":1},{"damage":6,"enemies":"Cultist","floor":8,"turns":3},{"damage":16,"enemies":"Gremlin Nob","floor":10,"turns":5},{"damage":26,"enemies":"3 Louse","floor":11,"turns":5},{"damage":8,"enemies":"2 Fungi Beasts","floor":16,"turns":4},{"damage":22,"enemies":"The Guardian","floor":18,"turns":13},{"damage":62,"enemies":"3 Byrds","floor":20,"turns":8},{"damage":6,"enemies":"Chosen","floor":21,"turns":6},{"damage":10,"enemies":"Snake Plant","floor":22,"turns":8},{"damage":27,"enemies":"Cultist and Chosen","floor":23,"turns":4}],"seed_played":"-9017375125705538902","potions_obtained":[{"floor":2,"key":"Venom Potion"},{"floor":7,"key":"PowerPotion"},{"floor":8,"key":"Block Potion"},{"floor":16,"key":"Toxic Potion"},{"floor":17,"key":"Fruit Juice"},{"floor":17,"key":"EssenceOfSteel"},{"floor":21,"key":"Milkshake"}],"is_trial":false,"path_per_floor":["M","M","?","?","?","R","E","M","T","E","M","PTL","PTL","R","?","M","R_BF","B",null,"M","M","M","M"],"character_chosen":"THE_SILENT","items_purchased":[],"campfire_rested":1,"item_purchase_floors":[],"current_hp_per_floor":[70,70,59,59,59,59,59,53,58,42,16,16,16,38,38,30,35,13,80,22,22,18,0,0],"gold":572,"neow_bonus":"THREE_ENEMY_KILL","is_daily":false,"chose_seed":false,"campfire_upgraded":1,"win_rate":0.0,"timestamp":1611670978,"path_taken":["M","M","?","?","?","R","E","M","T","E","?","PTL","PTL","R","?","M","R_BF","BOSS","M","M","M","M"],"items_purchased_type":[],"build_version":"2020-12-22","purchased_purges":0,"victory":false,"max_hp_per_floor":[70,70,70,70,70,70,70,70,75,75,75,75,75,75,75,75,80,80,80,80,80,80,80,80],"card_choices":[{"not_picked":["Dagger Spray","Sucker Punch"],"picked":"Cloak And Dagger","floor":1},{"not_picked":["Poisoned Stab","Phantasmal Killer"],"picked":"Heel Hook","floor":2},{"not_picked":["Outmaneuver","Expertise"],"picked":"Backflip","floor":7},{"not_picked":["Underhanded Strike","Sucker Punch"],"picked":"Well Laid Plans","floor":8},{"not_picked":["Tactician","Reflex"],"picked":"ReplayTheSpireMod:Scrap Shanks","floor":10},{"not_picked":["Flying Knee","Cloak And Dagger"],"picked":"Noxious Fumes","floor":11},{"not_picked":["Flying Knee","Deflect"],"picked":"Blur","floor":16},{"not_picked":["A Thousand Cuts","ReplayTheSpireMod:From All Sides"],"picked":"Adrenaline","floor":18},{"not_picked":["ReplayTheSpireMod:The Works","Prepared"],"picked":"Calculated Gamble","floor":20},{"not_picked":["Dagger Throw","Acrobatics"],"picked":"Dodge and Roll+1","floor":21},{"not_picked":["Underhanded Strike","Backflip"],"picked":"Footwork","floor":22}],"player_experience":228699,"relics_obtained":[{"floor":7,"key":"Turnip"},{"floor":9,"key":"Durian"},{"floor":10,"key":"Nunchaku"},{"floor":19,"key":"Anchor"},{"floor":19,"key":"Matryoshka"},{"floor":19,"key":"Bird Faced Urn"}],"event_choices":[{"damage_healed":0,"gold_gain":75,"player_choice":"Gather Gold","damage_taken":11,"max_hp_gain":0,"max_hp_loss":0,"event_name":"World of Goop","floor":3,"gold_loss":0},{"cards_removed":["Strike_G"],"damage_healed":0,"gold_gain":0,"player_choice":"Card Removal","damage_taken":0,"max_hp_gain":0,"max_hp_loss":0,"event_name":"The Cleric","floor":4,"gold_loss":50},{"damage_healed":0,"gold_gain":0,"player_choice":"Rummage","damage_taken":0,"relics_obtained":["WarpedTongs"],"max_hp_gain":0,"max_hp_loss":0,"event_name":"Accursed Blacksmith","floor":5,"gold_loss":0,"cards_obtained":["Pain"]},{"damage_healed":0,"gold_gain":175,"player_choice":"AGREE","damage_taken":0,"max_hp_gain":0,"max_hp_loss":0,"event_name":"Liars Game","floor":15,"gold_loss":0,"cards_obtained":["Doubt"]}],"is_beta":false,"boss_relics":[{"not_picked":["Empty Cage","SacredBark"],"picked":"Calling Bell"}],"items_purged_floors":[],"is_endless":false,"potions_floor_spawned":[2,7,8,16,21],"killed_by":"Cultist and Chosen","ascension_level":4}}