{"host":"el64n55ujqqj0ju7","time":1611621273,"event":{"mods":["AchievementEnabler","Act Like it!","BaseMod","Beaked The Cultist","Better Altar","Better Third Choice","BetterRewards","Card Forge","Colored Map","Conspire","Downfall","Hallownest","Hermit","Hubris","Infinite Spire","Minty Spire (QoL Compilation)","Rare Cards Sparkle","Reliquary","Replay The Spire","Spicy Shops","Spikes Relics","StSLib","The Bug Knight","The Hierophant"],"gold_per_floor":[115,115,115,40,57,88,88,106,129,154,169,199,199,219,219,314,314,325,344,344,344,344],"floor_reached":21,"language":"ENG","playtime":1215,"items_purged":["Delirium"],"score":246,"play_id":"0faad666-a9b4-4d31-9f39-a2c59e678089","local_time":"20210125193433","is_ascension_mode":true,"campfire_choices":[{"data":"Armaments","floor":7,"key":"SMITH"},{"data":"Run Through","floor":15,"key":"SMITH"}],"circlet_count":0,"master_deck":["Strike_R","Strike_R","Strike_R","Strike_R","Strike_R","Defend_R","Defend_R","Defend_R","Defend_R","Bash+1","Sword Boomerang","Armaments+1","Run Through+1","Battle Trance","Dual Wield","Uppercut+1","Cleave","Pot Of Greed","Pot Of Greed"],"relics":["Burning Blood","Hammer of Thor","Seething Fire","Anvil of the Gods","Ring of Peace","Ring of Panic","Toy Ornithopter","Oddly Smooth Stone","BrokenLever","infinitespire:PuzzleCube","conspire:RoyalGoblet","Grinning Jar"],"acts_visited":["Exordium","TheCity"],"potions_floor_usage":[6,12],"damage_taken":[{"damage":7,"enemies":"2 Louse","floor":1,"turns":3},{"damage":0,"enemies":"conspire:RoseBush","floor":5,"turns":3},{"damage":36,"enemies":"HollowMod:MossKnight","floor":6,"turns":12},{"damage":0,"enemies":"Cultist","floor":8,"turns":3},{"damage":0,"enemies":"Replay:BlueRogue","floor":10,"turns":5},{"damage":0,"enemies":"Large Slime","floor":11,"turns":6},{"damage":34,"enemies":"HollowMod:MossKnight","floor":12,"turns":7},{"damage":0,"enemies":"3 Louse","floor":14,"turns":2},{"damage":43,"enemies":"Hexaghost","floor":16,"turns":12},{"damage":13,"enemies":"3 Byrds","floor":18,"turns":7},{"damage":42,"enemies":"conspire:FuzzyDice","floor":19,"turns":8},{"damage":0,"enemies":"conspire:HollyBat","floor":21,"turns":5}],"seed_played":"8946840252126647126","potions_obtained":[{"floor":5,"key":"BlessingOfTheForge"},{"floor":10,"key":"BlessingOfTheForge"},{"floor":11,"key":"SteroidPotion"},{"floor":12,"key":"LifebloodPotion"},{"floor":16,"key":"AttackPotion"}],"is_trial":false,"path_per_floor":["M","?","?","$","M","E","R","M","T","E","M","E","?","M","R","B",null,"M","M","?","M"],"character_chosen":"IRONCLAD","items_purchased":[],"campfire_rested":0,"item_purchase_floors":[],"current_hp_per_floor":[79,79,79,79,80,50,50,56,56,62,68,45,45,51,51,14,80,73,37,37,37,37],"gold":344,"neow_bonus":"THREE_CARDS","is_daily":false,"chose_seed":false,"campfire_upgraded":2,"win_rate":0.0,"timestamp":1611621273,"path_taken":["M","?","?","$","M","E","R","M","T","E","M","E","?","M","R","BOSS","M","M","?","M"],"items_purchased_type":[],"build_version":"2020-12-22","purchased_purges":1,"victory":false,"max_hp_per_floor":[80,80,80,80,80,80,80,80,80,80,80,80,80,80,80,80,80,80,80,80,80,80],"card_choices":[{"not_picked":["Iron Wave","Wild Strike"],"picked":"Sword Boomerang","floor":0},{"not_picked":["hubris:ReadiedAction","Anger","Clash"],"picked":"SKIP","floor":1},{"not_picked":["Body Slam","conspire:ExplosiveBarrier"],"picked":"Armaments","floor":5},{"not_picked":["hubris:StunningStrike","ReplayTheSpireMod:Strike From Hell"],"picked":"Run Through","floor":6},{"not_picked":["Thunderclap","Iron Wave"],"picked":"Battle Trance","floor":8},{"not_picked":["conspire:Charge","hubris:ReadiedAction"],"picked":"Dual Wield","floor":10},{"not_picked":["True Grit","Armaments","Dark Embrace"],"picked":"SKIP","floor":11},{"not_picked":["Combust","Armaments"],"picked":"Uppercut","floor":12},{"not_picked":["Body Slam","Cleave","Warcry"],"picked":"SKIP","floor":14},{"not_picked":["Second Wind","Heavy Blade","Fire Breathing"],"picked":"SKIP","floor":18},{"not_picked":["Searing Blow","Run Through"],"picked":"Cleave","floor":19}],"player_experience":25619,"relics_obtained":[{"floor":3,"key":"Ring of Peace"},{"floor":3,"key":"Ring of Panic"},{"floor":6,"key":"Toy Ornithopter"},{"floor":9,"key":"Oddly Smooth Stone"},{"floor":10,"key":"BrokenLever"},{"floor":12,"key":"infinitespire:PuzzleCube"}],"event_choices":[{"damage_healed":0,"gold_gain":0,"player_choice":"Grow","damage_taken":0,"max_hp_gain":0,"max_hp_loss":0,"event_name":"Living Wall","floor":2,"gold_loss":0,"cards_upgraded":["Bash"]},{"damage_healed":0,"gold_gain":0,"player_choice":"Upgraded","damage_taken":0,"max_hp_gain":0,"max_hp_loss":0,"event_name":"Upgrade Shrine","floor":13,"gold_loss":0,"cards_upgraded":["Uppercut"]}],"is_beta":false,"boss_relics":[{"not_picked":["Ooze Armor","Kintsugi"],"picked":"conspire:RoyalGoblet"}],"items_purged_floors":[4],"is_endless":false,"potions_floor_spawned":[5,10,11,12,16],"killed_by":"conspire:HollyBat","ascension_level":2}}