{"host":"bbvmu6yleqps41w7","time":1611689600,"event":{"mods":["BaseMod","Colored Map","Colored Powertips","Downfall","Hermit","Marisa????????","Minty Spire (QoL Compilation)","StSLib","The Bug Knight","The Cursed","The Servant 0.9.4"],"gold_per_floor":[99,113,113,126,138,138,216,58,58,77,91,91,16,1,17,118,118,118,134,150,162,162,87,87,7,25,38,38,38,66,66,66],"floor_reached":31,"language":"ENG","playtime":1808,"items_purged":["HollowMod:QuickDashStart","HollowMod:QuickDashStart"],"score":247,"play_id":"08a4537e-f0d8-441d-8427-ec8faefcc2d8","local_time":"20210126123320","is_ascension_mode":false,"campfire_choices":[{"data":"HollowMod:PogoStrike","floor":1.0,"key":"SMITH"},{"data":"HollowMod:MantisMark","floor":6.0,"key":"SMITH"},{"data":"HollowMod:CycloneSlash","floor":9.0,"key":"SMITH"},{"data":"HollowMod:Weaversong","floor":18.0,"key":"SMITH"},{"data":"HollowMod:ElderbugsWisdom","floor":28,"key":"SMITH"}],"circlet_count":0,"master_deck":["HollowMod:QuickDashStart","HollowMod:QuickDashStart","HollowMod:FocusHealStart","HollowMod:PogoStrike+1","HollowMod:MantisMark+1","HollowMod:DashSlash+1","HollowMod:DesolateDive+1","HollowMod:BaldurShell","HollowMod:CycloneSlash+1","HollowMod:SoulEater","HollowMod:CornifersMapStart","HollowMod:SoulShaman","HollowMod:Weaversong+1","HollowMod:SiblingsSouls+1","HollowMod:HeavyBlow+1","HollowMod:ElderbugsWisdom+1","HollowMod:ChannelNail","Slimebound:Tackle+1","Slimebound:Tackle+1","Slimebound:Tackle+1","HollowMod:CloakDash+1"],"relics":["HollowMod:VesselMask","The Courier","Whetstone","downfall:ShatteredFragment","Black Star","Bag of Preparation","Anchor","StoneCalendar","Potion Belt","Bottled Flame"],"acts_visited":["Exordium","TheCity"],"potions_floor_usage":[],"damage_taken":[{"damage":0.0,"enemies":"2 Louse","floor":2.0,"turns":3.0},{"damage":0.0,"enemies":"Cultist","floor":4.0,"turns":3.0},{"damage":0.0,"enemies":"Small Slimes","floor":5.0,"turns":3.0},{"damage":1.0,"enemies":"downfall:FleeingMerchant","floor":8.0,"turns":4.0},{"damage":0.0,"enemies":"2 Fungi Beasts","floor":10.0,"turns":2.0},{"damage":8.0,"enemies":"Blue Slaver","floor":11.0,"turns":4.0},{"damage":10.0,"enemies":"downfall:FleeingMerchant","floor":14.0,"turns":4.0},{"damage":0.0,"enemies":"Large Slime","floor":15.0,"turns":2.0},{"damage":44.0,"enemies":"DF_ARCHETYPE_STREAMLINE","floor":16.0,"turns":7.0},{"damage":10.0,"enemies":"Chosen","floor":19.0,"turns":4.0},{"damage":21.0,"enemies":"3 Byrds","floor":20.0,"turns":3.0},{"damage":5.0,"enemies":"Cultist and Chosen","floor":21.0,"turns":4.0},{"damage":9.0,"enemies":"downfall:FleeingMerchant","floor":23.0,"turns":4.0},{"damage":8.0,"enemies":"downfall:FleeingMerchant","floor":25.0,"turns":3.0},{"damage":0,"enemies":"Centurion and Healer","floor":26,"turns":3},{"damage":11,"enemies":"Snecko","floor":27,"turns":3},{"damage":39,"enemies":"Gremlin Leader","floor":30,"turns":5},{"damage":16,"enemies":"Shelled Parasite and Fungi","floor":31,"turns":2}],"seed_played":"-8201149440737698616","potions_obtained":[{"floor":2.0,"key":"champ:CounterPotion"},{"floor":3.0,"key":"DuplicationPotion"},{"floor":3.0,"key":"SteroidPotion"},{"floor":10.0,"key":"Fire Potion"},{"floor":15.0,"key":"Fire Potion"},{"floor":16.0,"key":"Strength Potion"},{"floor":20.0,"key":"Block Potion"},{"floor":30,"key":"Explosive Potion"}],"is_trial":false,"path_per_floor":["R","M","?","M","M","R","T","$","R","M","M","?","?","$","M","B",null,"R","M","M","M","?","$","T","$","M","M","R","?","E","M"],"character_chosen":"THE_BUGKNIGHT","items_purchased":["HollowMod:CycloneSlash","Whetstone","Anchor","StoneCalendar"],"campfire_rested":0,"item_purchase_floors":[8,8,25,25],"current_hp_per_floor":[82,82,82,82,82,82,82,81,81,81,79,79,84,81,81,37,87,87,83,68,69,69,60,60,52,52,41,41,41,8,0,0],"gold":66,"neow_bonus":"TEN_PERCENT_HP_BONUS","is_daily":false,"chose_seed":false,"campfire_upgraded":5,"win_rate":0.0,"timestamp":1611689600,"path_taken":["R","M","?","M","M","R","T","$","R","M","?","?","?","?","M","BOSS","R","M","M","M","?","$","T","$","M","M","R","?","E","M"],"items_purchased_type":["Card","Relic","Relic","Relic"],"build_version":"2020-12-22","purchased_purges":2,"victory":false,"max_hp_per_floor":[82,82,82,82,82,82,82,82,82,82,82,82,87,87,87,87,87,87,87,87,87,87,87,87,87,87,87,87,87,87,87,87],"card_choices":[{"not_picked":["HollowMod:PureNailStrike","HollowMod:FastStrike"],"picked":"HollowMod:MantisMark","floor":2.0},{"not_picked":["HollowMod:SiblingsSouls","HollowMod:NewJinnsSoul"],"picked":"HollowMod:DashSlash","floor":4.0},{"not_picked":["HollowMod:PureNailStrike","HollowMod:SoulEater"],"picked":"HollowMod:DesolateDive","floor":5.0},{"not_picked":["HollowMod:TaintedHusks","HollowMod:QuirrelsAssistance"],"picked":"HollowMod:BaldurShell","floor":8.0},{"not_picked":["HollowMod:QuirrelsAssistance","HollowMod:HowlingWraiths"],"picked":"HollowMod:SoulEater","floor":10.0},{"not_picked":["HollowMod:InfectedAttack","HollowMod:NewJinnsSoul","HollowMod:LifebloodCocoon"],"picked":"SKIP","floor":11.0},{"not_picked":["HollowMod:SharpenedNail","HollowMod:SoulEater"],"picked":"HollowMod:CornifersMapStart","floor":14.0},{"not_picked":["HollowMod:SoulStrike","HollowMod:ShadowDash"],"picked":"HollowMod:SoulShaman","floor":15.0},{"not_picked":["HollowMod:LifebloodCore","HollowMod:ZotesMagnificence"],"picked":"HollowMod:Weaversong","floor":16.0},{"not_picked":["HollowMod:VengefulSpirit","HollowMod:SoulSplash"],"picked":"HollowMod:SiblingsSouls+1","floor":19.0},{"not_picked":["HollowMod:DashSlash","HollowMod:VengefulVoid"],"picked":"HollowMod:HeavyBlow+1","floor":20.0},{"not_picked":["HollowMod:CloakDash","HollowMod:DoubleDash+1"],"picked":"HollowMod:ElderbugsWisdom","floor":21.0},{"not_picked":["HollowMod:BlackTendrils+1","HollowMod:VengefulVoid+1"],"picked":"HollowMod:ChannelNail","floor":23.0},{"not_picked":["HollowMod:SharpenedNail","HollowMod:DashSlash","HollowMod:HeavyBlow"],"picked":"SKIP","floor":26},{"not_picked":["HollowMod:FastStrike","HollowMod:HowlingWraiths","HollowMod:CornifersMapStart"],"picked":"SKIP","floor":27},{"not_picked":["HollowMod:DreamGate","HollowMod:ChannelNail"],"picked":"HollowMod:CloakDash+1","floor":30}],"player_experience":595751,"relics_obtained":[{"floor":7.0,"key":"The Courier"},{"floor":24.0,"key":"Bag of Preparation"},{"floor":30,"key":"Potion Belt"},{"floor":30,"key":"Bottled Flame"}],"event_choices":[{"damage_healed":0.0,"max_hp_gain":0.0,"max_hp_loss":0.0,"gold_gain":0.0,"event_name":"Lab","player_choice":"Got Potions","floor":3.0,"gold_loss":0.0,"damage_taken":0.0},{"damage_healed":0.0,"max_hp_gain":0.0,"max_hp_loss":0.0,"gold_gain":0.0,"event_name":"Vampires","player_choice":"Ignored","floor":22.0,"gold_loss":0.0,"damage_taken":0.0}],"is_beta":false,"boss_relics":[{"not_picked":["Philosopher\u0027s Stone","SacredBark"],"picked":"Black Star"}],"items_purged_floors":[23,25],"is_endless":false,"potions_floor_spawned":[2,10,15,16,20,30],"killed_by":"Shelled Parasite and Fungi","ascension_level":0}}