{"host":"61r95uy0hn86b9iu","time":1611700849,"event":{"mods":["AchievementEnabler","BaseMod","Better Vampires","BetterRewards","Colored Powertips","Hubris","Minty Spire (QoL Compilation)","Shop Mod","StSLib"],"gold_per_floor":[118,118,32,45,65,65,65],"floor_reached":6,"language":"ENG","playtime":209,"items_purged":["Echo Form+1","Strike_B"],"score":68,"play_id":"ccfb6793-9972-42c3-a221-9aaa4e2e61a8","local_time":"20210126164049","is_ascension_mode":true,"campfire_choices":[],"circlet_count":0,"master_deck":["AscendersBane","Echo Form+1","Strike_B","Strike_B","Strike_B","Defend_B","Defend_B","Defend_B","Defend_B","Zap","Dualcast","Consume","Conserve Battery","Loop","Reinforced Body","Dramatic Entrance","Ball Lightning","Cold Snap"],"relics":["Cracked Core","Matryoshka","Bronze Scales","Mercury Hourglass","MerchantsRug","hubris:SlimyHat"],"acts_visited":["Exordium"],"potions_floor_usage":[6,6],"damage_taken":[{"damage":0.0,"enemies":"Jaw Worm","floor":1.0,"turns":2.0},{"damage":0.0,"enemies":"Cultist","floor":4.0,"turns":3.0},{"damage":0.0,"enemies":"Small Slimes","floor":5.0,"turns":2.0},{"damage":68,"enemies":"Gremlin Nob","floor":6,"turns":4}],"seed_played":"2180496516985155040","potions_obtained":[{"floor":4.0,"key":"SkillPotion"},{"floor":5.0,"key":"DistilledChaos"}],"is_trial":false,"path_per_floor":["M","?","$","M","M","E"],"character_chosen":"DEFECT","items_purchased":["Matryoshka","Consume","Conserve Battery","Bronze Scales","Mercury Hourglass","Strawberry","MerchantsRug","Reinforced Body","hubris:SlimyHat","Ball Lightning","Regen Potion"],"campfire_rested":0,"item_purchase_floors":[0,0,0,0,0,0,0,0,0,0,3],"current_hp_per_floor":[29,29,29,29,29,0,0],"gold":65,"neow_bonus":"","is_daily":false,"chose_seed":false,"campfire_upgraded":0,"win_rate":0.0,"timestamp":1611700849,"path_taken":["M","?","$","M","?","E"],"items_purchased_type":["Relic","Card","Card","Relic","Relic","Relic","Relic","Card","Relic","Card","Potion"],"build_version":"2020-12-22","purchased_purges":2,"victory":false,"max_hp_per_floor":[73,73,73,73,73,73,73],"card_choices":[{"not_picked":["Turbo","Streamline","Hologram"],"picked":"SKIP","floor":1.0},{"not_picked":["Steam","Coolheaded"],"picked":"Cold Snap","floor":4.0},{"not_picked":["Beam Cell","Stack","Conserve Battery"],"picked":"SKIP","floor":5.0}],"player_experience":3309578,"relics_obtained":[],"event_choices":[{"damage_healed":0.0,"max_hp_gain":0.0,"max_hp_loss":0.0,"gold_gain":0.0,"event_name":"WeMeetAgain","player_choice":"Ignored","floor":2.0,"gold_loss":0.0,"damage_taken":0.0}],"is_beta":false,"boss_relics":[],"items_purged_floors":[0,0],"is_endless":false,"potions_floor_spawned":[4,5],"killed_by":"Gremlin Nob","ascension_level":18}}