{"host":"2qv44oxt58ptq59r","time":1611689243,"event":{"mods":["AchievementEnabler","BaseMod","Colored Powertips","Highlight Path","Minty Spire (QoL Compilation)","Permanent Neow","StSLib"],"gold_per_floor":[110,127,59,59,72,72,87,87,157,189,189,230,230,230,230,355,355,376,376,390,410,433,433,448,448,448,15,33,47,47,47,47,150,200,215,1,14,14,28,28,40,60,60,77,77,93,93,5,5,5,5,5,5,33,33],"floor_reached":56,"language":"ENG","playtime":8126,"items_purged":[],"score":1084,"play_id":"e1f2dcda-c5f5-4ada-80a3-5bbd21303d6e","local_time":"20210126192723","is_ascension_mode":false,"campfire_choices":[{"data":"Zap","floor":6.0,"key":"SMITH"},{"floor":8.0,"key":"REST"},{"floor":13.0,"key":"REST"},{"data":"Defragment","floor":15.0,"key":"SMITH"},{"data":"Buffer","floor":23.0,"key":"SMITH"},{"data":"Darkness","floor":25.0,"key":"SMITH"},{"floor":30.0,"key":"DIG"},{"floor":32.0,"key":"DIG"},{"floor":40.0,"key":"RECALL"},{"floor":45.0,"key":"DIG"},{"floor":47.0,"key":"DIG"},{"floor":49.0,"key":"DIG"},{"data":"Storm","floor":52.0,"key":"SMITH"}],"circlet_count":0,"master_deck":["Strike_B","Strike_B+1","Defend_B","Defend_B","Defend_B","Defend_B","Zap+1","Dualcast","Blind+1","Self Repair","Defragment+1","Ball Lightning","Undo+1","Coolheaded","Genetic Algorithm+1","Buffer+1","Beam Cell","Darkness+1","Conserve Battery","Doom and Gloom","Loop+1","Hologram","Electrodynamics","Capacitor+1","Stack","Static Discharge","Conserve Battery","Chill","Steam","Heatsinks","Storm+1","Glacier+1","Buffer"],"relics":["Cracked Core","Boot","Mercury Hourglass","War Paint","Bloody Idol","Anchor","Nuclear Battery","Blue Candle","Shovel","Orichalcum","Lizard Tail","Happy Flower","Tiny House","Toy Ornithopter","Toxic Egg 2","Cables","DataDisk","Ancient Tea Set","Blood Vial","Strawberry"],"acts_visited":["Exordium","TheCity","TheBeyond","TheEnding"],"potions_floor_usage":[55,55],"damage_taken":[{"damage":2.0,"enemies":"Small Slimes","floor":1.0,"turns":4.0},{"damage":0.0,"enemies":"2 Louse","floor":2.0,"turns":3.0},{"damage":1.0,"enemies":"Cultist","floor":5.0,"turns":5.0},{"damage":24.0,"enemies":"Lots of Slimes","floor":7.0,"turns":4.0},{"damage":12.0,"enemies":"3 Sentries","floor":10.0,"turns":6.0},{"damage":15.0,"enemies":"Gremlin Nob","floor":12.0,"turns":4.0},{"damage":21.0,"enemies":"Hexaghost","floor":16.0,"turns":11.0},{"damage":0.0,"enemies":"3 Byrds","floor":18.0,"turns":5.0},{"damage":0.0,"enemies":"2 Thieves","floor":20.0,"turns":4.0},{"damage":17.0,"enemies":"Sentry and Sphere","floor":21.0,"turns":6.0},{"damage":0.0,"enemies":"Snake Plant","floor":24.0,"turns":4.0},{"damage":5.0,"enemies":"3 Cultists","floor":28.0,"turns":5.0},{"damage":0.0,"enemies":"Chosen and Byrds","floor":29.0,"turns":5.0},{"damage":41.0,"enemies":"Collector","floor":33.0,"turns":7.0},{"damage":28.0,"enemies":"3 Darklings","floor":35.0,"turns":6.0},{"damage":5.0,"enemies":"Orb Walker","floor":37.0,"turns":3.0},{"damage":2.0,"enemies":"Maw","floor":39.0,"turns":8.0},{"damage":0.0,"enemies":"4 Shapes","floor":41.0,"turns":3.0},{"damage":0.0,"enemies":"3 Darklings","floor":42.0,"turns":5.0},{"damage":1.0,"enemies":"Transient","floor":44.0,"turns":5.0},{"damage":22.0,"enemies":"Sphere and 2 Shapes","floor":46.0,"turns":4.0},{"damage":24.0,"enemies":"Time Eater","floor":50.0,"turns":11.0},{"damage":24.0,"enemies":"Shield and Spear","floor":54.0,"turns":6.0},{"damage":71,"enemies":"The Heart","floor":55,"turns":7}],"seed_played":"-3728940850573585914","potions_obtained":[{"floor":2.0,"key":"SteroidPotion"},{"floor":5.0,"key":"AttackPotion"},{"floor":12.0,"key":"LiquidMemories"},{"floor":16.0,"key":"Block Potion"},{"floor":24.0,"key":"PowerPotion"},{"floor":29.0,"key":"PowerPotion"},{"floor":33.0,"key":"Weak Potion"},{"floor":35.0,"key":"PowerPotion"},{"floor":41.0,"key":"Dexterity Potion"},{"floor":46.0,"key":"SpeedPotion"},{"floor":54.0,"key":"GamblersBrew"}],"is_trial":false,"path_per_floor":["M","M","$","?","M","R","M","R","T","E","?","E","R","?","R","B",null,"M","?","M","M","T","R","M","R","T","$","M","M","R","?","R","B",null,"M","$","M","?","M","R","M","M","T","M","R","M","R","?","R","B",null,"R","$","E","B",null],"character_chosen":"DEFECT","items_purchased":["Defragment","Shovel","Orichalcum","Toy Ornithopter","Static Discharge"],"campfire_rested":2,"item_purchase_floors":[3,27,27,36,36],"current_hp_per_floor":[73,73,73,66,72,72,55,75,75,63,45,37,59,59,59,45,75,75,75,75,65,65,65,72,72,72,72,74,75,75,75,75,46,80,57,57,69,69,79,79,80,80,80,80,80,70,70,70,70,60,80,80,80,75,23],"gold":33,"neow_bonus":"RANDOM_COLORLESS","is_daily":false,"chose_seed":false,"campfire_upgraded":5,"win_rate":0.0,"timestamp":1611689243,"path_taken":["M","M","$","?","M","R","M","R","T","E","?","E","R","?","R","BOSS","M","?","M","?","?","R","M","R","T","$","M","?","R","?","R","BOSS","M","$","M","?","M","R","M","M","T","M","R","M","R","?","R","BOSS","R","$","E","BOSS"],"items_purchased_type":["Card","Relic","Relic","Relic","Card"],"build_version":"2020-12-22","purchased_purges":0,"victory":true,"max_hp_per_floor":[75,75,75,75,75,75,75,75,75,75,75,75,75,75,75,75,75,75,75,75,75,75,75,75,75,75,75,75,75,75,75,75,75,80,80,80,80,80,80,80,80,80,80,80,80,80,80,80,80,80,80,80,80,87,87],"card_choices":[{"not_picked":["Discovery","Enlightenment"],"picked":"Blind","floor":0.0},{"not_picked":["Double Energy","Reprogram","Hello World"],"picked":"SKIP","floor":1.0},{"not_picked":["Undo","Rebound"],"picked":"Self Repair","floor":2.0},{"not_picked":["Rebound","Go for the Eyes"],"picked":"Ball Lightning","floor":5.0},{"not_picked":["Chaos","Aggregate"],"picked":"Undo","floor":7.0},{"not_picked":["White Noise","Tempest"],"picked":"Coolheaded","floor":10.0},{"not_picked":["Turbo","FTL"],"picked":"Genetic Algorithm","floor":12.0},{"not_picked":["Core Surge","Seek"],"picked":"Buffer","floor":16.0},{"not_picked":["Sweeping Beam","Steam"],"picked":"Beam Cell","floor":18.0},{"not_picked":["Streamline+1","Barrage+1"],"picked":"Darkness","floor":20.0},{"not_picked":["Aggregate+1","Steam"],"picked":"Conserve Battery","floor":21.0},{"not_picked":["Heatsinks","Machine Learning"],"picked":"Doom and Gloom","floor":24.0},{"not_picked":["Conserve Battery","Hologram+1"],"picked":"Loop+1","floor":28.0},{"not_picked":["Steam","Consume"],"picked":"Hologram","floor":29.0},{"not_picked":["Thunder Strike","Rainbow"],"picked":"Electrodynamics","floor":33.0},{"not_picked":["Compile Driver","Go for the Eyes"],"picked":"Capacitor+1","floor":34.0},{"not_picked":["Consume","Sweeping Beam+1"],"picked":"Stack","floor":35.0},{"not_picked":["Hologram","Scrape+1"],"picked":"Conserve Battery","floor":37.0},{"not_picked":["Sunder","Barrage+1"],"picked":"Chill","floor":39.0},{"not_picked":["Recycle","Sunder+1"],"picked":"Steam","floor":41.0},{"not_picked":["Skim","Conserve Battery"],"picked":"Heatsinks","floor":42.0},{"not_picked":["Conserve Battery+1","Beam Cell+1"],"picked":"Storm","floor":44.0},{"not_picked":["Sweeping Beam","Barrage"],"picked":"Glacier+1","floor":46.0},{"not_picked":["Self Repair","Tempest+1"],"picked":"Buffer","floor":54.0}],"player_experience":5481082,"relics_obtained":[{"floor":9.0,"key":"Mercury Hourglass"},{"floor":10.0,"key":"War Paint"},{"floor":12.0,"key":"Anchor"},{"floor":26.0,"key":"Blue Candle"},{"floor":30.0,"key":"Lizard Tail"},{"floor":32.0,"key":"Happy Flower"},{"floor":43.0,"key":"Toxic Egg 2"},{"floor":45.0,"key":"Cables"},{"floor":47.0,"key":"DataDisk"},{"floor":49.0,"key":"Blood Vial"},{"floor":54.0,"key":"Strawberry"}],"event_choices":[{"damage_healed":0.0,"max_hp_gain":0.0,"max_hp_loss":0.0,"gold_gain":0.0,"event_name":"Scrap Ooze","player_choice":"Success","floor":4.0,"gold_loss":0.0,"damage_taken":7.0,"relics_obtained":["Boot"]},{"damage_healed":0.0,"max_hp_gain":0.0,"max_hp_loss":0.0,"gold_gain":0.0,"event_name":"Golden Idol","player_choice":"Take Damage","floor":11.0,"gold_loss":0.0,"damage_taken":18.0,"relics_obtained":["Golden Idol"]},{"damage_healed":0.0,"max_hp_gain":0.0,"max_hp_loss":0.0,"gold_gain":0.0,"event_name":"Upgrade Shrine","player_choice":"Upgraded","floor":14.0,"gold_loss":0.0,"damage_taken":0.0,"cards_upgraded":["Genetic Algorithm"]},{"cards_removed":["Strike_B"],"damage_healed":0.0,"max_hp_gain":0.0,"max_hp_loss":0.0,"gold_gain":0.0,"event_name":"Bonfire Elementals","player_choice":"Offered Basic","floor":19.0,"gold_loss":0.0,"damage_taken":0.0},{"damage_healed":0.0,"max_hp_gain":0.0,"max_hp_loss":0.0,"gold_gain":0.0,"event_name":"Forgotten Altar","player_choice":"Gave Idol","floor":31.0,"relics_lost":["Golden Idol"],"gold_loss":0.0,"damage_taken":0.0,"relics_obtained":["Bloody Idol"]},{"cards_removed":["Strike_B"],"damage_healed":0.0,"max_hp_gain":0.0,"max_hp_loss":0.0,"gold_gain":0.0,"event_name":"Falling","player_choice":"Removed Attack","floor":38.0,"gold_loss":0.0,"damage_taken":0.0},{"damage_healed":0.0,"max_hp_gain":0.0,"max_hp_loss":0.0,"gold_gain":0.0,"event_name":"WeMeetAgain","player_choice":"Paid Gold","floor":48.0,"gold_loss":88.0,"damage_taken":0.0,"relics_obtained":["Ancient Tea Set"]}],"is_beta":false,"boss_relics":[{"not_picked":["Ectoplasm","Fusion Hammer"],"picked":"Nuclear Battery"},{"not_picked":["Runic Dome","Cursed Key"],"picked":"Tiny House"}],"items_purged_floors":[],"is_endless":false,"potions_floor_spawned":[2,5,12,16,24,29,33,35,41,42,46,54],"ascension_level":0}}