{"host":"bq4pt811tk9yrmjl","time":1611665099,"event":{"mods":["AchievementEnabler","BaseMod","Colored Map","Colored Powertips","Defuse TimeMaze Blight","Hermit","Minty Spire (QoL Compilation)","StSLib","SuperFastMode"],"gold_per_floor":[111,111,111,122,122,122,132,132,132,145,156,156,190,190,190,292,292,302,302,302,302,322,322,347,367,413,195,206,206,217,242,242,242,242],"floor_reached":33,"language":"ENG","playtime":682,"items_purged":["Writhe"],"score":299,"play_id":"425b63a2-7fee-470d-8580-a92808765763","local_time":"20210126104459","is_ascension_mode":true,"campfire_choices":[{"data":"Spot Weakness","floor":6.0,"key":"SMITH"},{"floor":8.0,"key":"RECALL"},{"data":"Anger","floor":15.0,"key":"SMITH"},{"data":"Berserk","floor":23.0,"key":"SMITH"},{"floor":32,"key":"REST"}],"circlet_count":0,"master_deck":["Strike_R+1","Strike_R+1","Strike_R+1","Strike_R+1","Strike_R+1","Defend_R+1","Defend_R+1","Defend_R+1","Defend_R+1","Bash","Spot Weakness+1","Ghostly Armor","Anger+1","Berserk+1","Clothesline+1","Twin Strike+1","True Grit+1","Rage"],"relics":["Burning Blood","NeowsBlessing","StrikeDummy","Potion Belt","Runic Cube","TungstenRod","FossilizedHelix","Tiny Chest","OrangePellets","Anchor"],"acts_visited":["Exordium","TheCity"],"potions_floor_usage":[30,31],"damage_taken":[{"damage":0.0,"enemies":"Cultist","floor":1.0,"turns":1.0},{"damage":0.0,"enemies":"Small Slimes","floor":4.0,"turns":2.0},{"damage":0.0,"enemies":"2 Louse","floor":7.0,"turns":1.0},{"damage":7.0,"enemies":"Blue Slaver","floor":10.0,"turns":3.0},{"damage":0.0,"enemies":"Large Slime","floor":11.0,"turns":5.0},{"damage":16.0,"enemies":"Gremlin Nob","floor":13.0,"turns":4.0},{"damage":25.0,"enemies":"Hexaghost","floor":16.0,"turns":9.0},{"damage":30.0,"enemies":"Spheric Guardian","floor":18.0,"turns":4.0},{"damage":13.0,"enemies":"Shell Parasite","floor":22.0,"turns":4.0},{"damage":51.0,"enemies":"Slavers","floor":24.0,"turns":6.0},{"damage":4.0,"enemies":"Shelled Parasite and Fungi","floor":25.0,"turns":7.0},{"damage":9.0,"enemies":"3 Cultists","floor":28.0,"turns":5.0},{"damage":5,"enemies":"Snecko","floor":30,"turns":4},{"damage":26,"enemies":"Gremlin Leader","floor":31,"turns":6},{"damage":0,"enemies":"Automaton","floor":33,"turns":4}],"seed_played":"-6711136784434792066","potions_obtained":[{"floor":1.0,"key":"EssenceOfSteel"},{"floor":11.0,"key":"Dexterity Potion"},{"floor":13.0,"key":"Regen Potion"},{"floor":18.0,"key":"Strength Potion"},{"floor":25.0,"key":"Weak Potion"}],"is_trial":false,"path_per_floor":["M","$","?","M","T","R","M","R","T","M","M","?","E","?","R","B",null,"M","?","?","?","M","R","E","M","T","$","M","$","M","E","R","B"],"character_chosen":"IRONCLAD","items_purchased":["OrangePellets"],"campfire_rested":1,"item_purchase_floors":[27],"current_hp_per_floor":[80,80,80,80,80,80,80,80,80,79,80,80,70,70,70,66,80,56,56,56,80,73,73,28,30,30,30,27,27,28,8,32,32,32],"gold":242,"neow_bonus":"THREE_ENEMY_KILL","is_daily":false,"chose_seed":false,"campfire_upgraded":3,"win_rate":0.0,"timestamp":1611665099,"path_taken":["M","$","?","?","?","R","?","R","T","M","M","?","E","?","R","BOSS","M","?","?","?","?","R","E","M","T","?","?","$","?","E","R","BOSS"],"items_purchased_type":["Relic"],"build_version":"2020-12-22","purchased_purges":1,"victory":false,"max_hp_per_floor":[80,80,80,80,80,80,80,80,80,80,80,80,80,80,80,80,80,80,80,80,80,80,80,80,80,80,80,80,80,80,80,80,80,80],"card_choices":[{"not_picked":["Wild Strike","Power Through"],"picked":"Spot Weakness","floor":1.0},{"not_picked":["Flex","Warcry","Perfected Strike"],"picked":"SKIP","floor":4.0},{"not_picked":["Sword Boomerang","Hemokinesis"],"picked":"Ghostly Armor","floor":7.0},{"not_picked":["Clash","Infernal Blade"],"picked":"Anger","floor":10.0},{"not_picked":["Dropkick","Sentinel","Sever Soul"],"picked":"SKIP","floor":11.0},{"not_picked":["Shockwave","Bloodletting","Iron Wave"],"picked":"SKIP","floor":13.0},{"not_picked":["Feed","Impervious"],"picked":"Berserk","floor":16.0},{"not_picked":["Twin Strike","Wild Strike","True Grit"],"picked":"SKIP","floor":18.0},{"not_picked":["Feel No Pain","Second Wind"],"picked":"Clothesline+1","floor":22.0},{"not_picked":["True Grit","Disarm","Spot Weakness"],"picked":"SKIP","floor":24.0},{"not_picked":["Reaper","Power Through"],"picked":"Twin Strike+1","floor":25.0},{"not_picked":["Anger","Armaments+1"],"picked":"True Grit+1","floor":28.0},{"not_picked":["Anger","Pommel Strike","Warcry"],"picked":"SKIP","floor":30},{"not_picked":["Carnage","Whirlwind"],"picked":"Rage","floor":31}],"player_experience":256537,"relics_obtained":[{"floor":9.0,"key":"StrikeDummy"},{"floor":13.0,"key":"Potion Belt"},{"floor":24.0,"key":"FossilizedHelix"},{"floor":26.0,"key":"Tiny Chest"},{"floor":31,"key":"Anchor"}],"event_choices":[{"damage_healed":0.0,"max_hp_gain":0.0,"max_hp_loss":0.0,"gold_gain":0.0,"event_name":"Purifier","player_choice":"Ignored","floor":3.0,"gold_loss":0.0,"damage_taken":0.0},{"damage_healed":0.0,"max_hp_gain":0.0,"max_hp_loss":0.0,"gold_gain":0.0,"event_name":"The Cleric","player_choice":"Leave","floor":12.0,"gold_loss":0.0,"damage_taken":0.0},{"damage_healed":0.0,"max_hp_gain":0.0,"max_hp_loss":0.0,"gold_gain":0.0,"event_name":"Liars Game","player_choice":"Ignored","floor":14.0,"gold_loss":0.0,"damage_taken":0.0},{"damage_healed":0.0,"max_hp_gain":0.0,"max_hp_loss":0.0,"gold_gain":0.0,"event_name":"Back to Basics","player_choice":"Simplicity","floor":19.0,"gold_loss":0.0,"damage_taken":0.0,"cards_upgraded":["Strike_R","Strike_R","Strike_R","Strike_R","Strike_R","Defend_R","Defend_R","Defend_R","Defend_R"]},{"damage_healed":0.0,"max_hp_gain":0.0,"max_hp_loss":0.0,"gold_gain":0.0,"event_name":"The Mausoleum","player_choice":"Opened","floor":20.0,"gold_loss":0.0,"damage_taken":0.0,"relics_obtained":["TungstenRod"],"cards_obtained":["Writhe"]},{"damage_healed":26.0,"max_hp_gain":0.0,"max_hp_loss":0.0,"gold_gain":0.0,"event_name":"The Library","player_choice":"Heal","floor":21.0,"gold_loss":0.0,"damage_taken":0.0}],"is_beta":false,"boss_relics":[{"not_picked":["Velvet Choker","Cursed Key"],"picked":"Runic Cube"}],"items_purged_floors":[27],"is_endless":false,"potions_floor_spawned":[1,11,13,18,25],"killed_by":"Automaton","ascension_level":1}}