{"host":"Rich","time":1611634536,"event":{"mods":["AchievementEnabler","BaseMod","Highlight Path","Minty Spire (QoL Compilation)","Relic Stats"],"gold_per_floor":[115,115,115,115,128,169,187,187,187,187,187,223,223,223,223,322,322,335,54,77,100,100,100],"floor_reached":22,"language":"ENG","playtime":500,"items_purged":[],"score":430,"play_id":"19004b1e-f3fb-455f-bb80-daedd28951d0","local_time":"20210125231536","is_ascension_mode":true,"campfire_choices":[{"floor":8.0,"key":"REST"},{"data":"Noxious Fumes","floor":10.0,"key":"SMITH"},{"data":"Neutralize","floor":15.0,"key":"SMITH"}],"circlet_count":0,"master_deck":["AscendersBane","Strike_G","Strike_G","Strike_G","Strike_G","Defend_G","Defend_G","Defend_G","Defend_G","Defend_G","Survivor","Neutralize+1","Noxious Fumes+1","Backstab","Dagger Spray","Quick Slash","Parasite","Tools of the Trade","Noxious Fumes+1"],"relics":["Ring of the Snake","NeowsBlessing","Golden Idol","FaceOfCleric","StoneCalendar","Matryoshka","Juzu Bracelet","Tiny Chest","Boot","Bronze Scales","SlaversCollar","Mummified Hand","Lantern","Snake Skull"],"acts_visited":["Exordium","TheCity"],"potions_floor_usage":[22],"damage_taken":[{"damage":0.0,"enemies":"Jaw Worm","floor":1.0,"turns":1.0},{"damage":0.0,"enemies":"2 Louse","floor":5.0,"turns":1.0},{"damage":0.0,"enemies":"3 Sentries","floor":6.0,"turns":2.0},{"damage":4.0,"enemies":"Cultist","floor":7.0,"turns":5.0},{"damage":30.0,"enemies":"Lagavulin","floor":12.0,"turns":7.0},{"damage":7.0,"enemies":"Hexaghost","floor":16.0,"turns":9.0},{"damage":22.0,"enemies":"Shell Parasite","floor":18.0,"turns":7.0},{"damage":28.0,"enemies":"2 Thieves","floor":20.0,"turns":4.0},{"damage":12,"enemies":"Centurion and Healer","floor":22,"turns":1}],"seed_played":"-2293144307838764168","potions_obtained":[{"floor":6.0,"key":"BlessingOfTheForge"},{"floor":7.0,"key":"Energy Potion"},{"floor":12.0,"key":"SkillPotion"},{"floor":18.0,"key":"Dexterity Potion"}],"is_trial":false,"path_per_floor":["M","?","?","?","M","E","M","R","T","R","?","E","?","T","R","B",null,"M","$","M","T","M"],"character_chosen":"THE_SILENT","items_purchased":["Mummified Hand"],"campfire_rested":1,"item_purchase_floors":[19],"current_hp_per_floor":[59,36,29,29,30,31,28,48,48,48,37,8,25,25,25,19,58,37,37,10,10,0,0],"gold":100,"neow_bonus":"THREE_ENEMY_KILL","is_daily":false,"chose_seed":false,"campfire_upgraded":2,"win_rate":0.0,"timestamp":1611634536,"path_taken":["M","?","?","?","M","E","?","R","T","R","?","E","?","?","R","BOSS","M","?","M","?","M"],"items_purchased_type":["Relic"],"build_version":"2020-12-18","purchased_purges":0,"victory":false,"max_hp_per_floor":[66,66,66,66,67,68,69,69,69,69,69,70,70,70,70,71,71,72,72,73,73,73,73],"relic_stats":{"FaceOfCleric":7,"counters":[9,37],"Golden Idol":57,"Mummified Hand":[4],"Bronze Scales":[80],"StoneCalendar":[67],"Tiny Chest":1,"Snake Skull":[0],"Juzu Bracelet":0,"Boot":[20],"obtain_stats":[{"Lantern":21,"NeowsBlessing":0,"Golden Idol":2,"StoneCalendar":6,"Snake Skull":21,"Juzu Bracelet":11,"Boot":14,"SlaversCollar":17,"Matryoshka":9,"FaceOfCleric":4,"Mummified Hand":19,"Bronze Scales":14,"Tiny Chest":12,"Ring of the Snake":0},{"Lantern":8,"NeowsBlessing":0,"Golden Idol":1,"StoneCalendar":3,"Snake Skull":8,"Juzu Bracelet":4,"Boot":5,"SlaversCollar":6,"Matryoshka":4,"FaceOfCleric":1,"Mummified Hand":7,"Bronze Scales":5,"Tiny Chest":5,"Ring of the Snake":0},{"Lantern":36,"NeowsBlessing":0,"Golden Idol":1,"StoneCalendar":4,"Snake Skull":36,"Juzu Bracelet":9,"Boot":16,"SlaversCollar":25,"Matryoshka":9,"FaceOfCleric":1,"Mummified Hand":32,"Bronze Scales":16,"Tiny Chest":16,"Ring of the Snake":0}],"Ring of the Snake":[18]},"card_choices":[{"not_picked":["Dagger Spray","Slice"],"picked":"Noxious Fumes","floor":1.0},{"not_picked":["Setup","Escape Plan","Dodge and Roll"],"picked":"SKIP","floor":5.0},{"not_picked":["Quick Slash","Setup"],"picked":"Backstab","floor":6.0},{"not_picked":["Sucker Punch","Dagger Throw"],"picked":"Dagger Spray","floor":7.0},{"not_picked":["Dodge and Roll","Sucker Punch"],"picked":"Quick Slash","floor":12.0},{"not_picked":["Venomology","Adrenaline"],"picked":"Tools of the Trade","floor":16.0},{"not_picked":["Terror","Escape Plan"],"picked":"Noxious Fumes+1","floor":18.0},{"not_picked":["Dagger Throw","Expertise","Sucker Punch"],"picked":"SKIP","floor":20.0}],"player_experience":2018469,"relics_obtained":[{"floor":6.0,"key":"StoneCalendar"},{"floor":9.0,"key":"Matryoshka"},{"floor":12.0,"key":"Tiny Chest"},{"floor":14.0,"key":"Boot"},{"floor":14.0,"key":"Bronze Scales"},{"floor":21.0,"key":"Lantern"},{"floor":21.0,"key":"Snake Skull"}],"event_choices":[{"damage_healed":0.0,"max_hp_gain":0.0,"max_hp_loss":0.0,"gold_gain":0.0,"event_name":"Golden Idol","player_choice":"Take Damage","floor":2.0,"gold_loss":0.0,"damage_taken":23.0,"relics_obtained":["Golden Idol"]},{"cards_removed":["Strike_G"],"damage_healed":0.0,"max_hp_gain":0.0,"max_hp_loss":0.0,"gold_gain":0.0,"event_name":"Golden Wing","player_choice":"Card Removal","floor":3.0,"gold_loss":0.0,"damage_taken":7.0},{"damage_healed":0.0,"max_hp_gain":0.0,"max_hp_loss":0.0,"gold_gain":0.0,"event_name":"FaceTrader","player_choice":"Trade","floor":4.0,"gold_loss":0.0,"damage_taken":0.0,"relics_obtained":["FaceOfCleric"]},{"damage_healed":0.0,"max_hp_gain":0.0,"max_hp_loss":0.0,"gold_gain":0.0,"event_name":"Scrap Ooze","player_choice":"Success","floor":11.0,"gold_loss":0.0,"damage_taken":11.0,"relics_obtained":["Juzu Bracelet"]},{"damage_healed":17.0,"max_hp_gain":0.0,"max_hp_loss":0.0,"gold_gain":0.0,"event_name":"Mushrooms","player_choice":"Healed and dodged fight","floor":13.0,"gold_loss":0.0,"damage_taken":0.0,"cards_obtained":["Parasite"]}],"is_beta":true,"boss_relics":[{"not_picked":["Ring of the Serpent","Sozu"],"picked":"SlaversCollar"}],"items_purged_floors":[],"is_endless":false,"potions_floor_spawned":[6,7,12,18],"killed_by":"Centurion and Healer","ascension_level":20}}