{"host":"qbvxbacgnxuisbbe","time":1611663815,"event":{"mods":["Alarm Clock","BaseMod","Humility","Minty Spire (QoL Compilation)","StSLib"],"gold_per_floor":[116,135,210,210,210,210,234,254,254,254,279,279,43,86,86,181,181,201,179,27,27,27],"floor_reached":21,"language":"ENG","playtime":696,"items_purged":["Parasite"],"score":458,"play_id":"02ff7d81-1f0c-4e79-816e-0fc62bafa072","local_time":"20210126122335","is_ascension_mode":true,"campfire_choices":[{"data":"PathToVictory","floor":12.0,"key":"SMITH"},{"data":"Eruption","floor":15.0,"key":"SMITH"}],"circlet_count":0,"master_deck":["AscendersBane","Strike_P","Strike_P","Strike_P","Strike_P","Defend_P","Defend_P","Defend_P","Defend_P","Eruption+1","Vigilance","PathToVictory+1","Consecrate","BattleHymn+1","Scrawl","EmptyBody","Finesse"],"relics":["PureWater","Golden Idol","Blue Candle","Frozen Egg 2","Cursed Key"],"acts_visited":["Exordium","TheCity"],"potions_floor_usage":[21],"damage_taken":[{"damage":14.0,"enemies":"Small Slimes","floor":1.0,"turns":4.0},{"damage":17.0,"enemies":"Jaw Worm","floor":2.0,"turns":4.0},{"damage":0.0,"enemies":"2 Louse","floor":7.0,"turns":3.0},{"damage":4.0,"enemies":"Red Slaver","floor":8.0,"turns":4.0},{"damage":11.0,"enemies":"Large Slime","floor":11.0,"turns":5.0},{"damage":9.0,"enemies":"Lagavulin","floor":14.0,"turns":5.0},{"damage":0.0,"enemies":"Slime Boss","floor":16.0,"turns":5.0},{"damage":35.0,"enemies":"3 Byrds","floor":18.0,"turns":5.0},{"damage":16.0,"enemies":"2 Thieves","floor":19.0,"turns":4.0},{"damage":0,"enemies":"Snecko","floor":21,"turns":3}],"seed_played":"-6012311068641437824","potions_obtained":[{"floor":2.0,"key":"SpeedPotion"},{"floor":6.0,"key":"LiquidMemories"},{"floor":14.0,"key":"BlessingOfTheForge"},{"floor":16.0,"key":"Strength Potion"},{"floor":19.0,"key":"SkillPotion"}],"is_trial":false,"path_per_floor":["M","M","?","?","?","?","M","M","T","?","M","R","$","E","R","B",null,"M","M","$","M"],"character_chosen":"WATCHER","items_purchased":["Block Potion","DuplicationPotion","Consecrate","EmptyBody","Finesse"],"campfire_rested":0,"item_purchase_floors":[13,13,13,20,20],"current_hp_per_floor":[53,36,25,25,25,25,25,21,21,37,26,26,26,17,17,17,52,17,1,1,1,1],"gold":27,"neow_bonus":"TEN_PERCENT_HP_BONUS","is_daily":false,"chose_seed":false,"campfire_upgraded":2,"win_rate":0.0,"timestamp":1611663815,"path_taken":["M","M","?","?","?","?","?","M","T","?","M","R","$","E","R","BOSS","M","M","$","M"],"items_purchased_type":["Potion","Potion","Card","Card","Card"],"build_version":"2020-12-22","purchased_purges":1,"victory":false,"max_hp_per_floor":[74,74,74,67,67,67,67,67,67,67,67,67,64,64,64,64,64,64,64,64,64,64],"card_choices":[{"not_picked":["Prostrate","Crescendo"],"picked":"PathToVictory","floor":1.0},{"not_picked":["FollowUp","FlyingSleeves","FlurryOfBlows"],"picked":"SKIP","floor":2.0},{"not_picked":["Halt","InnerPeace","Vengeance"],"picked":"SKIP","floor":7.0},{"not_picked":["TalkToTheHand","Pray","Crescendo"],"picked":"SKIP","floor":8.0},{"not_picked":["Study","BowlingBash","WreathOfFlame"],"picked":"SKIP","floor":11.0},{"not_picked":["Tantrum","FlyingSleeves"],"picked":"BattleHymn+1","floor":14.0},{"not_picked":["Omniscience","SpiritShield"],"picked":"Scrawl","floor":16.0},{"not_picked":["Collect","InnerPeace","Meditate"],"picked":"SKIP","floor":18.0},{"not_picked":["DeceiveReality","Fasting2+1","Sanctity"],"picked":"SKIP","floor":19.0}],"player_experience":132648,"relics_obtained":[{"floor":9.0,"key":"Blue Candle"},{"floor":14.0,"key":"Frozen Egg 2"}],"event_choices":[{"damage_healed":0.0,"max_hp_gain":0.0,"max_hp_loss":0.0,"gold_gain":75.0,"event_name":"World of Goop","player_choice":"Gather Gold","floor":3.0,"gold_loss":0.0,"damage_taken":11.0},{"damage_healed":0.0,"max_hp_gain":0.0,"max_hp_loss":7.0,"gold_gain":0.0,"event_name":"Golden Idol","player_choice":"Lose Max HP","floor":4.0,"gold_loss":0.0,"damage_taken":0.0,"relics_obtained":["Golden Idol"]},{"damage_healed":0.0,"max_hp_gain":0.0,"max_hp_loss":0.0,"gold_gain":0.0,"event_name":"Shining Light","player_choice":"Ignored","floor":5.0,"gold_loss":0.0,"damage_taken":0.0},{"damage_healed":0.0,"max_hp_gain":0.0,"max_hp_loss":0.0,"gold_gain":0.0,"event_name":"Lab","player_choice":"Got Potions","floor":6.0,"gold_loss":0.0,"damage_taken":0.0},{"damage_healed":16.0,"max_hp_gain":0.0,"max_hp_loss":0.0,"gold_gain":0.0,"event_name":"Mushrooms","player_choice":"Healed and dodged fight","floor":10.0,"gold_loss":0.0,"damage_taken":0.0,"cards_obtained":["Parasite"]}],"is_beta":false,"boss_relics":[{"not_picked":["Busted Crown","Black Star"],"picked":"Cursed Key"}],"items_purged_floors":[13],"is_endless":false,"potions_floor_spawned":[2,14,16,19],"killed_by":"Snecko","ascension_level":20,"is_humility":true}}