{"host":"s8eu5oacnz2jj6un","time":1611703096,"event":{"mods":["AchievementEnabler","Act Like it!","Astrologer","BaseMod","Colored Powertips","Marisa????????","Minty Spire (QoL Compilation)","Remilia??????","Replay The Spire","Shop Mod","StSLib","The Senshi","The Servant 0.9.4"],"gold_per_floor":[113,127,202,202,221,255,255,530,606,624,641,673,84,104,104,200,200,181,181,280,280,280,280,280,280,307,48,48,58,58,91,91,189,189,208,8,28,28,28],"floor_reached":38,"language":"ENG","playtime":5247,"items_purged":["Regret","Normality"],"score":700,"play_id":"4b7b8d06-e005-4e67-9a0c-deadad9bd898","local_time":"20210127001816","is_ascension_mode":false,"campfire_choices":[{"data":"astrologer:Shine","floor":7,"key":"SMITH"},{"floor":15,"key":"REST"},{"data":"astrologer:Alignment","floor":23,"key":"SMITH"},{"data":"astrologer:Starfield","floor":28,"key":"SMITH"},{"data":"astrologer:Prestidigitation","floor":30,"key":"SMITH"},{"floor":32,"key":"REST"}],"circlet_count":0,"master_deck":["astrologer:Defend","astrologer:Defend","astrologer:NorthStar","astrologer:TheFool","Pot Of Greed","astrologer:Still","Pot Of Greed","astrologer:NeutronStar+1","astrologer:Shine+1","astrologer:Strength+1","astrologer:Stardust","astrologer:NeutronStar","astrologer:Moonlight","astrologer:Prestidigitation+1","astrologer:Moonlight","astrologer:Alignment+1","astrologer:Radiance+1","astrologer:Alignment+1","astrologer:TheWorld+1","Pot Of Greed","astrologer:Justice+1","Bite","Bite","Bite","Bite","Bite","Decay","astrologer:Starfield+1","astrologer:Starfield","astrologer:ReadTheStars","Pot Of Greed","astrologer:FrozenStar","astrologer:GlassStar+1","astrologer:Nova","astrologer:Moonlight+1","astrologer:Confirmation","astrologer:Confirmation","astrologer:FrozenStar"],"relics":["astrologer:SkyMirror","Grinning Jar","Juzu Bracelet","HornCleat","Divine Protection","Eternal Feather","Guide Book","Astrolabe","Ring of Fangs","Ring of Panic","theSenshi:FeatherClipsRelic","Anchor","Bottled Lightning","Painkiller Herb","Replay:Baseball"],"acts_visited":["Exordium","TheCity","TheBeyond"],"potions_floor_usage":[31,31,33,33],"damage_taken":[{"damage":0,"enemies":"2 Louse","floor":1,"turns":3},{"damage":0,"enemies":"Small Slimes","floor":2,"turns":3},{"damage":0,"enemies":"Cultist","floor":5,"turns":4},{"damage":0,"enemies":"Replay:BlueRogue","floor":6,"turns":7},{"damage":15,"enemies":"Exordium Thugs","floor":10,"turns":7},{"damage":1,"enemies":"3 Louse","floor":11,"turns":4},{"damage":25,"enemies":"Lagavulin","floor":12,"turns":7},{"damage":0,"enemies":"Looter","floor":14,"turns":3},{"damage":12,"enemies":"The Guardian","floor":16,"turns":9},{"damage":5,"enemies":"2 Thieves","floor":18,"turns":5},{"damage":0,"enemies":"Spheric Guardian","floor":29,"turns":3},{"damage":53,"enemies":"Book of Stabbing","floor":31,"turns":7},{"damage":49,"enemies":"Pondfish","floor":33,"turns":12},{"damage":0,"enemies":"Orb Walker","floor":35,"turns":5},{"damage":52,"enemies":"3 Darklings","floor":37,"turns":8},{"damage":35,"enemies":"Spire Growth","floor":38,"turns":5}],"seed_played":"-3684166018931220673","potions_obtained":[{"floor":11,"key":"Ancient Potion"},{"floor":12,"key":"LiquidBronze"},{"floor":16,"key":"SteroidPotion"},{"floor":18,"key":"Swift Potion"},{"floor":31,"key":"SkillPotion"},{"floor":35,"key":"Fire Potion"}],"is_trial":false,"path_per_floor":["M","M","?","?","M","E","R","?","T","M","M","E","$","M","R","B",null,"M","?","?","?","T","R","?","?","T","$","R","M","R","E","R","B",null,"?","T","?","?"],"character_chosen":"ASTROLOGER","items_purchased":["Eternal Feather","astrologer:Moonlight","astrologer:Prestidigitation","Guide Book","astrologer:Starfield","astrologer:ReadTheStars","astrologer:Confirmation","Replay:Baseball"],"campfire_rested":2,"item_purchase_floors":[13,13,13,13,27,27,36,36],"current_hp_per_floor":[70,70,59,59,59,59,59,59,59,44,43,18,18,18,51,39,70,65,65,65,49,49,49,49,49,49,49,49,49,49,10,42,26,49,49,49,13,0,0],"gold":28,"neow_bonus":"RANDOM_COMMON_RELIC","is_daily":false,"chose_seed":false,"campfire_upgraded":4,"win_rate":0.0,"timestamp":1611703096,"path_taken":["M","M","?","?","M","E","R","?","T","M","M","E","$","M","R","BOSS","M","?","?","?","?","R","?","?","T","?","R","M","R","E","R","BOSS","?","T","?","?"],"items_purchased_type":["Relic","Card","Card","Relic","Card","Card","Card","Relic"],"build_version":"2020-12-22","purchased_purges":2,"victory":false,"max_hp_per_floor":[70,70,70,70,70,70,70,70,70,70,70,70,70,70,70,70,70,70,70,70,49,49,49,49,49,49,49,49,49,49,49,49,49,49,49,49,49,49,49],"card_choices":[{"not_picked":["astrologer:Radiance","astrologer:SpaceDust"],"picked":"astrologer:SolarFlare","floor":1},{"not_picked":["astrologer:SolarFlare","astrologer:Conjunction"],"picked":"astrologer:Still","floor":2},{"not_picked":["astrologer:Stardust","astrologer:FadingStar"],"picked":"astrologer:NeutronStar","floor":5},{"not_picked":["astrologer:SolarFlare","astrologer:SpaceDust"],"picked":"astrologer:Shine","floor":6},{"not_picked":["astrologer:Temperance","astrologer:SpaceDust"],"picked":"astrologer:Strength","floor":10},{"not_picked":["astrologer:Opposition","astrologer:Wish"],"picked":"astrologer:Stardust","floor":11},{"not_picked":["astrologer:TheMoon","astrologer:Premeditation"],"picked":"astrologer:NeutronStar","floor":12},{"not_picked":["astrologer:Still","astrologer:SolarFlare"],"picked":"astrologer:Moonlight","floor":14},{"not_picked":["astrologer:Wish","astrologer:BlackHole"],"picked":"astrologer:Alignment","floor":16},{"not_picked":["astrologer:Opposition+1","astrologer:Retelling"],"picked":"astrologer:Justice+1","floor":18},{"not_picked":["astrologer:TheEmperor","astrologer:Justice"],"picked":"astrologer:FrozenStar","floor":29},{"not_picked":["astrologer:Conjunction","astrologer:CrystalBall"],"picked":"astrologer:GlassStar+1","floor":31},{"not_picked":["astrologer:RejectReality","astrologer:Trine"],"picked":"astrologer:Nova","floor":33},{"not_picked":["astrologer:MeteorShower+1","astrologer:SpaceDust+1"],"picked":"astrologer:Moonlight+1","floor":35},{"not_picked":["astrologer:ShootingStar+1","astrologer:Radiance"],"picked":"astrologer:FrozenStar","floor":37}],"player_experience":737445,"relics_obtained":[{"floor":6,"key":"Juzu Bracelet"},{"floor":9,"key":"HornCleat"},{"floor":12,"key":"Divine Protection"},{"floor":19,"key":"Ring of Fangs"},{"floor":19,"key":"Ring of Panic"},{"floor":22,"key":"theSenshi:FeatherClipsRelic"},{"floor":26,"key":"Anchor"},{"floor":31,"key":"Bottled Lightning"}],"event_choices":[{"damage_healed":0,"gold_gain":75,"player_choice":"Gather Gold","damage_taken":11,"max_hp_gain":0,"max_hp_loss":0,"event_name":"World of Goop","floor":3,"gold_loss":0},{"cards_removed":["astrologer:Defend"],"damage_healed":0,"gold_gain":0,"player_choice":"Offered Basic","damage_taken":0,"max_hp_gain":0,"max_hp_loss":0,"event_name":"Bonfire Elementals","floor":4,"gold_loss":0},{"damage_healed":0,"gold_gain":275,"player_choice":"Desecrate","damage_taken":0,"max_hp_gain":0,"max_hp_loss":0,"event_name":"Golden Shrine","floor":8,"gold_loss":0,"cards_obtained":["Regret"]},{"damage_healed":0,"gold_gain":99,"player_choice":"Stole From Cult","damage_taken":0,"max_hp_gain":0,"max_hp_loss":0,"event_name":"Nest","floor":20,"gold_loss":0},{"damage_healed":0,"gold_gain":0,"player_choice":"Became a vampire","damage_taken":0,"max_hp_gain":0,"max_hp_loss":21,"event_name":"Vampires","floor":21,"gold_loss":0,"cards_obtained":["Bite","Bite","Bite","Bite","Bite"]},{"damage_healed":0,"gold_gain":0,"player_choice":"Ignored","damage_taken":0,"max_hp_gain":0,"max_hp_loss":0,"event_name":"Ghosts","floor":24,"gold_loss":0},{"damage_healed":0,"gold_gain":0,"player_choice":"Cursed","damage_taken":0,"max_hp_gain":0,"max_hp_loss":0,"event_name":"Wheel of Change","floor":25,"gold_loss":0,"cards_obtained":["Decay"]}],"is_beta":false,"boss_relics":[{"not_picked":["Velvet Choker","Empty Cage"],"picked":"Astrolabe"},{"not_picked":["SlaversCollar","Snecko Eye"],"picked":"Painkiller Herb"}],"items_purged_floors":[13,27],"is_endless":false,"potions_floor_spawned":[11,12,16,18,31,35],"killed_by":"Spire Growth","ascension_level":0}}