{"host":"tfymjgi4z0wqd6py","time":1611694358,"event":{"mods":["AchievementEnabler","BaseMod","Downfall","Minty Spire (QoL Compilation)","StSLib"],"gold_per_floor":[99,109,109,125,141,153,235,235,269,266,278,319,331,40,57,152,152,152,165,183,183,268,268,344,329,341,341,341,356,356,367,385,385,385,385],"floor_reached":33,"language":"ENG","playtime":2355,"items_purged":["Normality"],"score":307,"play_id":"9b5dd244-113f-4ad4-a2ef-7ef46b3a3655","local_time":"20210126145238","is_ascension_mode":false,"campfire_choices":[{"data":"Slimebound:Split","floor":1,"key":"SMITH"},{"data":"Slimebound:Nibble","floor":8,"key":"SMITH"},{"data":"Slimebound:DuplicatedForm","floor":18,"key":"SMITH"},{"data":"Slimebound:SplitLeeching","floor":28,"key":"SMITH"}],"circlet_count":0,"master_deck":["Slimebound:Strike_Slimebound","Slimebound:Tackle","Slimebound:Defend_Slimebound+1","Slimebound:Defend_Slimebound","Slimebound:Defend_Slimebound+1","Slimebound:Split+1","Slimebound:CorrosiveSpit+1","Slimebound:GoopSpray+1","Slimebound:SplitLeeching+1","Slimebound:PressTheAttack","Slimebound:Nibble+1","Slimebound:DuplicatedForm+1","Slimebound:LeechingTouch","Slimebound:SelfFormingGoo","Flash of Steel","Slimebound:Overexert","Slimebound:SlimeTap","Slimebound:ComboTackle","Slimebound:LeechLife","Slimebound:LeadByExample","Slimebound:AcidTongue+1","Slimebound:CheckThePlaybook","Slimebound:SamplingLick","Slimebound:BestDefense","Slimebound:LeechEnergy","Slimebound:Prepare"],"relics":["Slimebound:AbsorbEndCombat","Pear","MawBank","War Paint","PreservedInsect","Black Star","Blue Candle","Nilry\u0027s Codex"],"acts_visited":["Exordium","TheCity"],"potions_floor_usage":[9,16,20,25,33,33],"damage_taken":[{"damage":0,"enemies":"Small Slimes","floor":2,"turns":3},{"damage":3,"enemies":"Cultist","floor":4,"turns":4},{"damage":0,"enemies":"2 Louse","floor":5,"turns":2},{"damage":19,"enemies":"Exordium Thugs","floor":6,"turns":4},{"damage":1,"enemies":"3 Sentries","floor":9,"turns":8},{"damage":15,"enemies":"downfall:FleeingMerchant","floor":10,"turns":4},{"damage":15,"enemies":"Lagavulin","floor":12,"turns":6},{"damage":0,"enemies":"downfall:FleeingMerchant","floor":14,"turns":4},{"damage":2,"enemies":"2 Fungi Beasts","floor":15,"turns":2},{"damage":22,"enemies":"IC_STATUS_ARCHETYPE","floor":16,"turns":5},{"damage":0,"enemies":"Shell Parasite","floor":19,"turns":4},{"damage":2,"enemies":"3 Byrds","floor":20,"turns":4},{"damage":33,"enemies":"downfall:FleeingMerchant","floor":25,"turns":4},{"damage":30,"enemies":"Centurion and Healer","floor":26,"turns":9},{"damage":56,"enemies":"Shelled Parasite and Fungi","floor":29,"turns":8},{"damage":17,"enemies":"Cultist and Chosen","floor":31,"turns":3},{"damage":78,"enemies":"Chosen and Byrds","floor":32,"turns":11},{"damage":39,"enemies":"DF_ARCHETYPE_CLAW","floor":33,"turns":4}],"seed_played":"-7921388014438386117","potions_obtained":[{"floor":4,"key":"Guardian:BlockOnCardUsePotion"},{"floor":6,"key":"Guardian:BlockOnCardUsePotion"},{"floor":12,"key":"Slimebound:ThreeZeroPotion"},{"floor":19,"key":"ColorlessPotion"},{"floor":20,"key":"BlessingOfTheForge"},{"floor":29,"key":"Slimebound:SlimyTonguePotion"}],"is_trial":false,"path_per_floor":["R","M","?","M","M","M","T","R","E","$","?","E","?","$","M","B",null,"R","M","M","?","?","?","T","$","M","?","R","M","?","M","M","B"],"character_chosen":"SLIMEBOUND","items_purchased":["PreservedInsect","Slimebound:SlimeTap"],"campfire_rested":0,"item_purchase_floors":[14,14],"current_hp_per_floor":[71,71,71,70,71,56,66,66,71,79,79,81,81,81,79,80,81,81,81,81,53,41,41,41,35,81,65,65,81,81,81,24,0,0,0],"gold":385,"neow_bonus":"TEN_PERCENT_HP_BONUS","is_daily":false,"chose_seed":false,"campfire_upgraded":4,"win_rate":0.0,"timestamp":1611694358,"path_taken":["R","M","?","M","M","M","T","R","E","?","?","E","?","$","M","BOSS","R","M","M","?","?","?","T","$","M","?","R","M","?","M","M","BOSS"],"items_purchased_type":["Relic","Card"],"build_version":"2020-12-22","purchased_purges":1,"victory":false,"max_hp_per_floor":[71,71,71,71,71,71,81,81,81,81,81,81,81,81,81,81,81,81,81,81,81,81,81,81,81,81,81,81,81,81,81,81,81,81,81],"card_choices":[{"not_picked":["Slimebound:SlimeSpikes","Slimebound:HauntingLick"],"picked":"Slimebound:GoopSpray","floor":2},{"not_picked":["Slimebound:RejuvenatingLick","Slimebound:SlimeSpikes"],"picked":"Slimebound:SplitLeeching","floor":4},{"not_picked":["Slimebound:RollThrough","Slimebound:ProtectTheBoss"],"picked":"Slimebound:PressTheAttack","floor":5},{"not_picked":["Slimebound:SlimeBrawl","Slimebound:LeechingTouch"],"picked":"Slimebound:Nibble","floor":6},{"not_picked":["Slimebound:LeechingTouch","Slimebound:SplitMire"],"picked":"Slimebound:DuplicatedForm","floor":9},{"not_picked":["Slimebound:Schlurp","Slimebound:HauntingLick"],"picked":"Slimebound:LeechingTouch","floor":10},{"not_picked":["Slimebound:BestDefense","Slimebound:SlimeSpikes"],"picked":"Slimebound:SelfFormingGoo","floor":12},{"not_picked":["Slimebound:GrowthPunch","Slimebound:SamplingLick"],"picked":"Slimebound:Overexert","floor":14},{"not_picked":["Slimebound:ItLooksTasty","Slimebound:SlimeTap"],"picked":"Slimebound:ComboTackle","floor":15},{"not_picked":["Slimebound:SelfFormingGoo","Slimebound:FirmFortitude"],"picked":"Slimebound:LeechLife","floor":16},{"not_picked":["Slimebound:RollThrough","Slimebound:SplitLeeching"],"picked":"Slimebound:LeadByExample","floor":19},{"not_picked":["Slimebound:PressTheAttack","Slimebound:Chomp"],"picked":"Slimebound:AcidTongue+1","floor":20},{"not_picked":["Slimebound:LivingWall","Slimebound:MegaLick"],"picked":"Slimebound:SamplingLick","floor":25},{"not_picked":["Slimebound:HauntingLick","Slimebound:ItLooksTasty","Slimebound:SplitMire"],"picked":"SKIP","floor":26},{"not_picked":["Slimebound:ItLooksTasty","Slimebound:LeechingTouch","Slimebound:HauntingLick"],"picked":"SKIP","floor":29},{"not_picked":["Slimebound:PressTheAttack","Slimebound:GoopSpray"],"picked":"Slimebound:Prepare","floor":31},{"not_picked":["Slimebound:Gluttony","Slimebound:SplitBruiser+1","Slimebound:ComboTackle"],"picked":"SKIP","floor":32}],"player_experience":163735,"relics_obtained":[{"floor":7,"key":"Pear"},{"floor":9,"key":"MawBank"},{"floor":12,"key":"War Paint"},{"floor":24,"key":"Blue Candle"},{"floor":27,"key":"Nilry\u0027s Codex"}],"event_choices":[{"damage_healed":0,"gold_gain":0,"cards_transformed":["Slimebound:Strike_Slimebound","Slimebound:Defend_Slimebound"],"player_choice":"Became Test Subject","damage_taken":0,"max_hp_gain":0,"max_hp_loss":0,"event_name":"Drug Dealer","floor":30,"gold_loss":0,"cards_obtained":["Slimebound:BestDefense","Slimebound:LeechEnergy"]}],"is_beta":false,"boss_relics":[{"not_picked":["bronze:MakeshiftBattery","Tiny House"],"picked":"Black Star"}],"items_purged_floors":[14],"is_endless":false,"potions_floor_spawned":[4,6,12,19,20,29],"killed_by":"DF_ARCHETYPE_CLAW","ascension_level":0}}