{"host":"y0yoakaqmzznr2b2","time":1611637648,"event":{"mods":["2.2 Compatiblity","Act Like it!","Aspiration","BaseMod","Chen","Colored Powertips","Conspire","Downfall","Friendly Minions","Gensokyo","Hallownest","Hubris","Koishi","KomeijiMod","Marisa£¨ìFÓê¡¡Ä§ÀíÉ³£©","Minty Spire (QoL Compilation)","Pale of the Ancients","Quick Restart","Rare Cards Sparkle","Reimu£¨²©ÀöÁéÃÎ£©","Replay The Spire","RumiaBox-Â¶Ã×æ«µÄÉñÃØºÐ×Ó","Shop Mod","StSLib","The Jungle","Youmu£¨»êÆÇÑýÃÎ£©"],"gold_per_floor":[115,115,143,143,189,189,231,231,258,258,279,327,327,391,391,391,391],"floor_reached":16,"language":"ZHS","playtime":1274,"items_purged":[],"score":148,"play_id":"615e6b34-c16a-4aad-bbde-4469e2755ebb","local_time":"20210126130728","is_ascension_mode":true,"campfire_choices":[{"data":"Setup","floor":6.0,"key":"SMITH"},{"data":"ManaConvection","floor":8.0,"key":"SMITH"},{"data":"Robbery","floor":10.0,"key":"SMITH"},{"floor":15,"key":"REST"}],"circlet_count":0,"master_deck":["AscendersBane","Strike_MRS+1","Strike_MRS","Defend_MRS","Defend_MRS","MasterSpark","UpSweep+1","Robbery+1","Flechettes","ReplayTheSpireMod:Exploit Weakness","Setup+1","Quick Slash","SprinkleStarSeal","ManaConvection+1","EnergyFlow","AsteroidBelt"],"relics":["MiniHakkero","Whetstone","ReplayTheSpireMod:Lightbulb"],"acts_visited":["Gensokyo:Gensokyo"],"potions_floor_usage":[14],"damage_taken":[{"damage":2.0,"enemies":"Gensokyo:3_Fairies","floor":1.0,"turns":4.0},{"damage":15.0,"enemies":"Gensokyo:Gryphon","floor":3.0,"turns":4.0},{"damage":7.0,"enemies":"Gensokyo:Python","floor":5.0,"turns":3.0},{"damage":18.0,"enemies":"Gensokyo:Cirno","floor":7.0,"turns":8.0},{"damage":12,"enemies":"Gensokyo:5_Fairies","floor":11,"turns":5},{"damage":4,"enemies":"Gensokyo:Gryphon_and_Rabbit","floor":12,"turns":7},{"damage":4,"enemies":"Gensokyo:Kitsune","floor":14,"turns":4},{"damage":33,"enemies":"Gensokyo:Reimu","floor":16,"turns":3}],"seed_played":"-4161733220436953923","potions_obtained":[{"floor":1.0,"key":"champ:CounterPotion"},{"floor":11,"key":"Block Potion"},{"floor":12,"key":"Ancient Potion"},{"floor":14,"key":"CalmPotion"}],"is_trial":false,"path_per_floor":["M","?","M","?","M","R","E","R","T","R","M","M","$","M","R","B"],"character_chosen":"MARISA","items_purchased":[],"campfire_rested":1,"item_purchase_floors":[],"current_hp_per_floor":[66,66,51,51,44,44,26,26,26,26,14,10,10,6,28,0,0],"gold":391,"neow_bonus":"RANDOM_COMMON_RELIC","is_daily":false,"chose_seed":false,"campfire_upgraded":3,"win_rate":0.0,"timestamp":1611637648,"path_taken":["M","?","?","?","M","R","E","R","T","R","M","?","?","M","R","BOSS"],"items_purchased_type":[],"build_version":"2020-12-22","purchased_purges":0,"victory":false,"max_hp_per_floor":[75,75,75,75,75,75,75,75,75,75,75,75,75,75,75,75,75],"card_choices":[{"not_picked":["EnergyFlow","ShootTheMoon"],"picked":"Robbery","floor":1.0},{"not_picked":["ShootingEcho","UnstableBomb","RefractionSpark"],"picked":"SKIP","floor":3.0},{"not_picked":["ManaConvection","PowerUp"],"picked":"SprinkleStarSeal","floor":5.0},{"not_picked":["PowerUp","AlicesGift"],"picked":"ManaConvection","floor":7.0},{"not_picked":["UnstableBomb","EnergyRecoil"],"picked":"EnergyFlow","floor":11},{"not_picked":["6A","DragonMeteor"],"picked":"AsteroidBelt","floor":12},{"not_picked":["ManaConvection","UnstableBomb","PulseMagic"],"picked":"SKIP","floor":14}],"player_experience":1044058,"relics_obtained":[{"floor":7.0,"key":"ReplayTheSpireMod:Lightbulb"}],"event_choices":[],"is_beta":false,"boss_relics":[],"items_purged_floors":[],"is_endless":false,"potions_floor_spawned":[1,11,12,14],"killed_by":"Gensokyo:Reimu","ascension_level":10}}