{"host":"jbj9vjxoxc0v9q6j","time":1611619805,"event":{"mods":["BaseMod","Downfall","Minty Spire (QoL Compilation)","Replay The Spire","Shop Mod","StSLib","The Disciple","The Runesmith"],"gold_per_floor":[112,112,112,112,124,74,89,89,108,108,108,108,127,141,141,151,151,256,256,268,283,383,396,82,82,115,115,142,142,142,142],"floor_reached":30,"language":"ENG","playtime":1413,"items_purged":["Looming Evil"],"score":290,"play_id":"79027a4b-4520-49aa-91eb-036ee2093a65","local_time":"20210125191005","is_ascension_mode":false,"campfire_choices":[{"data":"Runesmith:PoweredAnvil","floor":8,"key":"SMITH"},{"data":"Runesmith:CraftFirestone","floor":10,"key":"SMITH"},{"data":"Runesmith:PoweredAnvil","floor":15,"key":"SMITH"},{"data":"Runesmith:Grindstone","floor":17,"key":"SMITH"},{"data":"Runesmith:PerfectChisel","floor":25,"key":"SMITH"},{"floor":27,"key":"REST"}],"circlet_count":0,"master_deck":["Runesmith:Strike_RS","Runesmith:Defend_RS","Runesmith:Defend_RS","Runesmith:Defend_RS","Runesmith:Defend_RS","Runesmith:CraftFirestone+1","Runesmith:Fortify","Runesmith:Grindstone+1","Runesmith:HeatedChisel","Runesmith:PoweredAnvil+1","Runesmith:EnergizedChisel","Runesmith:PoweredAnvil+1","Runesmith:CreatorForm","CurseOfTheBell","Runesmith:PerfectChisel+1","Runesmith:Repurpose+1","Runesmith:DuctTape","Runesmith:LithiumIon","Runesmith:Repurpose","Runesmith:HeatExchange"],"relics":["Runesmith:BrokenRuby","NeowsBlessing","Ring of Searing","Ring of Peace","Eternal Feather","Potion Belt","Kunai","Replay:Towering Pillar of Hats","MerchantsRug","Gremlin Horn","Omamori"],"acts_visited":["Exordium","TheCity"],"potions_floor_usage":[20,23,26,26,30],"damage_taken":[{"damage":0,"enemies":"Jaw Worm","floor":1,"turns":1},{"damage":0,"enemies":"Small Slimes","floor":5,"turns":1},{"damage":0,"enemies":"2 Louse","floor":7,"turns":1},{"damage":14,"enemies":"Red Slaver","floor":9,"turns":4},{"damage":19,"enemies":"Gremlin Gang","floor":13,"turns":6},{"damage":0,"enemies":"Large Slime","floor":14,"turns":5},{"damage":0,"enemies":"Red Slaver","floor":16,"turns":5},{"damage":0,"enemies":"Slime Boss","floor":18,"turns":9},{"damage":31,"enemies":"3 Byrds","floor":20,"turns":7},{"damage":7,"enemies":"Spheric Guardian","floor":21,"turns":6},{"damage":15,"enemies":"Cultist and Chosen","floor":23,"turns":8},{"damage":32,"enemies":"Slavers","floor":26,"turns":7},{"damage":38,"enemies":"Book of Stabbing","floor":30,"turns":5}],"seed_played":"995064349581834188","potions_obtained":[{"floor":1,"key":"sneckomod:MuddlingPotion"},{"floor":13,"key":"LifebloodPotion"},{"floor":14,"key":"Energy Potion"},{"floor":20,"key":"Fruit Juice"},{"floor":21,"key":"Fire Potion"}],"is_trial":false,"path_per_floor":["M","?","PTL","PTL","M","?","M","R","M","R","T","?","M","M","R","M","R","B",null,"M","M","?","M","$","R","E","R","T","?","E"],"character_chosen":"RUNESMITH_CLASS","items_purchased":["Runesmith:LithiumIon","Runesmith:Repurpose","MerchantsRug"],"campfire_rested":1,"item_purchase_floors":[24,24,24],"current_hp_per_floor":[70,70,70,70,70,70,70,70,56,56,56,56,37,37,43,43,49,49,70,44,37,37,22,22,34,2,36,36,36,0,0],"gold":142,"neow_bonus":"THREE_ENEMY_KILL","is_daily":false,"chose_seed":false,"campfire_upgraded":5,"win_rate":0.0,"timestamp":1611619805,"path_taken":["M","?","PTL","PTL","M","?","M","R","M","R","T","?","M","M","R","?","R","BOSS","M","?","?","?","$","R","E","R","T","?","E"],"items_purchased_type":["Card","Card","Relic"],"build_version":"2020-12-22","purchased_purges":1,"victory":false,"max_hp_per_floor":[70,70,70,70,70,70,70,70,70,70,70,70,70,70,70,70,70,70,70,75,75,75,75,75,75,75,75,75,75,75,75],"card_choices":[{"not_picked":["Runesmith:Electrocute","Runesmith:StaticCage"],"picked":"Runesmith:Grindstone","floor":1},{"not_picked":["Runesmith:HammerThrow","Runesmith:ShiftingStrike"],"picked":"Runesmith:HeatedChisel","floor":5},{"not_picked":["Runesmith:OneForEveryone","Runesmith:BackupBattery"],"picked":"Runesmith:PoweredAnvil","floor":7},{"not_picked":["Runesmith:HammerAndChisel","Runesmith:HeatedChisel"],"picked":"Runesmith:EnergizedChisel","floor":9},{"not_picked":["Runesmith:Grindstone","Runesmith:HeatExchange"],"picked":"Runesmith:PoweredAnvil","floor":13},{"not_picked":["Runesmith:Superposition","Runesmith:EnergizedChisel","Runesmith:HammerThrow"],"picked":"SKIP","floor":14},{"not_picked":["Runesmith:CraftProtectio","Runesmith:ChiselStab","Runesmith:Empowerment"],"picked":"SKIP","floor":16},{"not_picked":["Runesmith:MetallurgicalResearch","Runesmith:GenerateForcefield"],"picked":"Runesmith:CreatorForm","floor":18},{"not_picked":["Runesmith:ChaoticBlast+1","Runesmith:ShiftingStrike"],"picked":"Runesmith:PerfectChisel","floor":20},{"not_picked":["Runesmith:RuneHurl+1","Runesmith:HeatedChisel+1"],"picked":"Runesmith:Repurpose+1","floor":21},{"not_picked":["Runesmith:RuneHurl+1","Runesmith:Permafrost"],"picked":"Runesmith:DuctTape","floor":23},{"not_picked":["Runesmith:Discharge","Runesmith:DoubleUp"],"picked":"Runesmith:HeatExchange","floor":26}],"player_experience":1964259,"relics_obtained":[{"floor":2,"key":"Ring of Searing"},{"floor":2,"key":"Ring of Peace"},{"floor":11,"key":"Eternal Feather"},{"floor":19,"key":"Potion Belt"},{"floor":19,"key":"Kunai"},{"floor":19,"key":"Replay:Towering Pillar of Hats"},{"floor":26,"key":"Gremlin Horn"},{"floor":28,"key":"Omamori"}],"event_choices":[{"cards_removed":["Runesmith:Strike_RS"],"damage_healed":0,"gold_gain":0,"player_choice":"Card Removal","damage_taken":0,"max_hp_gain":0,"max_hp_loss":0,"event_name":"The Cleric","floor":6,"gold_loss":50},{"cards_removed":["Runesmith:Strike_RS"],"damage_healed":0,"gold_gain":0,"player_choice":"Purged","damage_taken":0,"max_hp_gain":0,"max_hp_loss":0,"event_name":"Purifier","floor":12,"gold_loss":0},{"damage_healed":0,"gold_gain":100,"player_choice":"Pray","damage_taken":0,"max_hp_gain":0,"max_hp_loss":0,"event_name":"Golden Shrine","floor":22,"gold_loss":0},{"cards_removed":["Runesmith:Strike_RS"],"damage_healed":0,"gold_gain":0,"player_choice":"Elegance","damage_taken":0,"max_hp_gain":0,"max_hp_loss":0,"event_name":"Back to Basics","floor":29,"gold_loss":0}],"is_beta":false,"boss_relics":[{"not_picked":["Honey Jar","ReplayTheSpireMod:DimensionalGlitch"],"picked":"Calling Bell"}],"items_purged_floors":[24],"is_endless":false,"potions_floor_spawned":[1,13,14,18,20,21],"killed_by":"Book of Stabbing","ascension_level":0}}