{"host":"Snek","time":1611690967,"event":{"mods":["AchievementEnabler","BaseMod","Block Reminder","Highlight Path","Minty Spire (QoL Compilation)","Relic Stats","StSLib"],"gold_per_floor":[115,115,135,135,159,192,192,227,227,227,80,103,122,122,122,122,122],"floor_reached":16,"language":"ENG","playtime":494,"items_purged":[],"score":176,"play_id":"094c6a7e-92df-4547-ac91-933410e7367d","local_time":"20210126205607","is_ascension_mode":true,"campfire_choices":[{"floor":7,"key":"REST"},{"floor":10,"key":"REST"},{"floor":15,"key":"REST"}],"circlet_count":0,"master_deck":["AscendersBane","Strike_P","Strike_P","Strike_P","Strike_P","Defend_P","Defend_P","Defend_P","Defend_P","Eruption","Vigilance","InnerPeace","Injury","Wireheading","BowlingBash","Wallop","WaveOfTheHand","Meditate","ThirdEye","Prostrate","Pray","FearNoEvil"],"relics":["Runic Pyramid","Golden Idol","Akabeko","InkBottle","Bag of Preparation","Orrery","TeardropLocket"],"acts_visited":["Exordium"],"potions_floor_usage":[6,13,16],"damage_taken":[{"damage":2,"enemies":"2 Louse","floor":1,"turns":3},{"damage":3,"enemies":"Small Slimes","floor":3,"turns":3},{"damage":12,"enemies":"Jaw Worm","floor":5,"turns":6},{"damage":29,"enemies":"Gremlin Nob","floor":6,"turns":4},{"damage":32,"enemies":"Lagavulin","floor":8,"turns":6},{"damage":20,"enemies":"Exordium Wildlife","floor":12,"turns":3},{"damage":0,"enemies":"2 Fungi Beasts","floor":13,"turns":2},{"damage":33,"enemies":"The Guardian","floor":16,"turns":6}],"seed_played":"-7777587239490951316","potions_obtained":[{"floor":5,"key":"PowerPotion"},{"floor":6,"key":"Explosive Potion"},{"floor":13,"key":"BottledMiracle"}],"is_trial":false,"path_per_floor":["M","?","M","?","M","E","R","E","T","R","$","M","M","T","R","B"],"character_chosen":"WATCHER","items_purchased":["Orrery"],"campfire_rested":3,"item_purchase_floors":[11],"current_hp_per_floor":[63,63,60,60,48,19,40,8,8,29,29,9,9,9,30,0,0],"gold":122,"neow_bonus":"BOSS_RELIC","is_daily":false,"chose_seed":false,"campfire_upgraded":0,"win_rate":0.0,"timestamp":1611690967,"path_taken":["M","?","M","?","M","E","R","E","T","R","$","M","?","?","R","BOSS"],"items_purchased_type":["Relic"],"build_version":"2020-12-18","purchased_purges":0,"victory":false,"max_hp_per_floor":[72,72,72,72,72,72,72,72,72,72,72,72,72,72,72,72,72],"relic_stats":{"counters":[8,33],"Golden Idol":32,"Bag of Preparation":[6],"obtain_stats":[{"Golden Idol":2,"Orrery":11,"Bag of Preparation":9,"TeardropLocket":14,"PureWater":0,"Akabeko":6,"InkBottle":8,"Runic Pyramid":0},{"Golden Idol":1,"Orrery":5,"Bag of Preparation":5,"TeardropLocket":7,"PureWater":0,"Akabeko":4,"InkBottle":5,"Runic Pyramid":0},{"Golden Idol":3,"Orrery":22,"Bag of Preparation":22,"TeardropLocket":27,"PureWater":0,"Akabeko":16,"InkBottle":22,"Runic Pyramid":0}],"InkBottle":[2]},"card_choices":[{"not_picked":["JustLucky","Fasting2"],"picked":"InnerPeace","floor":1},{"not_picked":["PathToVictory","CrushJoints"],"picked":"Wireheading","floor":3},{"not_picked":["SashWhip","Collect","Crescendo"],"picked":"SKIP","floor":5},{"not_picked":["Indignation","CrushJoints"],"picked":"BowlingBash","floor":6},{"not_picked":["SashWhip","ConjureBlade"],"picked":"Wallop","floor":8},{"not_picked":["Pray","Crescendo"],"picked":"WaveOfTheHand","floor":11},{"not_picked":["WindmillStrike","Crescendo"],"picked":"Meditate","floor":11},{"not_picked":["DeusExMachina","Wireheading"],"picked":"ThirdEye","floor":11},{"not_picked":["EmptyFist","Perseverance"],"picked":"Prostrate","floor":11},{"not_picked":["FlurryOfBlows","FollowUp"],"picked":"Pray","floor":11},{"not_picked":["BowlingBash","SashWhip"],"picked":"FearNoEvil","floor":12},{"not_picked":["FlyingSleeves","Wireheading","Evaluate"],"picked":"SKIP","floor":13}],"player_experience":498941,"relics_obtained":[{"floor":6,"key":"Akabeko"},{"floor":8,"key":"InkBottle"},{"floor":9,"key":"Bag of Preparation"},{"floor":14,"key":"TeardropLocket"}],"event_choices":[{"damage_healed":0,"gold_gain":0,"player_choice":"Take Wound","damage_taken":0,"relics_obtained":["Golden Idol"],"max_hp_gain":0,"max_hp_loss":0,"event_name":"Golden Idol","floor":2,"gold_loss":0,"cards_obtained":["Injury"]},{"damage_healed":0,"gold_gain":0,"player_choice":"Ignored","damage_taken":0,"max_hp_gain":0,"max_hp_loss":0,"event_name":"Liars Game","floor":4,"gold_loss":0}],"is_beta":true,"boss_relics":[],"items_purged_floors":[],"is_endless":false,"potions_floor_spawned":[5,6,13],"killed_by":"The Guardian","ascension_level":12}}