{"host":"hrn9sk6g3e0vcjdq","time":1611665792,"event":{"mods":["AchievementEnabler","BaseMod","BetterRewards","Colored Map","Colored Powertips","Hubris","Minty Spire (QoL Compilation)","Quick Restart","StSLib"],"gold_per_floor":[113,128,7,17,17,17,44,63,63,77,77,87,121,133,133,233,233,247,261,274,274,118,150,150,167,193,226,226,237,237,247,247,247,247],"floor_reached":33,"language":"ENG","playtime":5671,"items_purged":["Strike_R"],"score":401,"play_id":"3edf8498-868b-4b84-b9af-f622cdac33e4","local_time":"20210126125632","is_ascension_mode":false,"campfire_choices":[{"data":"True Grit","floor":6,"key":"SMITH"},{"floor":11,"key":"REST"},{"data":"Whirlwind","floor":15,"key":"SMITH"},{"floor":24,"key":"REST"},{"data":"Twin Strike","floor":30,"key":"SMITH"},{"data":"Power Through","floor":32,"key":"SMITH"}],"circlet_count":0,"master_deck":["Strike_R","Strike_R","Strike_R","Strike_R","Defend_R","Defend_R","Defend_R","Defend_R","Bash","Wild Strike","Thunderclap","True Grit+1","Flame Barrier","Whirlwind+1","Twin Strike+1","Flex","Iron Wave+1","Ghostly Armor+1","Power Through+1","Shrug It Off+1","Evolve+1"],"relics":["Burning Blood","Centennial Puzzle","hubris:Metronome","Nunchaku","Velvet Choker","Sling","hubris:Teleporter","Dream Catcher","Torii"],"acts_visited":["Exordium","TheCity"],"potions_floor_usage":[27],"damage_taken":[{"damage":8,"enemies":"Cultist","floor":1,"turns":5},{"damage":0,"enemies":"Small Slimes","floor":2,"turns":4},{"damage":6,"enemies":"Jaw Worm","floor":4,"turns":4},{"damage":61,"enemies":"Lagavulin","floor":7,"turns":10},{"damage":6,"enemies":"Lots of Slimes","floor":8,"turns":3},{"damage":10,"enemies":"Looter","floor":10,"turns":3},{"damage":0,"enemies":"Large Slime","floor":12,"turns":6},{"damage":14,"enemies":"Gremlin Nob","floor":13,"turns":3},{"damage":0,"enemies":"3 Louse","floor":14,"turns":1},{"damage":0,"enemies":"Slime Boss","floor":16,"turns":5},{"damage":13,"enemies":"3 Byrds","floor":18,"turns":4},{"damage":25,"enemies":"Shell Parasite","floor":19,"turns":6},{"damage":13,"enemies":"Snecko","floor":20,"turns":4},{"damage":27,"enemies":"Book of Stabbing","floor":23,"turns":6},{"damage":16,"enemies":"Cultist and Chosen","floor":25,"turns":5},{"damage":0,"enemies":"Gremlin Leader","floor":27,"turns":4},{"damage":2,"enemies":"Snake Plant","floor":29,"turns":4},{"damage":2,"enemies":"Chosen and Byrds","floor":31,"turns":2},{"damage":106,"enemies":"Automaton","floor":33,"turns":12}],"seed_played":"249141685152931106","potions_obtained":[{"floor":1,"key":"SmokeBomb"},{"floor":7,"key":"EntropicBrew"},{"floor":12,"key":"GamblersBrew"},{"floor":16,"key":"BloodPotion"},{"floor":23,"key":"DuplicationPotion"},{"floor":27,"key":"Weak Potion"}],"is_trial":false,"path_per_floor":["M","M","$","M","$","R","E","M","T","M","R","M","E","M","R","B",null,"M","M","M","?","$","E","R","M","T","E","?","M","R","M","R","B"],"character_chosen":"IRONCLAD","items_purchased":["True Grit","Sling"],"campfire_rested":2,"item_purchase_floors":[3,22],"current_hp_per_floor":[86,88,88,88,88,88,33,33,33,29,55,61,53,59,59,65,88,81,62,55,55,55,34,60,50,50,56,98,98,98,98,98,0,0],"gold":247,"neow_bonus":"TEN_PERCENT_HP_BONUS","is_daily":false,"chose_seed":false,"campfire_upgraded":4,"win_rate":0.0,"timestamp":1611665792,"path_taken":["M","M","$","M","$","R","E","M","T","M","R","M","E","M","R","BOSS","M","?","M","?","$","E","R","M","T","E","?","M","R","M","R","BOSS"],"items_purchased_type":["Card","Relic"],"build_version":"2020-12-22","purchased_purges":1,"victory":false,"max_hp_per_floor":[88,88,88,88,88,88,88,88,88,88,88,88,88,88,88,88,88,88,88,88,88,88,88,88,88,88,88,98,98,98,98,98,98,98],"card_choices":[{"not_picked":["Reckless Charge","Armaments"],"picked":"Wild Strike","floor":1},{"not_picked":["Wild Strike","Cleave"],"picked":"Thunderclap","floor":2},{"not_picked":["hubris:ReadiedAction","Wild Strike"],"picked":"Flame Barrier","floor":4},{"not_picked":["Heavy Blade","Demon Form"],"picked":"Whirlwind","floor":7},{"not_picked":["Carnage","True Grit"],"picked":"Twin Strike","floor":8},{"not_picked":["Thunderclap","Havoc","Body Slam"],"picked":"SKIP","floor":10},{"not_picked":["Searing Blow","hubris:ReadiedAction","Heavy Blade"],"picked":"SKIP","floor":12},{"not_picked":["Clothesline","Perfected Strike"],"picked":"Flex","floor":13},{"not_picked":["Carnage","Wild Strike"],"picked":"Berserk","floor":14},{"not_picked":["Bloodletting+1","Flex"],"picked":"Iron Wave+1","floor":18},{"not_picked":["Iron Wave","Burning Pact"],"picked":"Ghostly Armor+1","floor":19},{"not_picked":["Clash+1","Twin Strike","Havoc"],"picked":"SKIP","floor":20},{"not_picked":["Warcry+1","Body Slam+1"],"picked":"Power Through","floor":23},{"not_picked":["Clothesline","True Grit"],"picked":"Shrug It Off+1","floor":25},{"not_picked":["Fire Breathing","Uppercut","Pommel Strike"],"picked":"SKIP","floor":27},{"not_picked":["Heavy Blade","Battle Trance"],"picked":"Evolve+1","floor":29},{"not_picked":["Feel No Pain","Thunderclap","hubris:ReadiedAction"],"picked":"SKIP","floor":31}],"player_experience":607216,"relics_obtained":[{"floor":7,"key":"Centennial Puzzle"},{"floor":9,"key":"hubris:Metronome"},{"floor":13,"key":"Nunchaku"},{"floor":23,"key":"hubris:Teleporter"},{"floor":26,"key":"Dream Catcher"},{"floor":27,"key":"Torii"}],"event_choices":[{"cards_removed":["Berserk"],"damage_healed":32,"gold_gain":0,"player_choice":"Offered Rare","damage_taken":0,"max_hp_gain":10,"max_hp_loss":0,"event_name":"Bonfire Elementals","floor":28,"gold_loss":0}],"is_beta":false,"boss_relics":[{"not_picked":["SlaversCollar","hubris:HollowSoul"],"picked":"Velvet Choker"}],"items_purged_floors":[3],"is_endless":false,"potions_floor_spawned":[1,7,12,16,23,27,29,31],"killed_by":"Automaton","ascension_level":0}}