{"host":"l84l8xigz5v5foa2","time":1611635047,"event":{"mods":["2.2 Compatiblity","AchievementEnabler","BaseMod","Better Note","Better Vampires","Card Filter","Colored Map","DeckTracker","Downfall","Gremlin Skip","Highlight Path","Keyboard Shortcuts","Minty Spire (QoL Compilation)","Permanent Neow","Quick Restart","Relic Filter","Relic Stats","StSLib","SuperFastMode","Transform Curses","Unknown Chances"],"gold_per_floor":[99,114,131,131,131,60,60,75,94,94,121,121,136,160,178,254,254,254,269,286,297,297,297,376,376,376,407,307,322,334,9,20,20,20,20],"floor_reached":33,"language":"ENG","playtime":1480,"items_purged":[],"score":667,"play_id":"e4580f6b-35e9-4fd3-a458-4338b9ea56ae","local_time":"20210126132407","is_ascension_mode":true,"campfire_choices":[{"data":"hexamod:Float","floor":1.0,"key":"SMITH"},{"data":"hexamod:SpectralSpark","floor":10.0,"key":"SMITH"},{"data":"hexamod:ShieldOfDarkness","floor":12.0,"key":"SMITH"},{"data":"hexamod:ApocalypticArmor","floor":18,"key":"SMITH"},{"data":"hexamod:RainOfEmbers","floor":23,"key":"SMITH"},{"data":"hexamod:GhostOfSpirePast","floor":28,"key":"SMITH"}],"circlet_count":0,"master_deck":["AscendersBane","hexamod:Strike","hexamod:Strike","hexamod:Strike","hexamod:Strike","hexamod:Defend","hexamod:Defend","hexamod:Defend","hexamod:Defend","hexamod:Sear","hexamod:Float+1","hexamod:GhostShield","hexamod:StepThrough","hexamod:GhostShield","hexamod:SpectralSpark+1","hexamod:BacktrackSmack+1","hexamod:SpectersWail","hexamod:NightmareStrike","hexamod:StepThrough","hexamod:ShieldOfDarkness+1","hexamod:PhantomFireball","hexamod:RainOfEmbers+1","hexamod:FastForward","hexamod:StepThrough","hexamod:ApocalypticArmor+1","hexamod:HeatShield","hexamod:AdvancingGuard","RitualDagger","hexamod:GhostOfSpirePast+1","hexamod:Hexaguard+1","hexamod:ExtraCrispy","hexamod:GiftsFromTheDead","hexamod:Rewind","expansioncontent:Chronoboost","hexamod:FirstSeal"],"relics":["hexamod:SpiritBrand","White Beast Statue","Dream Catcher","hexamod:TheBrokenSeal","Philosopher\u0027s Stone","Gremlin Horn","Mercury Hourglass","downfall:HeartBlessingGreen"],"acts_visited":["Exordium","TheCity"],"potions_floor_usage":[14,16,16,19,21,27,31,31,32,33],"damage_taken":[{"damage":7.0,"enemies":"2 Louse","floor":2.0,"turns":4.0},{"damage":7.0,"enemies":"Jaw Worm","floor":3.0,"turns":7.0},{"damage":0.0,"enemies":"downfall:FleeingMerchant","floor":6.0,"turns":4.0},{"damage":5.0,"enemies":"Small Slimes","floor":8.0,"turns":4.0},{"damage":1.0,"enemies":"Blue Slaver","floor":9.0,"turns":5.0},{"damage":0.0,"enemies":"Lagavulin","floor":11.0,"turns":7.0},{"damage":29.0,"enemies":"Large Slime","floor":13.0,"turns":5.0},{"damage":32,"enemies":"3 Louse","floor":14,"turns":6},{"damage":0,"enemies":"Gremlin Gang","floor":15,"turns":3},{"damage":16,"enemies":"WA_ARCHETYPE_RETAIN","floor":16,"turns":5},{"damage":5,"enemies":"Shell Parasite","floor":19,"turns":4},{"damage":9,"enemies":"Spheric Guardian","floor":20,"turns":4},{"damage":1,"enemies":"Cultist and Chosen","floor":21,"turns":4},{"damage":0,"enemies":"Gremlin Leader","floor":27,"turns":6},{"damage":0,"enemies":"Centurion and Healer","floor":29,"turns":4},{"damage":0,"enemies":"Snake Plant","floor":30,"turns":2},{"damage":7,"enemies":"downfall:FleeingMerchant","floor":31,"turns":5},{"damage":0,"enemies":"Cultist and Chosen","floor":32,"turns":4},{"damage":53,"enemies":"DF_ARCHETYPE_CLAW","floor":33,"turns":9}],"seed_played":"-8878199392618666126","potions_obtained":[{"floor":2.0,"key":"GamblersBrew"},{"floor":6.0,"key":"Weak Potion"},{"floor":8.0,"key":"Ancient Potion"},{"floor":8.0,"key":"Block Potion"},{"floor":9.0,"key":"PowerPotion"},{"floor":9.0,"key":"hexamod:EctoCoolerPotion"},{"floor":11.0,"key":"BlessingOfTheForge"},{"floor":11.0,"key":"Explosive Potion"},{"floor":13.0,"key":"SneckoOil"},{"floor":13.0,"key":"BlessingOfTheForge"},{"floor":14,"key":"Weak Potion"},{"floor":15,"key":"PowerPotion"},{"floor":16,"key":"SkillPotion"},{"floor":19,"key":"PowerPotion"},{"floor":20,"key":"SkillPotion"},{"floor":21,"key":"LiquidMemories"},{"floor":27,"key":"Energy Potion"},{"floor":31,"key":"SteroidPotion"},{"floor":32,"key":"Swift Potion"}],"is_trial":false,"path_per_floor":["R","M","M","?","?","$","T","M","M","R","E","R","M","M","M","B",null,"R","M","M","M","?","R","T","?","?","E","R","M","M","$","M","B"],"character_chosen":"THE_SPIRIT","items_purchased":["hexamod:SpectersWail","hexamod:GiftsFromTheDead","hexamod:Rewind","expansioncontent:Chronoboost"],"campfire_rested":0,"item_purchase_floors":[6,31,31,31],"current_hp_per_floor":[57,50,43,43,48,48,48,43,42,42,49,49,20,69,69,53,72,72,67,58,57,51,51,51,51,51,51,51,51,51,44,44,0,0,0],"gold":20,"neow_bonus":"ONE_RANDOM_RARE_CARD","is_daily":false,"chose_seed":false,"campfire_upgraded":6,"win_rate":0.0,"timestamp":1611635047,"path_taken":["R","M","M","?","?","$","T","M","M","R","E","R","M","M","M","BOSS","R","M","M","M","?","R","T","?","?","E","R","M","M","$","M","BOSS"],"items_purchased_type":["Card","Card","Card","Card"],"build_version":"2020-12-22","purchased_purges":0,"victory":false,"max_hp_per_floor":[63,63,63,63,68,68,68,68,68,68,68,68,68,78,78,78,78,78,78,78,78,78,78,78,78,78,78,78,78,78,78,78,78,78,78],"relic_stats":{"Dream Catcher":0,"Gremlin Horn":[10,10],"counters":[19,92],"obtain_stats":[{"Dream Catcher":11,"Gremlin Horn":24,"hexamod:TheBrokenSeal":14,"Philosopher\u0027s Stone":17,"downfall:HeartBlessingGreen":28,"hexamod:SpiritBrand":0,"White Beast Statue":7,"Mercury Hourglass":27},{"Dream Catcher":6,"Gremlin Horn":13,"hexamod:TheBrokenSeal":8,"Philosopher\u0027s Stone":10,"downfall:HeartBlessingGreen":14,"hexamod:SpiritBrand":0,"White Beast Statue":3,"Mercury Hourglass":14},{"Dream Catcher":31,"Gremlin Horn":62,"hexamod:TheBrokenSeal":41,"Philosopher\u0027s Stone":50,"downfall:HeartBlessingGreen":68,"hexamod:SpiritBrand":0,"White Beast Statue":15,"Mercury Hourglass":68}],"Mercury Hourglass":[79]},"card_choices":[{"not_picked":["hexamod:SixthSeal","hexamod:FourthSeal"],"picked":"hexamod:ThirdSeal","floor":2.0},{"not_picked":["hexamod:InspiringFlames","hexamod:Firestarter"],"picked":"hexamod:GhostShield","floor":2.0},{"not_picked":["hexamod:SixthSeal","hexamod:FirstSeal"],"picked":"hexamod:FourthSeal","floor":3.0},{"not_picked":["hexamod:FourthSeal","hexamod:HeatCrush"],"picked":"hexamod:StepThrough","floor":3.0},{"not_picked":["hexamod:Incineration","hexamod:HeatMetal"],"picked":"hexamod:GhostShield","floor":3.0},{"not_picked":["hexamod:AdvancingGuard","hexamod:Toasty"],"picked":"hexamod:SpectralSpark","floor":6.0},{"not_picked":["hexamod:NightmareStrike","hexamod:HeatCrush"],"picked":"hexamod:BacktrackSmack","floor":6.0},{"not_picked":["hexamod:InspiringFlames","hexamod:SpectralAdrenaline"],"picked":"hexamod:NightmareStrike","floor":8.0},{"not_picked":["hexamod:InspiringFlames","hexamod:SoulSteal","hexamod:SuperheatedStrike"],"picked":"SKIP","floor":8.0},{"not_picked":["hexamod:GhostLash","hexamod:EmpoweredFlame"],"picked":"hexamod:StepThrough","floor":9.0},{"not_picked":["hexamod:ThirdSeal","hexamod:SecondSeal"],"picked":"hexamod:FirstSeal","floor":9.0},{"not_picked":["hexamod:ChargedBarrage","hexamod:Again","hexamod:ShieldOfDarkness"],"picked":"SKIP","floor":9.0},{"not_picked":["hexamod:SecondSeal","hexamod:ThirdSeal"],"picked":"hexamod:SixthSeal","floor":11.0},{"not_picked":["hexamod:NightmareStrike","hexamod:HeatMetal"],"picked":"hexamod:ShieldOfDarkness","floor":11.0},{"not_picked":["hexamod:WildfireWeapon","hexamod:UnleashSpirits"],"picked":"hexamod:PhantomFireball","floor":11.0},{"not_picked":["hexamod:ThirdSeal","hexamod:FourthSeal"],"picked":"hexamod:SecondSeal","floor":13.0},{"not_picked":["hexamod:Firestarter","hexamod:SpectralAdrenaline"],"picked":"hexamod:RainOfEmbers","floor":13.0},{"not_picked":["hexamod:SuperheatedStrike","hexamod:NightmareStrike","hexamod:GhostShield"],"picked":"SKIP","floor":13.0},{"not_picked":["hexamod:ShieldOfDarkness","hexamod:InspiringFlames"],"picked":"hexamod:FastForward","floor":14},{"not_picked":["hexamod:Hexaguard","hexamod:HeatMetal"],"picked":"hexamod:StepThrough","floor":15},{"not_picked":["hexamod:VolcanoVisage","hexamod:TimeOfNeed"],"picked":"hexamod:ApocalypticArmor","floor":16},{"not_picked":["hexamod:FlamesFromBeyond","hexamod:RainOfEmbers"],"picked":"hexamod:HeatShield","floor":19},{"not_picked":["hexamod:ThermalTransfer","hexamod:SuperheatedStrike","hexamod:SwordOfDarkness"],"picked":"SKIP","floor":20},{"not_picked":["hexamod:NightmareStrike","hexamod:FastForward"],"picked":"hexamod:AdvancingGuard","floor":21},{"not_picked":["hexamod:BurningTouch","hexamod:ShieldOfDarkness+1","hexamod:HeatShield"],"picked":"SKIP","floor":27},{"not_picked":["hexamod:HeatMetal","hexamod:PhantomCloak"],"picked":"hexamod:Hexaguard+1","floor":29},{"not_picked":["hexamod:StepThrough","hexamod:SpectralSpark"],"picked":"hexamod:ExtraCrispy","floor":30},{"not_picked":["hexamod:BurningTouch","hexamod:ExtraCrispy+1","hexamod:EmpoweredFlame"],"picked":"SKIP","floor":31},{"not_picked":["hexamod:Firestarter+1","hexamod:HeatShield"],"picked":"hexamod:FirstSeal","floor":32}],"player_experience":3407254,"relics_obtained":[{"floor":7.0,"key":"White Beast Statue"},{"floor":11.0,"key":"Dream Catcher"},{"floor":24,"key":"Gremlin Horn"},{"floor":27,"key":"Mercury Hourglass"}],"event_choices":[{"damage_healed":0.0,"max_hp_gain":5.0,"max_hp_loss":0.0,"gold_gain":0.0,"event_name":"Big Fish","player_choice":"Donut","floor":5.0,"gold_loss":0.0,"damage_taken":0.0},{"damage_healed":0,"gold_gain":0,"player_choice":"Read","damage_taken":0,"max_hp_gain":0,"max_hp_loss":0,"event_name":"The Library","floor":25,"gold_loss":0,"cards_obtained":["hexamod:GhostOfSpirePast"]}],"is_beta":false,"boss_relics":[{"not_picked":["sneckomod:SneckoTalon","hexamod:IceCube"],"picked":"Philosopher\u0027s Stone"}],"items_purged_floors":[],"is_endless":false,"potions_floor_spawned":[2,8,9,11,13,14,15,16,19,20,21,27,29,30,31,32],"killed_by":"DF_ARCHETYPE_CLAW","ascension_level":20}}