{"host":"f251oio0chsiwdug","time":1611657597,"event":{"mods":["BaseMod","Colored Map","Downfall","Hermit","Marisa????????","Minty Spire (QoL Compilation)","Replay The Spire","Shop Mod","StSLib","The Cursed"],"gold_per_floor":[99,110,21,3333,2437,2449,2449,2484,2384,2309,1563,1575,1575,1587,1604,1701,1701,1651,1665,34,46,62,93,93,93,113,138,18,33,45,74,85,186,186,136,153,168,181,181,196,196,196,196,229,1051,1001,1012,1012,1023,1023],"floor_reached":51,"language":"DEU","playtime":4092,"items_purged":["Slimebound:Defend_Slimebound","Pain"],"score":1031,"play_id":"4438bb5f-e9f5-4a0f-a5c6-7c6713b2fd10","local_time":"20210126113957","is_ascension_mode":true,"campfire_choices":[{"floor":1.0,"key":"REST"},{"floor":9,"key":"REST"},{"floor":46,"key":"DIG"}],"circlet_count":0,"master_deck":["Slimebound:Tackle","Slimebound:Defend_Slimebound","Slimebound:Defend_Slimebound","Slimebound:Split","Slimebound:CorrosiveSpit","CurseOfTheBell","Slimebound:LevelUp","Slimebound:SplitLeeching","Slimebound:SplitAcid","Slimebound:SlimeTap","Slimebound:RollThrough","Slimebound:RallyTheTroops","Slimebound:SplitLeeching","Slimebound:RejuvenatingLick","expansioncontent:QuickStudy+1","Slimebound:RainOfGoop","Slimebound:CheckThePlaybook","Slimebound:WasteNot","Slimebound:ViciousTackle","Slimebound:HauntingLick","Slimebound:FinishingTackle","Slimebound:LeadByExample+1","Apotheosis+1","Slimebound:Replication+1","Slimebound:MassRepurpose+1","Slimebound:SplitMire+1","Slimebound:Schlurp+1","Slimebound:SplitBruiser+1","Replay:Sssssssssshield+1","Slimebound:Repurpose+1","Slimebound:Schlurp+1","Slimebound:SplitBruiser+1","Slimebound:DouseInSlime+1","Bite","Bite","Bite","Bite","Bite","Slimebound:SplitLeeching+1","Slimebound:SplitBruiser+1","Slimebound:SplitBruiser+1","Slimebound:TongueLash","Slimebound:TongueLash","Slimebound:TongueLash+1","Slimebound:GrowthPunch+1","Slimebound:SamplingLick+1","Slimebound:ServeAndProtect+1","Slimebound:SelfFormingGoo","Slimebound:ViciousTackle","Slimebound:SamplingLick+1","Slimebound:SlimeTap+1","Slimebound:LeadByExample+1","Slimebound:ProtectTheBoss","Slimebound:SamplingLick+1","Slimebound:OneTwoCombo","Wraith","Slimebound:SlimeBarrage","Slimebound:ItLooksTasty+1","Spreading Infection","Slimebound:ItLooksTasty+1","Pot Of Greed+1","Pot Of Greed+1","Pot Of Greed+1","Pot Of Greed+1","Pot Of Greed+1","Pot Of Greed+1","expansioncontent:QuickStudy+1","Slimebound:Repurpose+1","Slimebound:RejuvenatingLick+1","Slimebound:CheckThePlaybook+1","Slimebound:DisruptingSlam+1","Slimebound:Darklings+1","Slimebound:Gluttony+1","Slimebound:Replication+1"],"relics":["Calling Bell","Dream Catcher","Garlic","Durian","Mango","Happy Flower","Lee\u0027s Waffle","MerchantsRug","Iron Hammer","Counterbalance","downfall:HeartBlessingGreen","Slimebound:GreedOozeRelic","Slimebound:AggressiveSlimeRelic","Bottled Lightning","Strange Spoon","WarpedTongs","Sozu","Toxic Egg 2","Replay:Bottled Flurry","Orrery","Boot","OrangePellets","Kunai","ReplayFunnel","Mirror","ReplayTheSpireMod:Lightbulb","Quantum Egg","Oddly Smooth Stone","Prayer Wheel","Fusion Hammer","Sundial","Ring of Peace","Ring of Panic","Eternal Feather","Grinning Jar","Shovel","Vajra"],"acts_visited":["Exordium","TheCity","TheBeyond"],"potions_floor_usage":[16,16],"damage_taken":[{"damage":6.0,"enemies":"Cultist","floor":2.0,"turns":3.0},{"damage":3.0,"enemies":"downfall:FleeingMerchant","floor":3.0,"turns":4.0},{"damage":8,"enemies":"downfall:FleeingMerchant","floor":5,"turns":4},{"damage":1,"enemies":"Small Slimes","floor":6,"turns":2},{"damage":9,"enemies":"3 Sentries","floor":8,"turns":6},{"damage":2,"enemies":"downfall:FleeingMerchant","floor":11,"turns":4},{"damage":0,"enemies":"2 Louse","floor":12,"turns":2},{"damage":15,"enemies":"Exordium Thugs","floor":14,"turns":2},{"damage":9,"enemies":"Blue Slaver","floor":15,"turns":2},{"damage":14,"enemies":"DF_ARCHETYPE_STREAMLINE","floor":16,"turns":4},{"damage":4,"enemies":"Shell Parasite","floor":19,"turns":3},{"damage":23,"enemies":"downfall:FleeingMerchant","floor":20,"turns":4},{"damage":6,"enemies":"3 Byrds","floor":21,"turns":3},{"damage":3,"enemies":"3 Cultists","floor":22,"turns":3},{"damage":23,"enemies":"Book of Stabbing","floor":23,"turns":3},{"damage":11,"enemies":"Centurion and Healer","floor":26,"turns":3},{"damage":7,"enemies":"Gremlin Leader","floor":27,"turns":4},{"damage":0,"enemies":"downfall:FleeingMerchant","floor":28,"turns":1},{"damage":13,"enemies":"Chosen and Byrds","floor":29,"turns":3},{"damage":0,"enemies":"Sentry and Sphere","floor":30,"turns":2},{"damage":1,"enemies":"Book of Stabbing","floor":31,"turns":3},{"damage":16,"enemies":"3 Cultists","floor":32,"turns":3},{"damage":12,"enemies":"WA_ARCHETYPE_CALM","floor":33,"turns":4},{"damage":3,"enemies":"3 Darklings","floor":36,"turns":2},{"damage":12,"enemies":"Orb Walker","floor":37,"turns":2},{"damage":0,"enemies":"Spire Growth","floor":38,"turns":3},{"damage":5,"enemies":"Transient","floor":40,"turns":5},{"damage":8,"enemies":"Giant Head","floor":44,"turns":5},{"damage":0,"enemies":"Writhing Mass","floor":47,"turns":3},{"damage":0,"enemies":"Sphere and 2 Shapes","floor":49,"turns":3},{"damage":0,"enemies":"SI_POISON_ARCHETYPE","floor":50,"turns":5}],"seed_played":"420689780399564446","potions_obtained":[{"floor":6,"key":"DuplicationPotion"},{"floor":12,"key":"Toxic Potion"},{"floor":16,"key":"Slimebound:SlimedPotion"}],"is_trial":false,"path_per_floor":["R","M","$","?","$","M","T","E","R","?","$","M","?","M","M","B",null,"R_BF","M","$","M","M","E","T","?","M","E","$","M","M","E","M","B",null,"R_BF","M","M","M","?","M","T","?","?","E","$","R","M","?","M","B",null],"character_chosen":"SLIMEBOUND","items_purchased":["Slimebound:SlimeTap","Mango","Happy Flower","Lee\u0027s Waffle","MerchantsRug","Block Potion","Slimebound:AggressiveSlimeRelic","Bottled Lightning","Strange Spoon","expansioncontent:QuickStudy","Slimebound:LeadByExample+1","Toxic Egg 2","Replay:Bottled Flurry","Apotheosis+1","Orrery","Boot","OrangePellets","Kunai","Replay:Sssssssssshield+1","Slimebound:Repurpose+1","Slimebound:TongueLash","Quantum Egg","Oddly Smooth Stone","Grinning Jar","Shovel","expansioncontent:QuickStudy","Slimebound:Repurpose+1","Slimebound:RejuvenatingLick+1"],"campfire_rested":2,"item_purchase_floors":[3,5,5,5,5,5,11,11,11,11,20,20,20,20,20,20,20,20,20,20,28,28,28,45,45,45,45,45],"current_hp_per_floor":[70,64,61,61,91,90,90,81,91,91,89,89,89,74,65,51,91,91,87,64,58,55,32,32,32,24,25,25,15,15,63,47,37,63,63,60,51,54,54,54,54,54,54,52,52,63,63,63,63,63],"gold":1023,"neow_bonus":"BOSS_RELIC","is_daily":false,"chose_seed":false,"campfire_upgraded":0,"win_rate":0.0,"timestamp":1611657597,"path_taken":["R","M","$","?","$","M","T","E","R","?","$","M","?","?","M","BOSS","R_BF","M","$","M","M","E","T","?","M","E","$","M","M","E","M","BOSS","R_BF","M","M","M","?","M","T","?","?","E","$","R","M","?","M","BOSS"],"items_purchased_type":["Card","Relic","Relic","Relic","Relic","Potion","Relic","Relic","Relic","Card","Card","Relic","Relic","Card","Relic","Relic","Relic","Relic","Card","Card","Card","Relic","Relic","Relic","Relic","Card","Card","Card"],"build_version":"2020-12-22","purchased_purges":2,"victory":true,"max_hp_per_floor":[70,70,70,70,91,91,91,91,91,91,91,91,91,91,91,91,91,91,91,91,91,91,91,91,63,63,63,63,63,63,63,63,63,63,63,63,63,63,63,63,63,63,63,63,63,63,63,63,63,63],"card_choices":[{"not_picked":["Slimebound:LivingWall","Slimebound:GoopTackle"],"picked":"Slimebound:LevelUp","floor":1.0},{"not_picked":["Slimebound:Equalize","Slimebound:FinishingTackle"],"picked":"Slimebound:SplitLeeching","floor":2.0},{"not_picked":["Slimebound:FinishingTackle","Slimebound:FormOfPuddle"],"picked":"Slimebound:SplitAcid","floor":3.0},{"not_picked":["Slimebound:Gluttony","Slimebound:ComboTackle"],"picked":"Slimebound:RollThrough","floor":5},{"not_picked":["Slimebound:Dissolve","Slimebound:AcidTongue"],"picked":"Slimebound:Overexert","floor":6},{"not_picked":["Slimebound:FormOfPuddle","Slimebound:HauntingLick"],"picked":"Slimebound:RallyTheTroops","floor":8},{"not_picked":["Slimebound:ProtectTheBoss","Slimebound:FlameTackle"],"picked":"Slimebound:SplitLeeching","floor":9},{"not_picked":["Slimebound:PressTheAttack","Slimebound:LeechEnergy"],"picked":"Slimebound:RejuvenatingLick","floor":11},{"not_picked":["Slimebound:Chomp","Slimebound:LivingWall"],"picked":"Slimebound:RainOfGoop","floor":12},{"not_picked":["Slimebound:SlimeBarrage","Slimebound:RollThrough"],"picked":"Slimebound:Schlurp","floor":14},{"not_picked":["Slimebound:LivingWall","Slimebound:SpikyOuterGoop"],"picked":"Slimebound:CheckThePlaybook","floor":15},{"not_picked":["Slimebound:RallyTheTroops","Slimebound:MinionMaster"],"picked":"Slimebound:WasteNot","floor":16},{"not_picked":["Slimebound:MegaLick","Slimebound:PressTheAttack+1"],"picked":"Slimebound:HauntingLick","floor":19},{"not_picked":["Slimebound:SplitBruiser","Slimebound:ComboTackle"],"picked":"Slimebound:FinishingTackle","floor":20},{"not_picked":["Slimebound:DisruptingSlam","Slimebound:SplitMire+1"],"picked":"Slimebound:Replication+1","floor":20},{"not_picked":["Slimebound:LeechingTouch","Slimebound:Prepare+1"],"picked":"Slimebound:MassRepurpose+1","floor":20},{"not_picked":["Slimebound:Prepare+1","Slimebound:HauntingLick+1"],"picked":"Slimebound:SplitMire+1","floor":20},{"not_picked":["Slimebound:SplitLeeching+1","Slimebound:Grow"],"picked":"Slimebound:Schlurp+1","floor":20},{"not_picked":["Slimebound:SplitAcid+1","Slimebound:MassFeed"],"picked":"Slimebound:SplitBruiser+1","floor":20},{"not_picked":["Slimebound:Prepare+1","Slimebound:ComboTackle"],"picked":"Slimebound:Schlurp+1","floor":21},{"not_picked":["Slimebound:Equalize","Slimebound:ForwardTackle"],"picked":"Slimebound:SplitBruiser+1","floor":22},{"not_picked":["Slimebound:PressTheAttack","Slimebound:GoopSpray+1"],"picked":"Slimebound:DouseInSlime+1","floor":23},{"not_picked":["Slimebound:AcidTongue+1","Slimebound:PressTheAttack"],"picked":"Slimebound:SplitLeeching+1","floor":26},{"not_picked":["Slimebound:RollThrough","Slimebound:SplitLeeching+1"],"picked":"Slimebound:SplitBruiser+1","floor":27},{"not_picked":["Slimebound:Prepare+1","Slimebound:AcidTongue"],"picked":"Slimebound:SplitBruiser+1","floor":28},{"not_picked":["Slimebound:FinishingTackle+1","Slimebound:SamplingLick+1"],"picked":"Slimebound:TongueLash","floor":29},{"not_picked":["Slimebound:SlimeSpikes+1","Slimebound:FinishingTackle"],"picked":"Slimebound:TongueLash+1","floor":30},{"not_picked":["Slimebound:SlimeBarrage","Slimebound:SlimeSlap"],"picked":"Slimebound:GrowthPunch+1","floor":31},{"not_picked":["Slimebound:SlimeSpikes+1","Slimebound:GoopSpray+1"],"picked":"Slimebound:SamplingLick+1","floor":32},{"not_picked":["Slimebound:SplitLeeching+1","Slimebound:LivingWall+1"],"picked":"Slimebound:ServeAndProtect+1","floor":32},{"not_picked":["Slimebound:MinionMaster","Slimebound:OneTwoCombo"],"picked":"Slimebound:SelfFormingGoo","floor":33},{"not_picked":["Slimebound:ComboTackle","Slimebound:FinishingTackle+1"],"picked":"Slimebound:SamplingLick+1","floor":36},{"not_picked":["Slimebound:SamplingLick+1","Slimebound:Schlurp+1"],"picked":"Slimebound:SlimeTap+1","floor":36},{"not_picked":["Slimebound:SplitAcid+1","Slimebound:ComboTackle+1"],"picked":"Slimebound:LeadByExample+1","floor":37},{"not_picked":["Slimebound:ServeAndProtect+1","Slimebound:ForwardTackle"],"picked":"Slimebound:ProtectTheBoss","floor":37},{"not_picked":["Slimebound:LivingWall+1","Slimebound:SplitAcid+1"],"picked":"Slimebound:SamplingLick+1","floor":38},{"not_picked":["Slimebound:FinishingTackle+1","Slimebound:PressTheAttack"],"picked":"Slimebound:OneTwoCombo","floor":38},{"not_picked":["Slimebound:Prepare+1","Slimebound:ItLooksTasty+1"],"picked":"Slimebound:SlimeBarrage","floor":40},{"not_picked":["Slimebound:DisruptingSlam+1","Slimebound:GoopTackle"],"picked":"Slimebound:ItLooksTasty+1","floor":40},{"not_picked":["Slimebound:LeechingTouch","Slimebound:BestDefense+1"],"picked":"Slimebound:ItLooksTasty+1","floor":44},{"not_picked":["Slimebound:Prepare+1","Slimebound:FinishingTackle+1"],"picked":"Slimebound:CheckThePlaybook+1","floor":47},{"not_picked":["Slimebound:Equalize","Slimebound:SlimeSpikes+1"],"picked":"Slimebound:DisruptingSlam+1","floor":47},{"not_picked":["Slimebound:FormOfPuddle+1","Slimebound:SplitBruiser+1"],"picked":"Slimebound:Gluttony+1","floor":49},{"not_picked":["Slimebound:ComboTackle","Slimebound:Chomp+1"],"picked":"Slimebound:Replication+1","floor":49}],"player_experience":54145,"relics_obtained":[{"floor":0.0,"key":"Dream Catcher"},{"floor":0.0,"key":"Garlic"},{"floor":0.0,"key":"Durian"},{"floor":7,"key":"Iron Hammer"},{"floor":8,"key":"Counterbalance"},{"floor":23,"key":"ReplayFunnel"},{"floor":24,"key":"Mirror"},{"floor":27,"key":"ReplayTheSpireMod:Lightbulb"},{"floor":31,"key":"Prayer Wheel"},{"floor":41,"key":"Sundial"},{"floor":42,"key":"Ring of Peace"},{"floor":42,"key":"Ring of Panic"},{"floor":44,"key":"Eternal Feather"},{"floor":46,"key":"Vajra"}],"event_choices":[{"damage_healed":0,"gold_gain":0,"player_choice":"Rummage","damage_taken":0,"relics_obtained":["WarpedTongs"],"max_hp_gain":0,"max_hp_loss":0,"event_name":"Accursed Blacksmith","floor":13,"gold_loss":0,"cards_obtained":["Pain"]},{"damage_healed":0,"gold_gain":0,"player_choice":"Became a vampire","damage_taken":0,"max_hp_gain":0,"max_hp_loss":28,"event_name":"Vampires","floor":25,"gold_loss":0,"cards_obtained":["Bite","Bite","Bite","Bite","Bite"]},{"damage_healed":0,"gold_gain":0,"player_choice":"Ignored","damage_taken":0,"max_hp_gain":0,"max_hp_loss":0,"event_name":"OrinTheCat","floor":39,"gold_loss":0},{"cards_removed":["Slimebound:Schlurp"],"damage_healed":0,"gold_gain":0,"player_choice":"Removed Skill","damage_taken":0,"max_hp_gain":0,"max_hp_loss":0,"event_name":"Falling","floor":43,"gold_loss":0}],"is_beta":false,"boss_relics":[{"not_picked":["Painkiller Herb","Honey Jar"],"picked":"Sozu"},{"not_picked":["Runic Pyramid","Replay:Wanted Poster"],"picked":"Fusion Hammer"}],"items_purged_floors":[5,45],"is_endless":false,"potions_floor_spawned":[6,12,14,16,19,22,26,30,31,33,37,40,47],"ascension_level":1}}