{"host":"1qxljlv0g0hslid3","time":1611646610,"event":{"mods":["2.2 Compatiblity","AchievementEnabler","Act Like it!","Astrologer","BaseMod","Beaked The Cultist","BetterRewards","Clawfect","Conspire","Custom Start","Dio Mod","Elementarium","Energized Spire","Gensokyo","GungeonMod","Hallownest","Hermit","Hero for Fun","Hubris","Infinite Spire","Jorbs\u0027s Wanderer Trilogy","LagranYue(???·?)","Lobotomy","LobotomyExtend","Magitek Elite","Marisa????????","Minty Spire (QoL Compilation)","Prisma Mod","Random Character Button","Remilia??????","Replay The Spire","Shade Mod","Shop Mod","StSLib","The Administrix","The Alterego","The Animator","The Bladedancer","The Bug Knight","The Cursed","The Death Knight","The Elementalist","The Hierophant","The Jungle","The Mystic","The Necromancer","The Runesmith","The Saiyan","The Senshi","The Servant 0.9.4","TheSwordswoman","Wandering Minibosses","everything is the same but u backflip on backflip","slay the spire mod where everything is the same but ironclad has a cowboy hat"],"gold_per_floor":[117,117,117,132,150,179,126,126,126,126,126,126,159,159,159,254,254,270,270,270,72,82,94,94,127,127,158,158,191,209,209,209,311,311,327,70,81,101,117,117,150,200,200,200,236,258,287,57,57,87,87],"floor_reached":52,"language":"ENG","playtime":5271,"items_purged":[],"score":916,"play_id":"c0ddb283-305b-4209-be72-effcc7dbe9e4","local_time":"20210126013650","is_ascension_mode":true,"campfire_choices":[{"data":"dioMod:HeavyLifting","floor":8,"key":"SMITH"},{"data":"dioMod:DoubleTime","floor":10,"key":"SMITH"},{"floor":12,"key":"REST"},{"data":"dioMod:Minions","floor":15,"key":"SMITH"},{"data":"Consecutive_Normal_Punch","floor":24,"key":"SMITH"},{"data":"dioMod:PathToHeaven","floor":28,"key":"SMITH"},{"floor":32,"key":"REST"},{"floor":40,"key":"RECALL"},{"data":"Consecutive_Normal_Punch","floor":49,"key":"SMITH"}],"circlet_count":0,"master_deck":["dioMod:Strike","dioMod:Strike","dioMod:Strike","dioMod:Strike","Bite+1","dioMod:Defend","dioMod:Defend","dioMod:Defend","dioMod:Defend","dioMod:TripleThreat","dioMod:Minions+1","dioMod:HeavyLifting+1","dioMod:DoubleTime+1","dioMod:VengefulMuda","dioMod:VengefulMuda","dioMod:PathToHeaven+1","dioMod:MudaMudaMuda+1","Hallownest:curseDreamersLament","dioMod:Muda","dioMod:Muda","Consecutive_Normal_Punch+1","dioMod:DaggerToss","dioMod:TheWalk","dioMod:BloodSuck","Looming Evil","Consecutive_Normal_Punch+1","dioMod:Muda"],"relics":["dioMod:VampireBlood","LagranYue:RandomDrawCardRelic","LetterFromLob","hubris:DisguiseKit","LagranYue:WskJewelryRelic","Gaze_r","Runesmith:Nanobots","LagranYue:SoulBurningRelic","Hallownest:NailmastersGloryRelic","Hallownest:WatcherSealRelic","Bag of Preparation","hubris:Spice","hubris:CuriousFeather","infinitespire:Eraser","ScarletDevilRocket","hubris:Towel","conspire:SpecialSausage","Singing Bowl","Kunai","Ring of Greed","infinitespire:Midas Blood","Membership Card","DemoMod:OrangeGuonStone","ReplayTheSpireMod:Lightbulb","Omamori","Oddly Smooth Stone","Pantograph"],"acts_visited":["Exordium","Hallownest:CityofTears","TheBeyond"],"potions_floor_usage":[16,22,30,30,41],"damage_taken":[{"damage":5,"enemies":"2 Louse","floor":1,"turns":3},{"damage":13,"enemies":"Small Slimes","floor":4,"turns":4},{"damage":4,"enemies":"conspire:RoseBush","floor":5,"turns":3},{"damage":24,"enemies":"Replay:BlueRogue","floor":6,"turns":6},{"damage":32,"enemies":"3 Sentries","floor":11,"turns":5},{"damage":21,"enemies":"3 Sentries","floor":13,"turns":8},{"damage":58,"enemies":"The Guardian","floor":16,"turns":14},{"damage":9,"enemies":"Hallownest:2_Mistakes","floor":18,"turns":7},{"damage":35,"enemies":"Hallownest:Guard_and_Sentry","floor":22,"turns":5},{"damage":21,"enemies":"Hallownest:2_Flukemon","floor":23,"turns":5},{"damage":17,"enemies":"Hallownest:Nosk","floor":25,"turns":6},{"damage":3,"enemies":"Hallownest:eliteSoulWarrior","floor":27,"turns":3},{"damage":20,"enemies":"Nightmare","floor":29,"turns":4},{"damage":6,"enemies":"Hallownest:2_Husk_Sentries","floor":30,"turns":2},{"damage":3,"enemies":"Hallownest:BossGrimm","floor":33,"turns":3},{"damage":0,"enemies":"Orb Walker","floor":35,"turns":1},{"damage":11,"enemies":"3 Shapes","floor":37,"turns":3},{"damage":9,"enemies":"Transient","floor":38,"turns":5},{"damage":15,"enemies":"3 Darklings","floor":39,"turns":2},{"damage":0,"enemies":"R_Hoarder","floor":41,"turns":2},{"damage":13,"enemies":"Reptomancer","floor":45,"turns":4},{"damage":5,"enemies":"Spire Growth","floor":46,"turns":2},{"damage":43,"enemies":"Nemesis","floor":47,"turns":3},{"damage":62,"enemies":"Jotaro","floor":50,"turns":7}],"seed_played":"8951977167874607563","potions_obtained":[{"floor":6,"key":"Ancient Potion"},{"floor":13,"key":"Languid Potion"},{"floor":16,"key":"Toxic Potion"},{"floor":18,"key":"DeathKnight:BottledBloodEchoes"},{"floor":29,"key":"conspire:TimeTravelPotion"},{"floor":30,"key":"Milkshake"},{"floor":33,"key":"Adrenaline Potion"},{"floor":37,"key":"dioMod:HumanBlood"},{"floor":47,"key":"Milkshake"}],"is_trial":false,"path_per_floor":["M","?","?","M","M","E","$","R","T","R","E","R","E","?","R","B",null,"M","?","?","$","M","M","R","E","T","E","R","NM","M","?","R","B",null,"M","$","M","M","M","R","E","?","T","?","E","M","E","$","R","B",null,null],"character_chosen":"THE_DEFAULT","items_purchased":["dioMod:VengefulMuda","dioMod:Muda","Bag of Preparation","Singing Bowl","Oddly Smooth Stone","Pantograph","dioMod:Muda"],"campfire_rested":2,"item_purchase_floors":[7,21,21,36,48,48,48],"current_hp_per_floor":[75,75,75,68,70,55,55,55,55,55,32,54,51,51,51,8,75,72,72,72,72,45,30,30,26,26,27,27,11,9,9,32,33,83,83,83,75,86,80,80,83,83,83,83,91,91,53,53,53,36,36],"gold":87,"neow_bonus":"RANDOM_EVENT","is_daily":false,"chose_seed":false,"campfire_upgraded":6,"win_rate":0.0,"timestamp":1611646610,"path_taken":["M","?","?","M","M","E","$","R","T","R","E","R","E","?","R","BOSS","M","?","?","$","M","M","R","E","T","E","R","NM","M","?","R","BOSS","M","$","M","M","M","R","E","?","T","?","E","M","E","$","R","BOSS"],"items_purchased_type":["Card","Card","Relic","Relic","Relic","Relic","Card"],"build_version":"2020-12-22","purchased_purges":0,"victory":true,"max_hp_per_floor":[75,75,75,75,75,75,75,75,75,75,75,75,75,75,75,75,75,75,75,75,75,75,75,75,83,83,83,83,83,83,83,83,83,83,83,83,85,87,89,89,91,91,91,91,91,93,95,95,95,95,95],"card_choices":[{"not_picked":["dioMod:SecretPlan","dioMod:CautiousMuda"],"picked":"dioMod:TripleThreat","floor":1},{"not_picked":["dioMod:Hiss","dioMod:Diversion","Toss_Stone"],"picked":"dioMod:Minions","floor":4},{"not_picked":["dioMod:Despair","dioMod:SecretPlan","Normal_Punch"],"picked":"dioMod:HeavyLifting","floor":5},{"not_picked":["dioMod:CutDeep","dioMod:DaggerSpree","Ignore"],"picked":"dioMod:DoubleTime","floor":6},{"not_picked":["dioMod:StreetSign","dioMod:BloodShield","Ignore"],"picked":"dioMod:VengefulMuda","floor":13},{"not_picked":["dioMod:GoldVial","dioMod:KonoDioDa","Serious_Side_Hops"],"picked":"dioMod:PathToHeaven","floor":16},{"not_picked":["dioMod:SecretPlan","dioMod:WRYYY","Hop"],"picked":"dioMod:MudaMudaMuda+1","floor":18},{"not_picked":["dioMod:CautiousMuda","dioMod:DoubleTime+1","Consecutive_Normal_Punch"],"picked":"dioMod:Muda","floor":22},{"not_picked":["dioMod:DoubleTime","dioMod:ComposedMuda","dioMod:Freeze"],"picked":"Consecutive_Normal_Punch","floor":23},{"not_picked":["dioMod:CautiousMuda","dioMod:DarkRebirth","dioMod:FlyAway+1","Normal_Punch"],"picked":"SKIP","floor":25},{"not_picked":["dioMod:SecretPlan","dioMod:StreetSign","Yawn"],"picked":"dioMod:DaggerToss","floor":27},{"not_picked":["dioMod:Minions","dioMod:Diversion","Toss_Stone"],"picked":"dioMod:TheWalk","floor":29},{"not_picked":["dioMod:StreetSign","dioMod:Minions","dioMod:CautiousMuda","Do_Nothing"],"picked":"SKIP","floor":30},{"not_picked":["dioMod:RoadRoller","dioMod:ZaWarudo","Get_Hopes_Up"],"picked":"dioMod:Regeneration","floor":33},{"not_picked":["dioMod:CautiousMuda+1","dioMod:BloodSplash+1","Side_Hop"],"picked":"dioMod:BloodSuck","floor":35},{"not_picked":["dioMod:Diversion+1","dioMod:SevenPageMuda","dioMod:Donut","Yawn"],"picked":"Singing Bowl","floor":37},{"not_picked":["dioMod:BloodSplash+1","dioMod:SecretPlan","dioMod:DarkRebirth","Do_Nothing"],"picked":"Singing Bowl","floor":38},{"not_picked":["dioMod:BlendIn","dioMod:ComposedMuda+1","dioMod:FlyAway","Toss_Stone"],"picked":"Singing Bowl","floor":39},{"not_picked":["dioMod:SadisticLaugh+1","dioMod:FlyAway+1","dioMod:BloodSuck","Toss_Stone"],"picked":"Singing Bowl","floor":41},{"not_picked":["dioMod:GoodbyeJojo+1","dioMod:BlendIn+1","dioMod:Hiss+1"],"picked":"Consecutive_Normal_Punch","floor":45},{"not_picked":["dioMod:BloodSuck","dioMod:TripleThreat+1","dioMod:Roundabout","Hop"],"picked":"Singing Bowl","floor":46},{"not_picked":["dioMod:LaserVision","dioMod:Roundabout","dioMod:Freeze","Do_Nothing"],"picked":"Singing Bowl","floor":47}],"player_experience":621427,"relics_obtained":[{"floor":1,"key":"LetterFromLob"},{"floor":6,"key":"LagranYue:WskJewelryRelic"},{"floor":13,"key":"Runesmith:Nanobots"},{"floor":25,"key":"hubris:Spice"},{"floor":26,"key":"hubris:CuriousFeather"},{"floor":27,"key":"infinitespire:Eraser"},{"floor":29,"key":"ScarletDevilRocket"},{"floor":41,"key":"Kunai"},{"floor":42,"key":"Ring of Greed"},{"floor":42,"key":"infinitespire:Midas Blood"},{"floor":42,"key":"Membership Card"},{"floor":43,"key":"DemoMod:OrangeGuonStone"},{"floor":45,"key":"ReplayTheSpireMod:Lightbulb"},{"floor":47,"key":"Omamori"}],"event_choices":[{"damage_healed":0,"gold_gain":0,"player_choice":"Grow","damage_taken":0,"max_hp_gain":0,"max_hp_loss":0,"event_name":"Living Wall","floor":0,"gold_loss":0,"cards_upgraded":["Bite"]},{"damage_healed":0,"gold_gain":0,"player_choice":"Leave","damage_taken":0,"max_hp_gain":0,"max_hp_loss":0,"event_name":"conspire:Investor","floor":14,"gold_loss":0},{"cards_removed":["dioMod:Regeneration"],"damage_healed":0,"gold_gain":0,"player_choice":"Removed Power","damage_taken":0,"max_hp_gain":0,"max_hp_loss":0,"event_name":"Falling","floor":44,"gold_loss":0}],"is_beta":false,"boss_relics":[{"not_picked":["beaked:MawFillet","infinitespire:Cupcake"],"picked":"LagranYue:SoulBurningRelic"},{"not_picked":["hubris:Spice","Runic Dome"],"picked":"conspire:SpecialSausage"}],"items_purged_floors":[],"is_endless":false,"potions_floor_spawned":[6,13,16,18,29,30,33,35,37,47],"ascension_level":1}}