{"host":"kwnpvqmnt47pmyi1","time":1611640851,"event":{"mods":["AchievementEnabler","BaseMod","Bestiary","BetterRewards","Downfall","Hermit","Hubris","Marisa????????","Minty Spire (QoL Compilation)","Random Character Mod","Reliquary","Replay The Spire","StSLib","The Marked","The Servant 0.9.4"],"gold_per_floor":[99,99,99,99,99,109,123,157,238,253,153,153,153,168,188,188,207,309,309,309,320,337,347,17,28,54,54,54,68,68,82,82,109,128,128,128,128],"floor_reached":35,"language":"ENG","playtime":2850,"items_purged":[],"score":281,"play_id":"97bb252a-5c7c-466d-bff2-042976194556","local_time":"20210125220051","is_ascension_mode":false,"campfire_choices":[{"floor":1,"key":"RECALL"},{"data":"Slimebound:Split","floor":11,"key":"SMITH"},{"floor":13,"key":"REST"},{"floor":28,"key":"REST"},{"floor":30,"key":"REST"},{"data":"Slimebound:Repurpose","floor":32,"key":"SMITH"}],"circlet_count":0,"master_deck":["Slimebound:Strike_Slimebound","Slimebound:Strike_Slimebound","Slimebound:Tackle","Slimebound:Defend_Slimebound+1","Slimebound:Defend_Slimebound","Slimebound:Defend_Slimebound","Slimebound:Defend_Slimebound","Slimebound:Split+1","Slimebound:CorrosiveSpit","Mind Blast","Slimebound:Split","Slimebound:SplitBruiser","Slimebound:MegaLick","Slimebound:ItLooksTasty+1","Slimebound:RainOfGoop","Slimebound:SlimeSpikes","Slimebound:SplitMire","Slimebound:MassRepurpose","Slimebound:Nibble","Slimebound:SplitAcid","Slimebound:SamplingLick","Slimebound:FinishingTackle+1","Slimebound:Repurpose+1","Slimebound:Repurpose","Slimebound:HauntingLick","Slimebound:SlimeTap+1","Slimebound:GoopTackle"],"relics":["Slimebound:AbsorbEndCombat","hubris:Potato","downfall:HeartBlessingRed","StoneCalendar","hubris:ScarierMask","reliquary:PurpleTingedLeaf","PreservedInsect","Shuriken"],"acts_visited":["Exordium","TheCity"],"potions_floor_usage":[33,35,35,35],"damage_taken":[{"damage":1,"enemies":"Cultist","floor":6,"turns":5},{"damage":6,"enemies":"Jaw Worm","floor":7,"turns":4},{"damage":46,"enemies":"3 Sentries","floor":8,"turns":6},{"damage":0,"enemies":"Small Slimes","floor":10,"turns":3},{"damage":18,"enemies":"2 Fungi Beasts","floor":14,"turns":3},{"damage":4,"enemies":"Exordium Wildlife","floor":15,"turns":3},{"damage":10,"enemies":"Exordium Thugs","floor":17,"turns":3},{"damage":26,"enemies":"IC_STATUS_ARCHETYPE","floor":18,"turns":7},{"damage":0,"enemies":"3 Byrds","floor":21,"turns":3},{"damage":14,"enemies":"Spheric Guardian","floor":22,"turns":4},{"damage":35,"enemies":"Snake Plant","floor":23,"turns":4},{"damage":2,"enemies":"downfall:FleeingMerchant","floor":24,"turns":4},{"damage":2,"enemies":"Snecko","floor":25,"turns":5},{"damage":15,"enemies":"Centurion and Healer","floor":29,"turns":4},{"damage":0,"enemies":"Cultist and Chosen","floor":31,"turns":3},{"damage":23,"enemies":"Slavers","floor":33,"turns":3},{"damage":16,"enemies":"Snecko","floor":34,"turns":5},{"damage":56,"enemies":"DF_ARCHETYPE_CLAW","floor":35,"turns":5}],"seed_played":"986868810150115459","potions_obtained":[{"floor":7,"key":"Dexterity Potion"},{"floor":14,"key":"GamblersBrew"},{"floor":25,"key":"PowerPotion"},{"floor":29,"key":"Adrenaline Potion"},{"floor":34,"key":"EssenceOfSteel"}],"is_trial":false,"path_per_floor":["R","?","PTL","PTL","?","M","M","E","T","M","R","?","R","M","M","?","M","B",null,"R","M","M","M","$","M","T","?","R","M","R","M","R","E","M","B"],"character_chosen":"SLIMEBOUND","items_purchased":["Slimebound:Repurpose","reliquary:PurpleTingedLeaf"],"campfire_rested":3,"item_purchase_floors":[24,24],"current_hp_per_floor":[71,71,71,71,71,71,69,29,29,31,31,31,52,40,40,40,36,18,71,71,71,59,26,28,31,31,31,52,37,58,67,67,51,40,0,0,0],"gold":128,"neow_bonus":"TEN_PERCENT_HP_BONUS","is_daily":false,"chose_seed":false,"campfire_upgraded":2,"win_rate":0.0,"timestamp":1611640851,"path_taken":["R","?","PTL","PTL","?","M","?","E","T","?","R","?","R","M","M","?","M","BOSS","R","M","M","M","$","M","T","?","R","M","R","M","R","E","M","BOSS"],"items_purchased_type":["Card","Relic"],"build_version":"2020-12-22","purchased_purges":0,"victory":false,"max_hp_per_floor":[71,71,71,71,71,71,71,71,71,71,71,71,71,71,71,71,71,71,71,71,71,71,71,71,71,71,71,71,71,71,71,71,71,71,71,71,71],"card_choices":[{"not_picked":["Slimebound:SlimeTap","Slimebound:Schlurp"],"picked":"Slimebound:SplitBruiser","floor":6},{"not_picked":["Slimebound:ComboTackle","Slimebound:PressTheAttack"],"picked":"Slimebound:MegaLick","floor":7},{"not_picked":["Slimebound:RollThrough","Slimebound:ForwardTackle"],"picked":"Slimebound:ItLooksTasty","floor":8},{"not_picked":["Slimebound:Prepare","Slimebound:SplitLeeching"],"picked":"Slimebound:RainOfGoop","floor":10},{"not_picked":["Slimebound:FlameTackle","Slimebound:ItLooksTasty","Slimebound:SelfFormingGoo"],"picked":"SKIP","floor":14},{"not_picked":["Slimebound:ComboTackle","Slimebound:Dissolve"],"picked":"Slimebound:SlimeSpikes","floor":15},{"not_picked":["Slimebound:AcidTongue","Slimebound:LivingWall"],"picked":"Slimebound:SplitMire","floor":17},{"not_picked":["Slimebound:PrepareCrush","Slimebound:SelfFormingGoo"],"picked":"Slimebound:MassRepurpose","floor":18},{"not_picked":["Slimebound:RollThrough","Slimebound:Gluttony"],"picked":"Slimebound:Nibble","floor":21},{"not_picked":["Slimebound:GoopTackle+1","Slimebound:LeechingTouch"],"picked":"Slimebound:SplitAcid","floor":22},{"not_picked":["Slimebound:BestDefense","Slimebound:GoopSpray+1"],"picked":"Slimebound:SamplingLick","floor":23},{"not_picked":["Slimebound:Schlurp","Slimebound:LivingWall+1"],"picked":"Slimebound:FinishingTackle+1","floor":24},{"not_picked":["Slimebound:SlimeBarrage","Slimebound:ForwardTackle+1","Slimebound:SlimeBrawl+1"],"picked":"SKIP","floor":25},{"not_picked":["Slimebound:FlameTackle+1","Slimebound:FirmFortitude"],"picked":"Slimebound:Repurpose","floor":29},{"not_picked":["Slimebound:Repurpose","Slimebound:SplitBruiser"],"picked":"Slimebound:HauntingLick","floor":31},{"not_picked":["Slimebound:SplitMire","Slimebound:FinishingTackle+1"],"picked":"Slimebound:SlimeTap+1","floor":33},{"not_picked":["Slimebound:Prepare","Slimebound:FormOfPuddle+1"],"picked":"Slimebound:GoopTackle","floor":34}],"player_experience":251560,"relics_obtained":[{"floor":8,"key":"hubris:Potato"},{"floor":26,"key":"PreservedInsect"},{"floor":33,"key":"Shuriken"}],"event_choices":[],"is_beta":false,"boss_relics":[{"not_picked":["Fusion Hammer","ChewingGum"],"picked":"hubris:ScarierMask"}],"items_purged_floors":[],"is_endless":false,"potions_floor_spawned":[7,14,25,29,34],"killed_by":"DF_ARCHETYPE_CLAW","ascension_level":0}}