{"host":"sav7uxregyirlf69","time":1611635173,"event":{"mods":["AchievementEnabler","BaseMod","Colored Map","DeckTracker","Keyboard Shortcuts","Minty Spire (QoL Compilation)","READ ME - Guardian Mod","StSLib","SuperFastMode"],"gold_per_floor":[114,132,149,162,237,265,277,303,315,347,409,440,452,452],"floor_reached":13,"language":"KOR","playtime":173,"items_purged":[],"score":178,"play_id":"502f18ab-80cb-4d8d-93e1-bad692f9c498","local_time":"20210126132613","is_ascension_mode":true,"campfire_choices":[{"floor":7,"key":"REST"}],"circlet_count":0,"master_deck":["AscendersBane","Strike_R","Strike_R","Strike_R","Strike_R","Strike_R","Defend_R","Defend_R","Defend_R","Defend_R","Bash","Carnage","Thunderclap","Iron Wave","Cleave","Fire Breathing","Shockwave"],"relics":["Burning Blood","MawBank","The Courier"],"acts_visited":["Exordium"],"potions_floor_usage":[6],"damage_taken":[{"damage":6,"enemies":"Small Slimes","floor":1,"turns":4},{"damage":0,"enemies":"2 Louse","floor":2,"turns":2},{"damage":6,"enemies":"Cultist","floor":3,"turns":3},{"damage":34,"enemies":"Large Slime","floor":4,"turns":5},{"damage":25,"enemies":"3 Sentries","floor":6,"turns":5},{"damage":7,"enemies":"Looter","floor":8,"turns":3},{"damage":22,"enemies":"3 Louse","floor":10,"turns":3},{"damage":16,"enemies":"Exordium Wildlife","floor":12,"turns":4},{"damage":35,"enemies":"Lagavulin","floor":13,"turns":5}],"seed_played":"-5417741208123982185","potions_obtained":[{"floor":3,"key":"PowerPotion"},{"floor":4,"key":"Swift Potion"}],"is_trial":false,"path_per_floor":["M","M","M","M","?","E","R","M","T","M","?","M","E"],"character_chosen":"IRONCLAD","items_purchased":[],"campfire_rested":1,"item_purchase_floors":[],"current_hp_per_floor":[75,81,81,53,42,23,47,46,46,30,30,20,0,0],"gold":452,"neow_bonus":"TEN_PERCENT_HP_BONUS","is_daily":false,"chose_seed":false,"campfire_upgraded":0,"win_rate":0.0,"timestamp":1611635173,"path_taken":["M","M","M","M","?","E","R","M","T","M","?","?","E"],"items_purchased_type":[],"build_version":"2020-12-22","purchased_purges":0,"victory":false,"max_hp_per_floor":[82,82,82,82,82,82,82,82,82,82,82,82,82,82],"card_choices":[{"not_picked":["Clothesline","Shockwave"],"picked":"Carnage","floor":1},{"not_picked":["Perfected Strike","Twin Strike"],"picked":"Thunderclap","floor":2},{"not_picked":["Pummel","Rampage"],"picked":"Iron Wave","floor":3},{"not_picked":["Twin Strike","Flex"],"picked":"Cleave","floor":4},{"not_picked":["Warcry","Headbutt"],"picked":"Fire Breathing","floor":6},{"not_picked":["Warcry","Limit Break","Thunderclap"],"picked":"SKIP","floor":8},{"not_picked":["Warcry","Limit Break","Thunderclap"],"picked":"SKIP","floor":8},{"not_picked":["Clothesline","Thunderclap","Clash"],"picked":"SKIP","floor":10},{"not_picked":["Twin Strike","Corruption"],"picked":"Shockwave","floor":12}],"player_experience":1387874,"relics_obtained":[{"floor":6,"key":"MawBank"},{"floor":9,"key":"The Courier"}],"event_choices":[{"damage_healed":0,"gold_gain":75,"player_choice":"Gather Gold","damage_taken":11,"max_hp_gain":0,"max_hp_loss":0,"event_name":"World of Goop","floor":5,"gold_loss":0},{"damage_healed":0,"gold_gain":50,"player_choice":"Pray","damage_taken":0,"max_hp_gain":0,"max_hp_loss":0,"event_name":"Golden Shrine","floor":11,"gold_loss":0}],"is_beta":false,"boss_relics":[],"items_purged_floors":[],"is_endless":false,"potions_floor_spawned":[3,4],"killed_by":"Lagavulin","ascension_level":20}}