{"host":"vyjryxuuuxkt43k4","time":1611621182,"event":{"mods":["AchievementEnabler","BaseMod","Colored Map","DeckTracker","Keyboard Shortcuts","Minty Spire (QoL Compilation)","Permanent Neow","Quick Restart","Rare Cards Sparkle","StSLib","SuperFastMode","everything is the same but u backflip on backflip"],"gold_per_floor":[20,31,48,66,66,66,66],"floor_reached":6,"language":"KOR","playtime":215,"items_purged":[],"score":76,"play_id":"e65427a7-bffa-4447-ac93-615579e11e0b","local_time":"20210126093302","is_ascension_mode":true,"campfire_choices":[],"circlet_count":0,"master_deck":["AscendersBane","Strike_R+1","Strike_R","Strike_R","Defend_R","Defend_R","Defend_R+1","Defend_R","Bash","Impervious","Dual Wield","Uppercut","Perfected Strike","Corruption","Ghostly Armor"],"relics":["Burning Blood"],"acts_visited":["Exordium"],"potions_floor_usage":[4,6,6,6],"damage_taken":[{"damage":13,"enemies":"Cultist","floor":1,"turns":5},{"damage":9,"enemies":"Small Slimes","floor":2,"turns":3},{"damage":2,"enemies":"2 Louse","floor":3,"turns":3},{"damage":17,"enemies":"2 Fungi Beasts","floor":4,"turns":3},{"damage":42,"enemies":"Lagavulin","floor":6,"turns":6}],"seed_played":"-3732256124983628785","potions_obtained":[{"floor":3,"key":"DistilledChaos"},{"floor":4,"key":"EntropicBrew"}],"is_trial":false,"path_per_floor":["M","M","M","M","?","E"],"character_chosen":"IRONCLAD","items_purchased":[],"campfire_rested":0,"item_purchase_floors":[],"current_hp_per_floor":[61,58,62,51,28,0,0],"gold":66,"neow_bonus":"TRANSFORM_TWO_CARDS","is_daily":false,"chose_seed":false,"campfire_upgraded":0,"win_rate":0.0,"timestamp":1611621182,"path_taken":["M","M","M","M","?","E"],"items_purchased_type":[],"build_version":"2020-12-22","purchased_purges":0,"victory":false,"max_hp_per_floor":[75,75,75,75,75,75,75],"card_choices":[{"not_picked":["Shrug It Off","Bloodletting"],"picked":"Uppercut","floor":1},{"not_picked":["Twin Strike","Rampage"],"picked":"Perfected Strike","floor":2},{"not_picked":["Body Slam","Shockwave"],"picked":"Corruption","floor":3},{"not_picked":["True Grit","Iron Wave"],"picked":"Ghostly Armor","floor":4}],"player_experience":346941,"relics_obtained":[],"event_choices":[{"damage_healed":0,"gold_gain":0,"player_choice":"Entered Light","damage_taken":23,"max_hp_gain":0,"max_hp_loss":0,"event_name":"Shining Light","floor":5,"gold_loss":0,"cards_upgraded":["Strike_R","Defend_R"]}],"is_beta":false,"boss_relics":[],"items_purged_floors":[],"is_endless":false,"potions_floor_spawned":[3,4],"killed_by":"Lagavulin","ascension_level":20}}