{"host":"d5i1qeb9dejicw1z","time":1611637156,"event":{"mods":["AchievementEnabler","BaseMod","Better Note","BetterRewards","Gold Saver","Minty Spire (QoL Compilation)","Reliquary","StSLib"],"gold_per_floor":[365,384,384,396,396,430,445,478,478,478,478,510,521,521,521,521,521],"floor_reached":16,"language":"ENG","playtime":553,"items_purged":[],"score":222,"play_id":"9ed1cadf-1909-48a4-aaef-b1f97efdf5e8","local_time":"20210125205916","is_ascension_mode":true,"campfire_choices":[{"floor":10,"key":"REST"},{"floor":15,"key":"REST"}],"circlet_count":0,"master_deck":["AscendersBane","Strike_G","Strike_G","Strike_G","Strike_G","Defend_G","Defend_G","Defend_G","Defend_G","Defend_G","Survivor","Neutralize","Slice","Quick Slash","Deflect","Cloak And Dagger","Escape Plan","Slice","Cloak And Dagger"],"relics":["Ring of the Snake","PreservedInsect","Toy Ornithopter","reliquary:Knoch","reliquary:BallBearing","HornCleat"],"acts_visited":["Exordium"],"potions_floor_usage":[6,6,8],"damage_taken":[{"damage":9,"enemies":"2 Louse","floor":1,"turns":5},{"damage":1,"enemies":"Cultist","floor":2,"turns":4},{"damage":0,"enemies":"Jaw Worm","floor":4,"turns":4},{"damage":20,"enemies":"Lagavulin","floor":6,"turns":4},{"damage":0,"enemies":"3 Louse","floor":7,"turns":3},{"damage":33,"enemies":"Gremlin Nob","floor":8,"turns":5},{"damage":3,"enemies":"3 Sentries","floor":12,"turns":10},{"damage":0,"enemies":"Looter","floor":13,"turns":3},{"damage":68,"enemies":"Hexaghost","floor":16,"turns":16}],"seed_played":"5015188718601219358","potions_obtained":[{"floor":2,"key":"Energy Potion"},{"floor":4,"key":"FearPotion"},{"floor":6,"key":"Regen Potion"}],"is_trial":false,"path_per_floor":["M","M","?","M","?","E","M","E","T","R","?","E","M","?","R","B"],"character_chosen":"THE_SILENT","items_purchased":[],"campfire_rested":2,"item_purchase_floors":[],"current_hp_per_floor":[50,49,49,49,49,29,29,13,13,32,32,29,29,51,66,0,0],"gold":521,"neow_bonus":"RANDOM_COMMON_RELIC","is_daily":false,"chose_seed":false,"campfire_upgraded":0,"win_rate":0.0,"timestamp":1611637156,"path_taken":["M","M","?","?","?","E","M","E","T","R","?","E","M","?","R","BOSS"],"items_purchased_type":[],"build_version":"2020-12-22","purchased_purges":0,"victory":false,"max_hp_per_floor":[66,66,66,66,66,66,66,66,66,66,66,66,66,66,66,66,66],"card_choices":[{"not_picked":["Setup","Sucker Punch"],"picked":"Slice","floor":1},{"not_picked":["PiercingWail","Masterful Stab","Dagger Throw"],"picked":"SKIP","floor":2},{"not_picked":["PiercingWail","Underhanded Strike"],"picked":"Quick Slash","floor":4},{"not_picked":["Prepared","Deadly Poison"],"picked":"Deflect","floor":6},{"not_picked":["Dodge and Roll","Flechettes"],"picked":"Cloak And Dagger","floor":7},{"not_picked":["Sucker Punch","Calculated Gamble"],"picked":"Escape Plan","floor":8},{"not_picked":["Wraith Form v2","Crippling Poison"],"picked":"Slice","floor":12},{"not_picked":["Tactician","Crippling Poison"],"picked":"Cloak And Dagger","floor":13}],"player_experience":1169101,"relics_obtained":[{"floor":6,"key":"Toy Ornithopter"},{"floor":8,"key":"reliquary:Knoch"},{"floor":9,"key":"reliquary:BallBearing"},{"floor":12,"key":"HornCleat"}],"event_choices":[{"cards_removed":["Strike_G"],"damage_healed":0,"gold_gain":0,"player_choice":"Offered Basic","damage_taken":0,"max_hp_gain":0,"max_hp_loss":0,"event_name":"Bonfire Elementals","floor":3,"gold_loss":0},{"damage_healed":0,"gold_gain":0,"player_choice":"Ignored","damage_taken":0,"max_hp_gain":0,"max_hp_loss":0,"event_name":"Golden Idol","floor":5,"gold_loss":0},{"damage_healed":0,"gold_gain":0,"player_choice":"Ignored","damage_taken":0,"max_hp_gain":0,"max_hp_loss":0,"event_name":"Liars Game","floor":11,"gold_loss":0},{"damage_healed":22,"gold_gain":0,"player_choice":"Banana","damage_taken":0,"max_hp_gain":0,"max_hp_loss":0,"event_name":"Big Fish","floor":14,"gold_loss":0}],"is_beta":false,"boss_relics":[],"items_purged_floors":[],"is_endless":false,"potions_floor_spawned":[2,4,6],"killed_by":"Hexaghost","ascension_level":17}}