{"host":"nxma0dbhh74lxenq","time":1611675237,"event":{"mods":["Astrologer","BaseMod","Beaked The Cultist","CapriCore","Colored Map","DeckTracker","Gremlin Mod","HololiveMod","KinomotoSakuraMod(ñÿîVñ{?)","Koishi","Mad Scientist","Minty Spire (QoL Compilation)","Prisma Mod","StSLib","SuperFastMode","The Bladedancer","The Cursed","The Immortal","The Mystic","YoumuÅiç∞ÈÆódöÎÅj"],"gold_per_floor":[214,289,289,305,4,4,31,31,31,58,58,58,58],"floor_reached":12,"language":"JPN","playtime":331,"items_purged":[],"score":134,"play_id":"3a6eff16-23b0-4202-9fb4-60cc5fd0d9d6","local_time":"20210127003357","is_ascension_mode":true,"campfire_choices":[{"data":"Koishi:Provoke","floor":6,"key":"SMITH"},{"floor":11,"key":"REST"}],"circlet_count":0,"master_deck":["AscendersBane","Koishi:BasicStrike","Koishi:BasicStrike","Koishi:BasicStrike","Koishi:BasicStrike","Koishi:BasicDefend","Koishi:BasicDefend","Koishi:BasicDefend","Koishi:BasicDefend","Koishi:Provoke+1","Koishi:HauntingSlash","Koishi:UnseenTerror+1","Koishi:TremblingHands","Koishi:ParalyzingFear","Koishi:StingingMind"],"relics":["Koishi:ImaginaryFriend","Koishi:BloodstainedWhiteRose","MealTicket","Turnip","Oddly Smooth Stone","Singing Bowl"],"acts_visited":["Exordium"],"potions_floor_usage":[10],"damage_taken":[{"damage":2,"enemies":"Cultist","floor":1,"turns":5},{"damage":7,"enemies":"Small Slimes","floor":4,"turns":4},{"damage":34,"enemies":"Lagavulin","floor":7,"turns":8},{"damage":21,"enemies":"Gremlin Nob","floor":10,"turns":5},{"damage":37,"enemies":"Lagavulin","floor":12,"turns":8}],"seed_played":"283220879009529138","potions_obtained":[{"floor":1,"key":"EssenceOfSteel"}],"is_trial":false,"path_per_floor":["M","?","?","M","$","R","E","?","T","E","R","E"],"character_chosen":"KOISHI","items_purchased":["Koishi:BloodstainedWhiteRose","MealTicket"],"campfire_rested":1,"item_purchase_floors":[5,5],"current_hp_per_floor":[55,44,49,45,45,45,24,24,24,10,29,0,0],"gold":58,"neow_bonus":"HUNDRED_GOLD","is_daily":false,"chose_seed":false,"campfire_upgraded":1,"win_rate":0.0,"timestamp":1611675237,"path_taken":["M","?","?","M","$","R","E","?","T","E","R","E"],"items_purchased_type":["Relic","Relic"],"build_version":"2020-12-22","purchased_purges":0,"victory":false,"max_hp_per_floor":[60,60,65,65,65,65,65,65,65,65,65,65,65],"card_choices":[{"not_picked":["Koishi:VengefulSpirit","Koishi:SpiritedAway"],"picked":"Koishi:UnseenTerror","floor":1},{"not_picked":["Koishi:SprinkleStarAndHeart","Koishi:UnconsciousUprising"],"picked":"Koishi:TremblingHands","floor":4},{"not_picked":["Koishi:MindNumbingTerror","Koishi:TraumaticStroke"],"picked":"Koishi:ParalyzingFear","floor":7},{"not_picked":["Koishi:PhantomBarrier","Koishi:DreadfulBlow"],"picked":"Koishi:StingingMind","floor":10}],"player_experience":536752,"relics_obtained":[{"floor":7,"key":"Turnip"},{"floor":9,"key":"Oddly Smooth Stone"},{"floor":10,"key":"Singing Bowl"}],"event_choices":[{"damage_healed":0,"gold_gain":75,"player_choice":"Gather Gold","damage_taken":11,"max_hp_gain":0,"max_hp_loss":0,"event_name":"World of Goop","floor":2,"gold_loss":0},{"damage_healed":0,"gold_gain":0,"player_choice":"Donut","damage_taken":0,"max_hp_gain":5,"max_hp_loss":0,"event_name":"Big Fish","floor":3,"gold_loss":0},{"damage_healed":0,"gold_gain":0,"player_choice":"Forge","damage_taken":0,"max_hp_gain":0,"max_hp_loss":0,"event_name":"Accursed Blacksmith","floor":8,"gold_loss":0,"cards_upgraded":["Koishi:UnseenTerror"]}],"is_beta":false,"boss_relics":[],"items_purged_floors":[],"is_endless":false,"potions_floor_spawned":[1],"killed_by":"Lagavulin","ascension_level":12}}