{"host":"pi8b3ffzwvxqztac","time":1611692964,"event":{"mods":["BaseMod","Colored Map","Downfall","Minty Spire (QoL Compilation)","StSLib"],"gold_per_floor":[110,110,124,124,145,183,183,217,243,255,281,316,328,47,47,171,171,184,184,202,223,223,223,236,236,236,267,267,287,300,300,300,424,424,449,470,470,488,508,508,527,562,562,581,395,395,395,21,21,21],"floor_reached":51,"language":"ENG","playtime":3031,"items_purged":["Regret","downfall:Aged","Parasite"],"score":750,"play_id":"82de6f61-22e4-4cb3-a2b8-ca1faa420df4","local_time":"20210127092924","is_ascension_mode":true,"campfire_choices":[{"floor":7.0,"key":"REST"},{"data":"Neutralize","floor":10.0,"key":"SMITH"},{"data":"Noxious Fumes","floor":15.0,"key":"SMITH"},{"data":"Venomology","floor":23.0,"key":"SMITH"},{"data":"Envenom","floor":25.0,"key":"SMITH"},{"data":"Venomology","floor":28.0,"key":"SMITH"},{"floor":32.0,"key":"REST"},{"floor":40.0,"key":"REST"},{"floor":46,"key":"REST"},{"data":"Footwork","floor":49,"key":"SMITH"}],"circlet_count":0,"master_deck":["Strike_G","Strike_G","Strike_G","Defend_G","Defend_G","Defend_G","Defend_G+1","Defend_G","Survivor","Neutralize+1","Venomology+1","Noxious Fumes+1","Cloak And Dagger+1","Poisoned Stab","Footwork+1","Poisoned Stab+1","Well Laid Plans","Envenom+1","Backflip+1","Noxious Fumes+1","Backflip","Footwork+1","Deadly Poison+1","Venomology+1","Acrobatics+1","Noxious Fumes+1","Backflip+1","After Image+1","Escape Plan+1","Bandage Up"],"relics":["Ring of the Serpent","Happy Flower","Golden Idol","Bronze Scales","Boot","MawBank","downfall:ExtraCursedKey","champ:Barbells","expansioncontent:StudyCardRelic","bronze:DecasWashers","bronze:BronzeIdol","Toy Ornithopter","Pear"],"acts_visited":["Exordium","TheCity","TheBeyond"],"potions_floor_usage":[44,50,50,50],"damage_taken":[{"damage":6.0,"enemies":"Cultist","floor":1.0,"turns":6.0},{"damage":2.0,"enemies":"2 Louse","floor":3.0,"turns":4.0},{"damage":0.0,"enemies":"Small Slimes","floor":5.0,"turns":3.0},{"damage":37.0,"enemies":"Gremlin Nob","floor":6.0,"turns":6.0},{"damage":6.0,"enemies":"Lagavulin","floor":8.0,"turns":7.0},{"damage":0.0,"enemies":"2 Fungi Beasts","floor":11.0,"turns":2.0},{"damage":4.0,"enemies":"Red Slaver","floor":12.0,"turns":4.0},{"damage":6.0,"enemies":"Slime Boss","floor":16.0,"turns":7.0},{"damage":1.0,"enemies":"Chosen","floor":18.0,"turns":4.0},{"damage":8.0,"enemies":"Spheric Guardian","floor":20.0,"turns":5.0},{"damage":5.0,"enemies":"Centurion and Healer","floor":21.0,"turns":4.0},{"damage":0.0,"enemies":"Sentry and Sphere","floor":24.0,"turns":5.0},{"damage":8.0,"enemies":"Gremlin Leader","floor":27.0,"turns":7.0},{"damage":8.0,"enemies":"Snecko","floor":29.0,"turns":4.0},{"damage":7.0,"enemies":"Snake Plant","floor":30.0,"turns":3.0},{"damage":9.0,"enemies":"Collector","floor":33.0,"turns":8.0},{"damage":1.0,"enemies":"Orb Walker","floor":35.0,"turns":4.0},{"damage":20.0,"enemies":"3 Darklings","floor":36.0,"turns":5.0},{"damage":27.0,"enemies":"Transient","floor":38.0,"turns":5.0},{"damage":12.0,"enemies":"Spire Growth","floor":39.0,"turns":6.0},{"damage":0.0,"enemies":"3 Darklings","floor":41.0,"turns":5.0},{"damage":8.0,"enemies":"Reptomancer","floor":42.0,"turns":6.0},{"damage":7,"enemies":"Sphere and 2 Shapes","floor":44,"turns":5},{"damage":7,"enemies":"Donu and Deca","floor":50,"turns":10}],"seed_played":"1490285456677529452","potions_obtained":[{"floor":1.0,"key":"SpeedPotion"},{"floor":6.0,"key":"GamblersBrew"},{"floor":18.0,"key":"Ancient Potion"},{"floor":21.0,"key":"FearPotion"},{"floor":29.0,"key":"hexamod:SoulburnPotion"},{"floor":30.0,"key":"Guardian:BlockOnCardUsePotion"},{"floor":44,"key":"Fire Potion"}],"is_trial":false,"path_per_floor":["M","?","M","?","M","E","R","E","T","R","M","M","?","$","R","B",null,"M","?","M","M","?","R","M","R","T","E","R","M","M","T","R","B",null,"M","M","?","M","M","R","M","E","T","M","$","R","?","$","R","B",null],"character_chosen":"THE_SILENT","items_purchased":["champ:Barbells","Well Laid Plans","Bandage Up","Pear"],"campfire_rested":4,"item_purchase_floors":[14,14,45,48],"current_hp_per_floor":[64,64,62,62,62,25,44,38,38,38,38,34,34,34,34,28,65,64,64,56,51,51,51,51,51,51,43,43,35,28,28,47,38,65,64,44,44,17,5,24,24,16,16,14,14,33,57,64,64,62],"gold":21,"neow_bonus":"ONE_RANDOM_RARE_CARD","is_daily":false,"chose_seed":false,"campfire_upgraded":6,"win_rate":0.0,"timestamp":1611692964,"path_taken":["M","?","M","?","M","E","R","E","T","R","M","M","?","$","R","BOSS","M","?","M","?","?","R","M","R","T","E","R","M","M","?","R","BOSS","M","M","?","M","M","R","M","E","T","M","$","R","?","?","R","BOSS"],"items_purchased_type":["Relic","Card","Card","Relic"],"build_version":"2020-12-22","purchased_purges":3,"victory":true,"max_hp_per_floor":[70,70,70,65,65,65,65,65,65,65,65,65,65,65,65,65,65,65,65,65,65,65,65,65,65,65,65,65,65,65,65,65,65,65,65,65,65,65,65,65,65,65,65,65,65,65,57,64,64,64],"card_choices":[{"not_picked":["Blade Dance","Deadly Poison"],"picked":"Noxious Fumes","floor":1.0},{"not_picked":["Bouncing Flask","Sucker Punch"],"picked":"Cloak And Dagger","floor":3.0},{"not_picked":["Dagger Spray","Backflip"],"picked":"Poisoned Stab","floor":5.0},{"not_picked":["Terror","Deadly Poison"],"picked":"Footwork","floor":6.0},{"not_picked":["Outmaneuver","Die Die Die","Sucker Punch"],"picked":"SKIP","floor":8.0},{"not_picked":["Cloak And Dagger","Outmaneuver"],"picked":"Poisoned Stab","floor":11.0},{"not_picked":["Outmaneuver","Deflect","Blade Dance"],"picked":"SKIP","floor":12.0},{"not_picked":["Die Die Die","Venomology"],"picked":"Envenom","floor":16.0},{"not_picked":["Quick Slash+1","Dagger Spray"],"picked":"Backflip+1","floor":18.0},{"not_picked":["Caltrops+1","Heel Hook"],"picked":"Backflip","floor":20.0},{"not_picked":["Blade Dance","Predator"],"picked":"Footwork","floor":21.0},{"not_picked":["Slice","Finisher"],"picked":"Acrobatics","floor":24.0},{"not_picked":["Poisoned Stab","Heel Hook+1"],"picked":"Noxious Fumes","floor":27.0},{"not_picked":["Predator","Distraction+1"],"picked":"Backflip+1","floor":29.0},{"not_picked":["Infinite Blades","All Out Attack+1","Slice"],"picked":"SKIP","floor":30.0},{"not_picked":["Phantasmal Killer","Malaise"],"picked":"After Image","floor":33.0},{"not_picked":["PiercingWail+1","Deadly Poison","Reflex"],"picked":"SKIP","floor":35.0},{"not_picked":["Dagger Throw","Distraction+1","Crippling Poison"],"picked":"SKIP","floor":36.0},{"not_picked":["Skewer","Accuracy","All Out Attack+1"],"picked":"SKIP","floor":38.0},{"not_picked":["Heel Hook","Well Laid Plans","Finisher+1"],"picked":"SKIP","floor":39.0},{"not_picked":["Caltrops+1","Blur"],"picked":"Escape Plan+1","floor":41.0},{"not_picked":["Dagger Throw","Prepared","Deadly Poison+1"],"picked":"SKIP","floor":42.0},{"not_picked":["Acrobatics","Dagger Spray+1","Dagger Throw+1"],"picked":"SKIP","floor":44}],"player_experience":631617,"relics_obtained":[{"floor":6.0,"key":"Bronze Scales"},{"floor":8.0,"key":"Boot"},{"floor":9.0,"key":"MawBank"},{"floor":26.0,"key":"bronze:DecasWashers"},{"floor":27.0,"key":"bronze:BronzeIdol"},{"floor":42.0,"key":"Toy Ornithopter"}],"event_choices":[{"damage_healed":0.0,"max_hp_gain":0.0,"max_hp_loss":0.0,"gold_gain":0.0,"event_name":"Big Fish","player_choice":"Box","floor":2.0,"gold_loss":0.0,"damage_taken":0.0,"relics_obtained":["Happy Flower"],"cards_obtained":["Regret"]},{"damage_healed":0.0,"max_hp_gain":0.0,"max_hp_loss":5.0,"gold_gain":0.0,"event_name":"Golden Idol","player_choice":"Lose Max HP","floor":4.0,"gold_loss":0.0,"damage_taken":0.0,"relics_obtained":["Golden Idol"]},{"damage_healed":0.0,"max_hp_gain":0.0,"max_hp_loss":0.0,"gold_gain":0.0,"event_name":"Duplicator","player_choice":"Copied","floor":19.0,"gold_loss":0.0,"damage_taken":0.0,"cards_obtained":["Noxious Fumes"]},{"damage_healed":0.0,"max_hp_gain":0.0,"max_hp_loss":0.0,"gold_gain":0.0,"cards_transformed":["Strike_G","Strike_G"],"event_name":"Drug Dealer","player_choice":"Became Test Subject","floor":22.0,"gold_loss":0.0,"damage_taken":0.0,"cards_obtained":["Deadly Poison","Venomology"]},{"damage_healed":0.0,"max_hp_gain":0.0,"max_hp_loss":0.0,"gold_gain":0.0,"event_name":"SensoryStone","player_choice":"Memory 1","floor":37.0,"gold_loss":0.0,"damage_taken":0.0},{"damage_healed":57,"gold_gain":0,"player_choice":"Heal","damage_taken":0,"max_hp_gain":0,"max_hp_loss":8,"event_name":"The Moai Head","floor":47,"gold_loss":0}],"is_beta":false,"boss_relics":[{"not_picked":["Velvet Choker","Astrolabe"],"picked":"expansioncontent:StudyCardRelic"},{"not_picked":["Coffee Dripper","HoveringKite"],"picked":"Ring of the Serpent"}],"items_purged_floors":[14,45,48],"is_endless":false,"potions_floor_spawned":[1,6,12,18,21,29,30,36,44],"ascension_level":2}}