{"host":"4kmvpqjeiacgn1pr","time":1611689168,"event":{"mods":["AchievementEnabler","BaseMod","Better Altar","Better Match","Better Note","Better Sensory Stone","Better Skull","Better Third Choice","Colored Map","Colored Powertips","Curses Come First","Highlight Path","Minty Spire (QoL Compilation)","Permanent Neow","Rare Cards Sparkle","Replay The Spire","Spicy Shops","StSLib"],"gold_per_floor":[10,23,23,39,39,39,64,84,84,95,95,95],"floor_reached":11,"language":"ENG","playtime":319,"items_purged":[],"score":113,"play_id":"df2bc04c-706a-476b-ab87-93d4a3060673","local_time":"20210126142608","is_ascension_mode":true,"campfire_choices":[{"data":"Neutralize","floor":6,"key":"SMITH"}],"circlet_count":0,"master_deck":["AscendersBane","Strike_G","Strike_G","Strike_G","Strike_G","Defend_G","Defend_G","Defend_G","Defend_G","Survivor","Neutralize+1","Catalyst+1","Backflip","Blade Dance","Pain","Crippling Poison","ReplayTheSpireMod:Scrap Shanks","Atom Bomb"],"relics":["Ring of the Snake","Replay:Bottled Eggs","WarpedTongs","Bronze Scales","Du-Vu Doll"],"acts_visited":["Exordium"],"potions_floor_usage":[7,8],"damage_taken":[{"damage":1,"enemies":"Cultist","floor":1,"turns":4},{"damage":8,"enemies":"Jaw Worm","floor":2,"turns":6},{"damage":1,"enemies":"Small Slimes","floor":4,"turns":5},{"damage":11,"enemies":"Lagavulin","floor":7,"turns":5},{"damage":17,"enemies":"Exordium Thugs","floor":8,"turns":4},{"damage":11,"enemies":"Blue Slaver","floor":10,"turns":2},{"damage":27,"enemies":"Gremlin Nob","floor":11,"turns":3}],"seed_played":"235452329547008159","potions_obtained":[{"floor":2,"key":"Poison Potion"},{"floor":7,"key":"PowerPotion"}],"is_trial":false,"path_per_floor":["M","M","T","M","?","R","E","M","T","M","E"],"character_chosen":"THE_SILENT","items_purchased":[],"campfire_rested":0,"item_purchase_floors":[],"current_hp_per_floor":[62,54,54,53,53,53,42,25,25,14,0,0],"gold":95,"neow_bonus":"REMOVE_TWO","is_daily":false,"chose_seed":false,"campfire_upgraded":1,"win_rate":0.0,"timestamp":1611689168,"path_taken":["M","M","?","?","?","R","E","M","T","?","E"],"items_purchased_type":[],"build_version":"2020-12-22","purchased_purges":0,"victory":false,"max_hp_per_floor":[70,70,70,70,70,70,70,70,70,70,70,70],"card_choices":[{"not_picked":["Underhanded Strike","Footwork"],"picked":"Catalyst","floor":1},{"not_picked":["Deflect","Outmaneuver"],"picked":"Backflip","floor":2},{"not_picked":["Sucker Punch","Dagger Throw"],"picked":"Blade Dance","floor":4},{"not_picked":["Blade Dance","Riddle With Holes"],"picked":"Crippling Poison","floor":7},{"not_picked":["Prepared","Dagger Throw"],"picked":"ReplayTheSpireMod:Scrap Shanks","floor":8},{"not_picked":["Outmaneuver","PiercingWail"],"picked":"Atom Bomb","floor":10}],"player_experience":347809,"relics_obtained":[{"floor":3,"key":"Replay:Bottled Eggs"},{"floor":7,"key":"Bronze Scales"},{"floor":9,"key":"Du-Vu Doll"}],"event_choices":[{"damage_healed":0,"gold_gain":0,"player_choice":"Rummage","damage_taken":0,"relics_obtained":["WarpedTongs"],"max_hp_gain":0,"max_hp_loss":0,"event_name":"Accursed Blacksmith","floor":5,"gold_loss":0,"cards_obtained":["Pain"]}],"is_beta":false,"boss_relics":[],"items_purged_floors":[],"is_endless":false,"potions_floor_spawned":[2,7],"killed_by":"Gremlin Nob","ascension_level":10}}