{"host":"dggqshehf2ar9kzd","time":1611636249,"event":{"mods":["BaseMod","Highlight Path","Minty Spire (QoL Compilation)"],"gold_per_floor":[112,130,130,148,162,192,220,26,26,55,73,92,17,17,17,122,122,141,141,155,172,72,100,100,116,192,192,211,97,97,112,112,216,266,280,330,330,342,342,342,373,373,447,457,457,197,197,197],"floor_reached":47,"language":"ENG","playtime":3125,"items_purged":["Defend_R","Shrug It Off","Strike_R+1"],"score":535,"play_id":"a97f4820-e154-4c39-ae57-9451adb58360","local_time":"20210125234409","is_ascension_mode":false,"campfire_choices":[{"data":"Bash","floor":15,"key":"SMITH"},{"floor":24,"key":"REST"},{"floor":30,"key":"REST"},{"data":"Limit Break","floor":32,"key":"SMITH"},{"data":"Burning Pact","floor":40,"key":"PURGE"},{"data":"Limit Break","floor":42,"key":"SMITH"},{"data":"Sword Boomerang","floor":45,"key":"SMITH"}],"circlet_count":0,"master_deck":["Strike_R+1","Strike_R+1","Strike_R+1","Defend_R+1","Defend_R+1","Bash+1","Headbutt+1","Pommel Strike+1","Warcry","Flex","Rage","Dropkick","Limit Break+1","Warcry+1","Clash","Inflame","Sword Boomerang+1","True Grit+1","Clash+1","Havoc+1","Reaper","Havoc+1","Pommel Strike+1","Limit Break+1","Deep Breath","Dropkick+1","Warcry+1","Warcry","Heavy Blade"],"relics":["Burning Blood","Question Card","Odd Mushroom","Lee\u0027s Waffle","HornCleat","Whetstone","Empty Cage","Paper Frog","The Courier","Anchor","Tiny House","Peace Pipe","Centennial Puzzle","Shuriken","Orichalcum"],"acts_visited":["Exordium","TheCity","TheBeyond"],"potions_floor_usage":[11,16,27,33,33,44],"damage_taken":[{"damage":0,"enemies":"Jaw Worm","floor":1,"turns":3},{"damage":2,"enemies":"Small Slimes","floor":2,"turns":4},{"damage":1,"enemies":"2 Louse","floor":4,"turns":2},{"damage":12,"enemies":"Looter","floor":5,"turns":3},{"damage":36,"enemies":"Gremlin Nob","floor":6,"turns":5},{"damage":31,"enemies":"The Mushroom Lair","floor":7,"turns":7},{"damage":22,"enemies":"Lagavulin","floor":10,"turns":5},{"damage":0,"enemies":"3 Louse","floor":11,"turns":2},{"damage":6,"enemies":"Exordium Wildlife","floor":12,"turns":5},{"damage":41,"enemies":"Hexaghost","floor":16,"turns":8},{"damage":24,"enemies":"Shell Parasite","floor":18,"turns":5},{"damage":22,"enemies":"2 Thieves","floor":20,"turns":4},{"damage":17,"enemies":"Chosen and Byrds","floor":21,"turns":6},{"damage":46,"enemies":"Slavers","floor":23,"turns":5},{"damage":18,"enemies":"Cultist and Chosen","floor":25,"turns":6},{"damage":18,"enemies":"Colosseum Slavers","floor":27,"turns":3},{"damage":6,"enemies":"3 Cultists","floor":28,"turns":6},{"damage":11,"enemies":"Snake Plant","floor":31,"turns":3},{"damage":15,"enemies":"Champ","floor":33,"turns":6},{"damage":0,"enemies":"Orb Walker","floor":35,"turns":3},{"damage":0,"enemies":"Mind Bloom Boss Battle","floor":36,"turns":6},{"damage":25,"enemies":"3 Shapes","floor":38,"turns":5},{"damage":71,"enemies":"Reptomancer","floor":41,"turns":5},{"damage":7,"enemies":"Jaw Worm Horde","floor":44,"turns":4},{"damage":29,"enemies":"Transient","floor":47,"turns":5}],"seed_played":"-8400273180673562269","potions_obtained":[{"floor":5,"key":"SteroidPotion"},{"floor":6,"key":"ColorlessPotion"},{"floor":11,"key":"LiquidBronze"},{"floor":16,"key":"Explosive Potion"},{"floor":20,"key":"Strength Potion"},{"floor":23,"key":"SmokeBomb"},{"floor":31,"key":"Strength Potion"},{"floor":33,"key":"Dexterity Potion"},{"floor":34,"key":"LiquidBronze"},{"floor":44,"key":"AttackPotion"}],"is_trial":false,"path_per_floor":["M","M","?","M","M","E","?","$","T","E","M","M","$","?","R","B",null,"M","?","M","M","$","E","R","M","T","?","M","$","R","M","R","B",null,"M","?","?","M","?","R","E","R","T","M","R","$","M"],"character_chosen":"IRONCLAD","items_purchased":["Lee\u0027s Waffle","Explosive Potion","Anchor","Heavy Blade","Orichalcum"],"campfire_rested":2,"item_purchase_floors":[8,8,29,46,46],"current_hp_per_floor":[80,80,85,85,79,49,24,92,92,76,82,82,82,75,75,40,92,74,74,58,47,47,7,34,22,22,10,10,10,37,32,32,23,97,97,97,97,86,86,86,21,21,21,40,40,40,11,11],"gold":197,"neow_bonus":"UPGRADE_CARD","is_daily":false,"chose_seed":false,"campfire_upgraded":4,"win_rate":0.0,"timestamp":1611636249,"path_taken":["M","M","?","M","M","E","?","$","T","E","M","M","?","?","R","BOSS","M","?","M","M","$","E","R","M","T","?","M","?","R","M","R","BOSS","M","?","?","M","?","R","E","R","T","M","R","$","?"],"items_purchased_type":["Relic","Potion","Relic","Card","Relic"],"build_version":"2020-12-22","purchased_purges":3,"victory":false,"max_hp_per_floor":[80,80,85,85,85,85,85,92,92,92,92,92,92,92,92,92,92,92,92,92,92,92,92,92,92,92,92,92,92,92,92,92,92,97,97,97,97,97,97,97,97,97,97,97,97,97,97,97],"card_choices":[{"not_picked":["Sword Boomerang","Perfected Strike"],"picked":"Shrug It Off","floor":1},{"not_picked":["Heavy Blade","Second Wind"],"picked":"Headbutt","floor":2},{"not_picked":["Spot Weakness","Twin Strike"],"picked":"Burning Pact","floor":4},{"not_picked":["Uppercut","Clothesline"],"picked":"Battle Trance","floor":5},{"not_picked":["Dual Wield","Havoc"],"picked":"Pommel Strike","floor":6},{"not_picked":["Bludgeon","Shrug It Off","Seeing Red"],"picked":"Warcry","floor":7},{"not_picked":["Seeing Red","Exhume","Hemokinesis"],"picked":"Flex","floor":10},{"not_picked":["Clothesline","Sentinel","Warcry"],"picked":"Rage","floor":11},{"not_picked":["Perfected Strike","Combust","Rage"],"picked":"Dropkick","floor":12},{"not_picked":["Offering","Bludgeon","Double Tap"],"picked":"Limit Break","floor":16},{"not_picked":["Thunderclap","Anger","Shrug It Off"],"picked":"Warcry","floor":18},{"not_picked":["Havoc","Infernal Blade+1","Rupture"],"picked":"Clash","floor":20},{"not_picked":["Wild Strike","Ghostly Armor","Cleave"],"picked":"Inflame","floor":21},{"not_picked":["Fiend Fire","Rupture","Wild Strike+1"],"picked":"Sword Boomerang","floor":23},{"not_picked":["Second Wind","Clothesline","Flex"],"picked":"True Grit+1","floor":25},{"not_picked":["Shrug It Off","Dual Wield","Rupture"],"picked":"Clash+1","floor":28},{"not_picked":["Headbutt","Heavy Blade","Armaments"],"picked":"Havoc+1","floor":31},{"not_picked":["Exhume","Feed","Fiend Fire"],"picked":"Reaper","floor":33},{"not_picked":["Rage","Clash","Perfected Strike+1"],"picked":"Havoc+1","floor":34},{"not_picked":["Clash+1","Clothesline+1","Armaments"],"picked":"Pommel Strike+1","floor":35},{"not_picked":["Flex+1","Shrug It Off","Perfected Strike"],"picked":"Limit Break","floor":36},{"not_picked":["Enlightenment","Blind","Sadistic Nature"],"picked":"Deep Breath","floor":37},{"not_picked":["Cleave","Havoc+1","Wild Strike"],"picked":"Dropkick+1","floor":38},{"not_picked":["Wild Strike+1","Flame Barrier","Seeing Red+1"],"picked":"Warcry+1","floor":41},{"not_picked":["Ghostly Armor","Pommel Strike+1","Perfected Strike"],"picked":"Warcry","floor":44}],"player_experience":314150,"relics_obtained":[{"floor":6,"key":"Question Card"},{"floor":7,"key":"Odd Mushroom"},{"floor":9,"key":"HornCleat"},{"floor":10,"key":"Whetstone"},{"floor":23,"key":"Paper Frog"},{"floor":26,"key":"The Courier"},{"floor":36,"key":"Peace Pipe"},{"floor":41,"key":"Centennial Puzzle"},{"floor":43,"key":"Shuriken"}],"event_choices":[{"damage_healed":0,"gold_gain":0,"player_choice":"Donut","damage_taken":0,"max_hp_gain":5,"max_hp_loss":0,"event_name":"Big Fish","floor":3,"gold_loss":0},{"damage_healed":0,"gold_gain":0,"player_choice":"Fought Mushrooms","damage_taken":0,"max_hp_gain":0,"max_hp_loss":0,"event_name":"Mushrooms","floor":7,"gold_loss":0},{"cards_removed":["Strike_R"],"damage_healed":0,"gold_gain":0,"player_choice":"Card Removal","damage_taken":7,"max_hp_gain":0,"max_hp_loss":0,"event_name":"Golden Wing","floor":14,"gold_loss":0},{"damage_healed":0,"gold_gain":0,"player_choice":"Simplicity","damage_taken":0,"max_hp_gain":0,"max_hp_loss":0,"event_name":"Back to Basics","floor":19,"gold_loss":0,"cards_upgraded":["Strike_R","Strike_R","Strike_R","Strike_R","Defend_R"]},{"damage_healed":0,"gold_gain":0,"player_choice":"Fight","damage_taken":0,"max_hp_gain":0,"max_hp_loss":0,"event_name":"Colosseum","floor":27,"gold_loss":0},{"damage_healed":0,"gold_gain":0,"player_choice":"Fled From Nobs","damage_taken":0,"max_hp_gain":0,"max_hp_loss":0,"event_name":"Colosseum","floor":27,"gold_loss":0},{"damage_healed":0,"gold_gain":0,"player_choice":"Fight","damage_taken":0,"max_hp_gain":0,"max_hp_loss":0,"event_name":"MindBloom","floor":36,"gold_loss":0},{"damage_healed":0,"gold_gain":0,"player_choice":"Memory 1","damage_taken":0,"max_hp_gain":0,"max_hp_loss":0,"event_name":"SensoryStone","floor":37,"gold_loss":0},{"damage_healed":0,"gold_gain":0,"player_choice":"Ignored","damage_taken":0,"max_hp_gain":0,"max_hp_loss":0,"event_name":"Tomb of Lord Red Mask","floor":39,"gold_loss":0}],"is_beta":false,"boss_relics":[{"not_picked":["Sozu","Velvet Choker"],"picked":"Empty Cage"},{"not_picked":["Snecko Eye","Pandora\u0027s Box"],"picked":"Tiny House"}],"items_purged_floors":[13,22,46],"is_endless":false,"potions_floor_spawned":[5,6,10,11,16,20,23,27,31,33,38,44],"killed_by":"Transient","ascension_level":0}}