{"host":"sc0o2qwpf9j16a4i","time":1611669875,"event":{"mods":["AchievementEnabler","BaseMod","BetterRewards","Block Reminder","Colored Map","Colored Powertips","Custom Start","Highlight Path","Minty Spire (QoL Compilation)","Relic Stats"],"gold_per_floor":[118,118,130,209,225,225,250,268,268,268,294,304,324,21,21,121,121,131,142,162,172,172,207,207,236,263,274,274,294,304,49,49,149,149,159,159,212,229,229,261,275,14,61,75,35,35,66,94,94,94],"floor_reached":51,"language":"ENG","playtime":2888,"items_purged":[],"score":1011,"play_id":"b95bd7b6-8730-4abe-8fcb-31df4707a844","local_time":"20210126160435","daily_mods":["Draft","ControlledChaos","Night Terrors"],"is_ascension_mode":false,"campfire_choices":[{"data":"True Grit","floor":6,"key":"SMITH"},{"floor":15,"key":"REST"},{"data":"True Grit","floor":24,"key":"SMITH"},{"data":"Feel No Pain","floor":32,"key":"SMITH"},{"data":"Barricade","floor":49,"key":"SMITH"}],"circlet_count":0,"master_deck":["Shockwave+1","Spot Weakness","True Grit+1","Uppercut","Cleave","Inflame","Disarm","Blood for Blood","Spot Weakness","Thunderclap","Evolve","True Grit+1","Bloodletting","Twin Strike+1","Feel No Pain+1","Seeing Red","Ghostly Armor","Offering","Battle Trance+1","Warcry+1","Impervious+1","Sentinel+1","Body Slam+1","Sentinel+1","Ghostly+1","Ghostly+1","Ghostly+1","Ghostly+1","Ghostly+1","Disarm+1","Offering+1","Body Slam+1","Combust","Impervious+1","Entrench+1","Havoc+1","Power Through+1","Forethought+1","Barricade+1","Feel No Pain","Purity+1","Trip+1","Madness+1","True Grit+1","Warcry+1","Madness+1","Madness+1","Disarm+1","Burning Pact+1","Limit Break+1","Havoc+1","Armaments+1","Injury","Second Wind+1","True Grit+1"],"relics":["Burning Blood","Frozen Eye","Blood Vial","Juzu Bracelet","Vajra","The Courier","Toxic Egg 2","SlaversCollar","Anchor","Gremlin Horn","Akabeko","Medical Kit","Cursed Key","Ginger","PreservedInsect","Lee\u0027s Waffle","Pen Nib","CeramicFish"],"acts_visited":["Exordium","TheCity","TheBeyond"],"potions_floor_usage":[18,23,33,33,37,41,41,41,50,50,50],"damage_taken":[{"damage":9,"enemies":"Small Slimes","floor":1,"turns":3},{"damage":9,"enemies":"Cultist","floor":3,"turns":4},{"damage":8,"enemies":"Jaw Worm","floor":5,"turns":3},{"damage":0,"enemies":"Lagavulin","floor":7,"turns":7},{"damage":6,"enemies":"3 Louse","floor":8,"turns":4},{"damage":29,"enemies":"Gremlin Nob","floor":11,"turns":5},{"damage":13,"enemies":"Blue Slaver","floor":12,"turns":3},{"damage":11,"enemies":"Large Slime","floor":13,"turns":2},{"damage":24,"enemies":"Slime Boss","floor":16,"turns":4},{"damage":27,"enemies":"Spheric Guardian","floor":18,"turns":6},{"damage":16,"enemies":"2 Thieves","floor":19,"turns":4},{"damage":6,"enemies":"Cultist and Chosen","floor":20,"turns":2},{"damage":10,"enemies":"3 Cultists","floor":21,"turns":5},{"damage":4,"enemies":"Slavers","floor":23,"turns":6},{"damage":3,"enemies":"Book of Stabbing","floor":25,"turns":6},{"damage":12,"enemies":"Centurion and Healer","floor":27,"turns":2},{"damage":3,"enemies":"Sentry and Sphere","floor":29,"turns":5},{"damage":1,"enemies":"3 Cultists","floor":30,"turns":5},{"damage":6,"enemies":"Champ","floor":33,"turns":13},{"damage":4,"enemies":"Orb Walker","floor":35,"turns":7},{"damage":1,"enemies":"2 Orb Walkers","floor":37,"turns":5},{"damage":9,"enemies":"3 Darklings","floor":38,"turns":7},{"damage":7,"enemies":"Giant Head","floor":40,"turns":10},{"damage":12,"enemies":"Jaw Worm Horde","floor":41,"turns":7},{"damage":12,"enemies":"Spire Growth","floor":44,"turns":4},{"damage":4,"enemies":"Reptomancer","floor":47,"turns":5},{"damage":7,"enemies":"3 Darklings","floor":48,"turns":7},{"damage":0,"enemies":"Time Eater","floor":50,"turns":7}],"seed_played":"4683413388905003720","potions_obtained":[{"floor":3,"key":"FairyPotion"},{"floor":5,"key":"Weak Potion"},{"floor":7,"key":"FearPotion"},{"floor":11,"key":"AttackPotion"},{"floor":18,"key":"Fruit Juice"},{"floor":20,"key":"SneckoOil"},{"floor":25,"key":"AttackPotion"},{"floor":33,"key":"SneckoOil"},{"floor":35,"key":"HeartOfIron"},{"floor":40,"key":"Weak Potion"},{"floor":45,"key":"ColorlessPotion"},{"floor":45,"key":"DistilledChaos"},{"floor":45,"key":"CultistPotion"}],"is_trial":true,"path_per_floor":["M","?","M","?","M","R","E","M","T","T","E","M","M","$","R","B",null,"M","M","M","M","?","E","R","E","T","M","?","M","M","$","R","B",null,"M","?","?","M","?","E","M","$","T","M","?","$","E","M","R","B",null],"character_chosen":"IRONCLAD","items_purchased":["Toxic Egg 2","Battle Trance+1","Warcry+1","Medical Kit","Power Through+1","Forethought+1","Lee\u0027s Waffle","Limit Break+1","Havoc+1","Armaments+1"],"campfire_rested":1,"item_purchase_floors":[14,14,14,31,31,31,42,42,42,42],"current_hp_per_floor":[77,61,58,58,56,56,62,64,64,64,43,38,35,35,75,57,75,59,51,53,51,40,40,40,40,40,34,34,39,40,40,40,40,40,40,30,37,36,31,32,28,47,47,41,41,41,45,46,46,47],"gold":94,"neow_bonus":"","is_daily":false,"chose_seed":false,"campfire_upgraded":4,"win_rate":0.0,"timestamp":1611669875,"path_taken":["M","?","M","?","M","R","E","?","T","?","E","M","M","$","R","BOSS","M","M","M","M","?","E","R","E","T","M","?","M","M","$","R","BOSS","M","?","?","M","?","E","M","?","T","M","?","$","E","M","R","BOSS"],"items_purchased_type":["Relic","Card","Card","Relic","Card","Card","Relic","Card","Card","Card"],"build_version":"2020-12-22","purchased_purges":0,"victory":true,"max_hp_per_floor":[80,80,80,80,80,80,80,80,80,80,80,80,80,80,75,75,75,80,80,80,80,40,40,40,40,40,40,40,40,40,40,40,40,40,40,40,40,40,40,40,40,47,47,47,47,47,47,47,47,47],"relic_stats":{"Lee\u0027s Waffle":19,"Gremlin Horn":[15,20],"counters":[28,148],"CeramicFish":9,"PreservedInsect":58,"Pen Nib":[2],"Juzu Bracelet":1,"Ginger":[4],"Medical Kit":[10],"Cursed Key":1,"Burning Blood":150,"Blood Vial":30,"obtain_stats":[{"Lee\u0027s Waffle":42,"Gremlin Horn":25,"CeramicFish":47,"Vajra":10,"The Courier":11,"PreservedInsect":40,"Pen Nib":43,"Juzu Bracelet":9,"Ginger":37,"Medical Kit":31,"Cursed Key":34,"Burning Blood":0,"Akabeko":26,"Blood Vial":7,"Frozen Eye":0,"SlaversCollar":17,"Anchor":23,"Toxic Egg 2":14},{"Lee\u0027s Waffle":24,"Gremlin Horn":15,"CeramicFish":26,"Vajra":5,"The Courier":6,"PreservedInsect":23,"Pen Nib":24,"Juzu Bracelet":5,"Ginger":21,"Medical Kit":18,"Cursed Key":19,"Burning Blood":0,"Akabeko":15,"Blood Vial":4,"Frozen Eye":0,"SlaversCollar":9,"Anchor":14,"Toxic Egg 2":8},{"Lee\u0027s Waffle":125,"Gremlin Horn":64,"CeramicFish":134,"Vajra":21,"The Courier":26,"PreservedInsect":118,"Pen Nib":125,"Juzu Bracelet":21,"Ginger":101,"Medical Kit":76,"Cursed Key":89,"Burning Blood":0,"Akabeko":64,"Blood Vial":17,"Frozen Eye":0,"SlaversCollar":35,"Anchor":58,"Toxic Egg 2":31}]},"card_choices":[{"not_picked":["Anger","Clash"],"picked":"Shockwave","floor":0},{"not_picked":["Havoc","Body Slam"],"picked":"Spot Weakness","floor":0},{"not_picked":["Perfected Strike","Pummel"],"picked":"True Grit","floor":0},{"not_picked":["Intimidate","Dropkick"],"picked":"Uppercut","floor":0},{"not_picked":["Entrench","Clash"],"picked":"Cleave","floor":0},{"not_picked":["Dark Embrace","Wild Strike"],"picked":"Inflame","floor":0},{"not_picked":["Metallicize","Armaments"],"picked":"Disarm","floor":0},{"not_picked":["Anger","Sword Boomerang"],"picked":"Blood for Blood","floor":0},{"not_picked":["Anger","Cleave"],"picked":"Spot Weakness","floor":0},{"not_picked":["Shockwave","Second Wind"],"picked":"Thunderclap","floor":0},{"not_picked":["Rampage","Sword Boomerang"],"picked":"Evolve","floor":0},{"not_picked":["Cleave","Pummel"],"picked":"True Grit","floor":0},{"not_picked":["Rage","Clothesline"],"picked":"Warcry","floor":0},{"not_picked":["Havoc","Clash"],"picked":"Bloodletting","floor":0},{"not_picked":["Iron Wave","True Grit"],"picked":"Warcry","floor":0},{"not_picked":["Perfected Strike","Armaments"],"picked":"Twin Strike","floor":1},{"not_picked":["Blood for Blood","Dual Wield","Perfected Strike"],"picked":"SKIP","floor":3},{"not_picked":["Headbutt","Warcry"],"picked":"Feel No Pain","floor":5},{"not_picked":["Second Wind","Twin Strike"],"picked":"Seeing Red","floor":7},{"not_picked":["Rampage","Warcry","Cleave"],"picked":"SKIP","floor":8},{"not_picked":["Iron Wave","Rage"],"picked":"Ghostly Armor","floor":11},{"not_picked":["Perfected Strike","Warcry"],"picked":"Offering","floor":12},{"not_picked":["Havoc","Clothesline","Ghostly Armor"],"picked":"SKIP","floor":13},{"not_picked":["Juggernaut","Immolate"],"picked":"Impervious+1","floor":16},{"not_picked":["Entrench+1","Pommel Strike"],"picked":"Sentinel+1","floor":18},{"not_picked":["Clash","Havoc+1"],"picked":"Body Slam+1","floor":19},{"not_picked":["Body Slam","Clash+1","Iron Wave"],"picked":"SKIP","floor":20},{"not_picked":["Flex+1","Clash"],"picked":"Sentinel+1","floor":21},{"not_picked":["Burning Pact+1","Warcry+1"],"picked":"Disarm+1","floor":23},{"not_picked":["Cleave","Armaments+1"],"picked":"Offering+1","floor":25},{"not_picked":["Twin Strike","True Grit+1"],"picked":"Body Slam+1","floor":27},{"not_picked":["Warcry+1","Flame Barrier+1"],"picked":"Entrench+1","floor":29},{"not_picked":["Thunderclap","Pommel Strike"],"picked":"Havoc+1","floor":30},{"not_picked":["Immolate","Fiend Fire"],"picked":"Barricade","floor":33},{"not_picked":["Anger","Shrug It Off+1"],"picked":"Feel No Pain","floor":35},{"not_picked":["Bandage Up+1","PanicButton+1"],"picked":"Purity+1","floor":36},{"not_picked":["Forethought+1","Swift Strike"],"picked":"Trip+1","floor":36},{"not_picked":["Deep Breath+1","Impatience+1"],"picked":"Madness+1","floor":36},{"not_picked":["Body Slam+1","Evolve"],"picked":"True Grit+1","floor":37},{"not_picked":["Fire Breathing","Body Slam+1"],"picked":"Warcry+1","floor":38},{"not_picked":["Dark Embrace","Combust+1"],"picked":"Disarm+1","floor":40},{"not_picked":["Juggernaut","Pummel"],"picked":"Burning Pact+1","floor":41},{"not_picked":["True Grit+1","Clash+1"],"picked":"Second Wind+1","floor":44},{"not_picked":["Berserk","Sword Boomerang+1","Sever Soul+1"],"picked":"SKIP","floor":47},{"not_picked":["Headbutt","Clothesline+1"],"picked":"True Grit+1","floor":48}],"player_experience":976184,"relics_obtained":[{"floor":7,"key":"Blood Vial"},{"floor":9,"key":"Juzu Bracelet"},{"floor":10,"key":"Vajra"},{"floor":11,"key":"The Courier"},{"floor":23,"key":"Anchor"},{"floor":25,"key":"Gremlin Horn"},{"floor":26,"key":"Akabeko"},{"floor":37,"key":"Ginger"},{"floor":40,"key":"PreservedInsect"},{"floor":43,"key":"Pen Nib"},{"floor":47,"key":"CeramicFish"}],"event_choices":[{"damage_healed":0,"gold_gain":0,"player_choice":"Entered Light","damage_taken":16,"max_hp_gain":0,"max_hp_loss":0,"event_name":"Shining Light","floor":2,"gold_loss":0,"cards_upgraded":["Shockwave","Twin Strike"]},{"damage_healed":0,"gold_gain":79,"player_choice":"Gained Gold","damage_taken":0,"max_hp_gain":0,"max_hp_loss":0,"event_name":"Golden Wing","floor":4,"gold_loss":0},{"damage_healed":0,"gold_gain":0,"player_choice":"Became a Ghost","damage_taken":0,"max_hp_gain":0,"max_hp_loss":40,"event_name":"Ghosts","floor":22,"gold_loss":0,"cards_obtained":["Ghostly","Ghostly","Ghostly","Ghostly","Ghostly"]},{"damage_healed":0,"gold_gain":0,"cards_transformed":["Warcry","Warcry"],"player_choice":"Became Test Subject","damage_taken":0,"max_hp_gain":0,"max_hp_loss":0,"event_name":"Drug Dealer","floor":28,"gold_loss":0,"cards_obtained":["Combust","Impervious"]},{"damage_healed":0,"gold_gain":0,"player_choice":"Memory 3","damage_taken":10,"max_hp_gain":0,"max_hp_loss":0,"event_name":"SensoryStone","floor":36,"gold_loss":0},{"damage_healed":0,"gold_gain":0,"player_choice":"Fight","damage_taken":0,"max_hp_gain":0,"max_hp_loss":0,"event_name":"Mysterious Sphere","floor":37,"gold_loss":0},{"damage_healed":0,"gold_gain":0,"player_choice":"Embrace Madness","damage_taken":5,"max_hp_gain":0,"max_hp_loss":0,"event_name":"Winding Halls","floor":39,"gold_loss":0,"cards_obtained":["Madness","Madness"]},{"damage_healed":0,"gold_gain":0,"player_choice":"Bought 3 Potions","damage_taken":0,"max_hp_gain":0,"max_hp_loss":0,"event_name":"The Woman in Blue","floor":45,"gold_loss":0}],"is_beta":false,"boss_relics":[{"not_picked":["Tiny House","Mark of Pain"],"picked":"SlaversCollar"},{"not_picked":["Black Blood","Velvet Choker"],"picked":"Cursed Key"}],"items_purged_floors":[],"is_endless":false,"potions_floor_spawned":[3,5,7,11,18,20,25,33,35,40,47,48],"ascension_level":0}}