{"host":"Mute","time":1611672602,"event":{"mods":["BaseMod","Colored Map","Downfall","Minty Spire (QoL Compilation)","StSLib"],"gold_per_floor":[99,118,136,154,174,174,174,192,210,228,255,355,355,381,395,395,395,395],"floor_reached":16,"language":"ENG","playtime":1109,"items_purged":[],"score":116,"play_id":"fa943e27-a8b9-4e15-ba44-a7cd112330e2","local_time":"20210126095002","is_ascension_mode":false,"campfire_choices":[{"data":"bronze:Replicate","floor":1,"key":"SMITH"}],"circlet_count":0,"master_deck":["bronze:Strike","bronze:Strike","bronze:Strike","bronze:Strike","bronze:Defend","bronze:Defend","bronze:Defend","bronze:Replicate+1","bronze:Goto","bronze:Iterate","bronze:Shield","bronze:Branch","bronze:Shield","bronze:Overheat","bronze:MaxOutput","bronze:Separator","bronze:OilSpill","bronze:ClassDefault","bronze:BugBarrage","bronze:Repulsor"],"relics":["bronze:BronzeCore","Torii","Meat on the Bone","Bottled Lightning","Pantograph"],"acts_visited":["Exordium"],"potions_floor_usage":[9],"damage_taken":[{"damage":1,"enemies":"2 Louse","floor":2,"turns":4},{"damage":1,"enemies":"Cultist","floor":3,"turns":3},{"damage":1,"enemies":"Small Slimes","floor":4,"turns":3},{"damage":11,"enemies":"3 Louse","floor":5,"turns":4},{"damage":0,"enemies":"Blue Slaver","floor":8,"turns":3},{"damage":1,"enemies":"Exordium Thugs","floor":9,"turns":4},{"damage":6,"enemies":"Large Slime","floor":10,"turns":4},{"damage":11,"enemies":"Lagavulin","floor":11,"turns":6},{"damage":36,"enemies":"3 Sentries","floor":14,"turns":11},{"damage":7,"enemies":"Blue Slaver","floor":15,"turns":2},{"damage":54,"enemies":"SI_SHIV_ARCHETYPE","floor":16,"turns":12}],"seed_played":"7284112018512805046","potions_obtained":[{"floor":3,"key":"SteroidPotion"},{"floor":9,"key":"bronze:BurnAndBuffPotion"},{"floor":10,"key":"Slimebound:ThreeZeroPotion"},{"floor":14,"key":"SmokeBomb"}],"is_trial":false,"path_per_floor":["R","M","M","M","M","?","T","M","M","M","E","?","?","E","M","B"],"character_chosen":"THE_AUTOMATON","items_purchased":[],"campfire_rested":0,"item_purchase_floors":[],"current_hp_per_floor":[63,62,61,60,49,49,49,49,48,42,43,43,48,24,29,0,0,0],"gold":395,"neow_bonus":"ONE_RARE_RELIC","is_daily":false,"chose_seed":false,"campfire_upgraded":1,"win_rate":0.0,"timestamp":1611672602,"path_taken":["R","M","M","M","M","?","T","?","M","M","E","?","?","E","M","BOSS"],"items_purchased_type":[],"build_version":"2020-12-18","purchased_purges":0,"victory":false,"max_hp_per_floor":[63,63,63,63,63,63,63,63,63,63,63,63,68,68,68,68,68,68],"card_choices":[{"not_picked":["bronze:Deprecate","bronze:Turbo"],"picked":"bronze:Iterate","floor":2},{"not_picked":["bronze:Repulsor","bronze:CutThrough"],"picked":"bronze:Shield","floor":3},{"not_picked":["bronze:CutThrough","bronze:Repair"],"picked":"bronze:Branch","floor":4},{"not_picked":["bronze:Turbo","bronze:DelayedGuard"],"picked":"bronze:Shield","floor":5},{"not_picked":["bronze:BronzeArmor","bronze:WildBeam"],"picked":"bronze:MaxOutput","floor":8},{"not_picked":["bronze:Iterate","bronze:BronzeArmor"],"picked":"bronze:Separator","floor":9},{"not_picked":["bronze:FindAndReplace","bronze:CloningBeam"],"picked":"bronze:OilSpill","floor":10},{"not_picked":["bronze:Shield","bronze:Allocate"],"picked":"bronze:ClassDefault","floor":11},{"not_picked":["bronze:Overload","bronze:Frontload"],"picked":"bronze:BugBarrage","floor":14},{"not_picked":["bronze:Iterate","bronze:ThunderWave"],"picked":"bronze:Repulsor","floor":15}],"player_experience":460462,"relics_obtained":[{"floor":7,"key":"Meat on the Bone"},{"floor":11,"key":"Bottled Lightning"},{"floor":14,"key":"Pantograph"}],"event_choices":[{"damage_healed":0,"gold_gain":0,"player_choice":"Donut","damage_taken":0,"max_hp_gain":5,"max_hp_loss":0,"event_name":"Big Fish","floor":13,"gold_loss":0}],"is_beta":true,"boss_relics":[],"items_purged_floors":[],"is_endless":false,"potions_floor_spawned":[3,9,10,14],"killed_by":"SI_SHIV_ARCHETYPE","ascension_level":0}}