{"host":"19tvufa8xx4wr4o1","time":1611623977,"event":{"mods":["AchievementEnabler","BaseMod","Better Sensory Stone","Better Third Choice","Highlight Path","Minty Spire (QoL Compilation)","Relic Stats","StSLib"],"gold_per_floor":[109,163,3,3,18,47,47,74,100,132,132,163,200,271,283,372,384,414,426,438,22,22,22,35,35,35,35,55,74,105,105,105,105,105],"floor_reached":33,"language":"ENG","playtime":766,"items_purged":[],"score":610,"play_id":"c4d5bfb5-a2e7-487f-8100-43a825e3a8d5","local_time":"20210125191937","is_ascension_mode":true,"campfire_choices":[{"data":"Bash","floor":7.0,"key":"SMITH"},{"data":"Metallicize","floor":15.0,"key":"SMITH"},{"data":"Blind","floor":23.0,"key":"SMITH"},{"data":"Shockwave","floor":25,"key":"SMITH"},{"data":"Pommel Strike","floor":27,"key":"SMITH"},{"floor":32,"key":"REST"}],"circlet_count":0,"master_deck":["AscendersBane","Strike_R","Strike_R","Defend_R","Defend_R","Defend_R","Defend_R","Bash+1","Carnage","Pommel Strike+1","Offering","Metallicize+1","Immolate","Shockwave+1","Decay","Blind+1","Pommel Strike","Sword Boomerang","True Grit+1","Decay"],"relics":["Burning Blood","NeowsBlessing","Juzu Bracelet","Bronze Scales","Potion Belt","Sundial","Akabeko","MealTicket","MawBank","Dream Catcher","Cursed Key","InkBottle","Centennial Puzzle","Frozen Egg 2","Tiny Chest"],"acts_visited":["Exordium","TheCity"],"potions_floor_usage":[33,33],"damage_taken":[{"damage":0.0,"enemies":"Cultist","floor":1.0,"turns":1.0},{"damage":0.0,"enemies":"Jaw Worm","floor":5.0,"turns":1.0},{"damage":0.0,"enemies":"Lagavulin","floor":6.0,"turns":1.0},{"damage":30.0,"enemies":"3 Sentries","floor":8.0,"turns":7.0},{"damage":6.0,"enemies":"Gremlin Nob","floor":10.0,"turns":2.0},{"damage":0.0,"enemies":"Small Slimes","floor":12.0,"turns":2.0},{"damage":25.0,"enemies":"Lagavulin","floor":13.0,"turns":5.0},{"damage":22.0,"enemies":"Hexaghost","floor":16.0,"turns":8.0},{"damage":10.0,"enemies":"3 Byrds","floor":18.0,"turns":2.0},{"damage":13.0,"enemies":"Spheric Guardian","floor":24.0,"turns":3.0},{"damage":13,"enemies":"Snake Plant","floor":28,"turns":3},{"damage":6,"enemies":"3 Cultists","floor":29,"turns":3},{"damage":35,"enemies":"Slavers","floor":30,"turns":4},{"damage":72,"enemies":"Automaton","floor":33,"turns":10}],"seed_played":"-4360805645360754652","potions_obtained":[{"floor":1.0,"key":"LiquidBronze"},{"floor":5.0,"key":"Fruit Juice"},{"floor":13.0,"key":"SteroidPotion"},{"floor":24.0,"key":"DuplicationPotion"},{"floor":30,"key":"DuplicationPotion"}],"is_trial":false,"path_per_floor":["M","T","$","?","M","E","R","E","T","E","?","M","E","?","R","B",null,"M","?","?","$","?","R","M","R","T","R","M","M","E","?","R","B"],"character_chosen":"IRONCLAD","items_purchased":["Bronze Scales","InkBottle","Centennial Puzzle"],"campfire_rested":1,"item_purchase_floors":[3,21,21],"current_hp_per_floor":[74,74,74,74,80,80,80,56,56,56,45,51,32,32,32,16,64,60,60,60,75,75,75,68,68,68,68,61,61,32,32,56,0,0],"gold":105,"neow_bonus":"THREE_ENEMY_KILL","is_daily":false,"chose_seed":false,"campfire_upgraded":5,"win_rate":0.0,"timestamp":1611623977,"path_taken":["M","?","$","?","M","E","R","E","T","E","?","M","E","?","R","BOSS","M","?","?","$","?","R","M","R","T","R","M","M","E","?","R","BOSS"],"items_purchased_type":["Relic","Relic","Relic"],"build_version":"2020-12-22","purchased_purges":0,"victory":false,"max_hp_per_floor":[75,75,75,75,80,80,80,80,80,80,80,80,80,80,80,80,80,80,80,80,80,80,80,80,80,80,80,80,80,80,80,80,80,80],"relic_stats":{"counters":[14,52],"Juzu Bracelet":2,"MawBank":120,"Cursed Key":1,"Burning Blood":67,"Dream Catcher":1,"Centennial Puzzle":[15],"Sundial":[8],"Bronze Scales":[174],"MealTicket":15,"Tiny Chest":0,"obtain_stats":[{"Potion Belt":6,"NeowsBlessing":0,"Juzu Bracelet":2,"Frozen Egg 2":26,"MawBank":11,"Cursed Key":17,"Burning Blood":0,"Akabeko":9,"Dream Catcher":13,"Centennial Puzzle":21,"Sundial":8,"Bronze Scales":3,"MealTicket":10,"Tiny Chest":30,"InkBottle":21},{"Potion Belt":3,"NeowsBlessing":0,"Juzu Bracelet":1,"Frozen Egg 2":10,"MawBank":5,"Cursed Key":8,"Burning Blood":0,"Akabeko":4,"Dream Catcher":7,"Centennial Puzzle":9,"Sundial":4,"Bronze Scales":1,"MealTicket":5,"Tiny Chest":13,"InkBottle":9},{"Potion Belt":3,"NeowsBlessing":0,"Juzu Bracelet":1,"Frozen Egg 2":32,"MawBank":12,"Cursed Key":27,"Burning Blood":0,"Akabeko":10,"Dream Catcher":19,"Centennial Puzzle":29,"Sundial":10,"Bronze Scales":1,"MealTicket":12,"Tiny Chest":42,"InkBottle":29}],"InkBottle":[8]},"card_choices":[{"not_picked":["Sever Soul","Cleave"],"picked":"Carnage","floor":1.0},{"not_picked":["Body Slam","Armaments"],"picked":"Pommel Strike","floor":5.0},{"not_picked":["Iron Wave","Clash","Sword Boomerang"],"picked":"SKIP","floor":6.0},{"not_picked":["Sword Boomerang","Warcry"],"picked":"Offering","floor":8.0},{"not_picked":["Wild Strike","Cleave","Pommel Strike"],"picked":"SKIP","floor":10.0},{"not_picked":["Cleave","Armaments"],"picked":"Metallicize","floor":12.0},{"not_picked":["Bludgeon","Thunderclap","Metallicize"],"picked":"SKIP","floor":13.0},{"not_picked":["Corruption","Fiend Fire"],"picked":"Immolate","floor":16.0},{"not_picked":["Pommel Strike","Headbutt"],"picked":"Shockwave","floor":18.0},{"not_picked":["Bandage Up","HandOfGreed"],"picked":"Blind","floor":20.0},{"not_picked":["Armaments","Sword Boomerang"],"picked":"True Grit+1","floor":24.0},{"not_picked":["Cleave","Warcry","True Grit"],"picked":"SKIP","floor":28},{"not_picked":["Wild Strike","Reckless Charge","Armaments"],"picked":"SKIP","floor":29},{"not_picked":["Headbutt","True Grit","Infernal Blade"],"picked":"SKIP","floor":30}],"player_experience":605238,"relics_obtained":[{"floor":2.0,"key":"Juzu Bracelet"},{"floor":6.0,"key":"Potion Belt"},{"floor":8.0,"key":"Sundial"},{"floor":9.0,"key":"Akabeko"},{"floor":10.0,"key":"MealTicket"},{"floor":13.0,"key":"Dream Catcher"},{"floor":26,"key":"Frozen Egg 2"},{"floor":30,"key":"Tiny Chest"}],"event_choices":[{"cards_removed":["Strike_R"],"damage_healed":0.0,"max_hp_gain":0.0,"max_hp_loss":0.0,"gold_gain":0.0,"event_name":"Purifier","player_choice":"Purged","floor":4.0,"gold_loss":0.0,"damage_taken":0.0},{"damage_healed":0.0,"max_hp_gain":0.0,"max_hp_loss":0.0,"gold_gain":0.0,"event_name":"betterThird:BetterScrap","player_choice":"Relic ","floor":11.0,"gold_loss":0.0,"damage_taken":11.0,"cards_obtained":["Wish"]},{"damage_healed":0.0,"max_hp_gain":0.0,"max_hp_loss":0.0,"gold_gain":59.0,"event_name":"Golden Wing","player_choice":"Gained Gold","floor":14.0,"gold_loss":0.0,"damage_taken":0.0},{"damage_healed":0.0,"max_hp_gain":0.0,"max_hp_loss":0.0,"gold_gain":0.0,"event_name":"Wheel of Change","player_choice":"Cursed","floor":19.0,"gold_loss":0.0,"damage_taken":0.0,"cards_obtained":["Decay"]},{"damage_healed":0.0,"max_hp_gain":0.0,"max_hp_loss":0.0,"gold_gain":2.0,"event_name":"betterStone:BetterStone","player_choice":"1","floor":20.0,"gold_loss":0.0,"damage_taken":0.0},{"damage_healed":0.0,"max_hp_gain":0.0,"max_hp_loss":0.0,"gold_gain":0.0,"cards_transformed":["Strike_R","Strike_R"],"event_name":"Drug Dealer","player_choice":"Became Test Subject","floor":22.0,"gold_loss":0.0,"damage_taken":0.0,"cards_obtained":["Pommel Strike","Sword Boomerang"]},{"damage_healed":0,"gold_gain":0,"player_choice":"Ignored","damage_taken":0,"max_hp_gain":0,"max_hp_loss":0,"event_name":"Ghosts","floor":31,"gold_loss":0}],"is_beta":false,"boss_relics":[{"not_picked":["Coffee Dripper","Runic Cube"],"picked":"Cursed Key"}],"items_purged_floors":[],"is_endless":false,"potions_floor_spawned":[1,5,13,24,30],"killed_by":"Automaton","ascension_level":16}}