{"host":"xmrw7jl1ir2912vf","time":1611623808,"event":{"mods":["BaseMod","Minty Spire (QoL Compilation)","Relic Stats"],"gold_per_floor":[360,10,10,21,96,96,126,126,126,157,82,92,116,147,147,226,226,226,226],"floor_reached":18,"language":"ENG","playtime":1482,"items_purged":["Strike_R"],"score":343,"play_id":"0e65e3c8-eef9-4483-a0f2-14fce171e2df","local_time":"20210125201648","is_ascension_mode":true,"campfire_choices":[{"data":"Sword Boomerang","floor":6.0,"key":"SMITH"},{"floor":8.0,"key":"REST"},{"data":"Hemokinesis","floor":15.0,"key":"SMITH"}],"circlet_count":0,"master_deck":["AscendersBane","Strike_R","Strike_R","Strike_R","Strike_R","Defend_R","Defend_R","Defend_R","Defend_R","Bash","Sword Boomerang+1","Sword Boomerang","Warcry","Spot Weakness","Hemokinesis+1","Dropkick","Feed","Corruption"],"relics":["Burning Blood","Torii","Dream Catcher","Thread and Needle","Pear","Odd Mushroom","Centennial Puzzle","Busted Crown"],"acts_visited":["Exordium","TheCity"],"potions_floor_usage":[],"damage_taken":[{"damage":14.0,"enemies":"2 Louse","floor":1.0,"turns":3.0},{"damage":1.0,"enemies":"Jaw Worm","floor":4.0,"turns":3.0},{"damage":32.0,"enemies":"Gremlin Nob","floor":7.0,"turns":4.0},{"damage":30.0,"enemies":"Lagavulin","floor":10.0,"turns":6.0},{"damage":3.0,"enemies":"Small Slimes","floor":12.0,"turns":2.0},{"damage":1.0,"enemies":"The Mushroom Lair","floor":13.0,"turns":2.0},{"damage":13.0,"enemies":"3 Sentries","floor":14.0,"turns":7.0},{"damage":32.0,"enemies":"Hexaghost","floor":16.0,"turns":9.0},{"damage":2,"enemies":"3 Byrds","floor":18,"turns":2}],"seed_played":"5458083265826064709","potions_obtained":[{"floor":10.0,"key":"BloodPotion"},{"floor":12.0,"key":"Explosive Potion"},{"floor":13.0,"key":"Fire Potion"}],"is_trial":false,"path_per_floor":["M","$","?","M","?","R","E","R","T","E","$","M","?","E","R","B",null,"M"],"character_chosen":"IRONCLAD","items_purchased":["Torii","Sword Boomerang"],"campfire_rested":1,"item_purchase_floors":[2,2],"current_hp_per_floor":[60,60,60,65,54,54,28,48,48,34,34,37,42,35,35,9,61,59,59],"gold":226,"neow_bonus":"TWO_FIFTY_GOLD","is_daily":false,"chose_seed":false,"campfire_upgraded":2,"win_rate":0.0,"timestamp":1611623808,"path_taken":["M","$","?","M","?","R","E","R","T","E","?","M","?","E","R","BOSS","M"],"items_purchased_type":["Relic","Card"],"build_version":"2020-12-22","purchased_purges":1,"victory":false,"max_hp_per_floor":[68,68,68,68,68,68,68,68,68,78,78,78,78,78,78,78,78,78,78],"relic_stats":{"Dream Catcher":1,"Centennial Puzzle":[6],"Busted Crown":0,"Torii":23,"counters":[9,38],"obtain_stats":[{"Dream Catcher":7,"Centennial Puzzle":14,"Pear":10,"Busted Crown":17,"Torii":2,"Thread and Needle":9,"Odd Mushroom":13,"Burning Blood":0},{"Dream Catcher":3,"Centennial Puzzle":7,"Pear":4,"Busted Crown":8,"Torii":1,"Thread and Needle":3,"Odd Mushroom":6,"Burning Blood":0},{"Dream Catcher":10,"Centennial Puzzle":27,"Pear":16,"Busted Crown":36,"Torii":3,"Thread and Needle":10,"Odd Mushroom":20,"Burning Blood":0}],"Burning Blood":48},"card_choices":[{"not_picked":["True Grit","Perfected Strike"],"picked":"Sword Boomerang","floor":1.0},{"not_picked":["Body Slam","Dual Wield"],"picked":"Warcry","floor":4.0},{"not_picked":["Sentinel","Flex"],"picked":"Spot Weakness","floor":7.0},{"not_picked":["Flex","Perfected Strike"],"picked":"Hemokinesis","floor":8.0},{"not_picked":["Burning Pact","Rampage"],"picked":"Dropkick","floor":10.0},{"not_picked":["Inflame","Warcry"],"picked":"Feed","floor":12.0},{"not_picked":["Flex","Armaments","Dark Embrace"],"picked":"SKIP","floor":14.0},{"not_picked":["Fiend Fire","Juggernaut"],"picked":"Corruption","floor":16.0}],"player_experience":464213,"relics_obtained":[{"floor":7.0,"key":"Dream Catcher"},{"floor":9.0,"key":"Thread and Needle"},{"floor":10.0,"key":"Pear"},{"floor":13.0,"key":"Odd Mushroom"},{"floor":14.0,"key":"Centennial Puzzle"}],"event_choices":[{"damage_healed":0.0,"max_hp_gain":0.0,"max_hp_loss":0.0,"gold_gain":0.0,"event_name":"Liars Game","player_choice":"Ignored","floor":3.0,"gold_loss":0.0,"damage_taken":0.0},{"damage_healed":0.0,"max_hp_gain":0.0,"max_hp_loss":0.0,"gold_gain":75.0,"event_name":"World of Goop","player_choice":"Gather Gold","floor":5.0,"gold_loss":0.0,"damage_taken":11.0},{"damage_healed":0.0,"max_hp_gain":0.0,"max_hp_loss":0.0,"gold_gain":0.0,"event_name":"Mushrooms","player_choice":"Fought Mushrooms","floor":13.0,"gold_loss":0.0,"damage_taken":0.0}],"is_beta":false,"boss_relics":[{"not_picked":["Empty Cage","Velvet Choker"],"picked":"Busted Crown"}],"items_purged_floors":[11],"is_endless":false,"potions_floor_spawned":[10,12,13],"killed_by":"3 Byrds","ascension_level":19}}