{"host":"dvpvhz1t6etneyb3","time":1611673719,"event":{"mods":["AchievementEnabler","BaseMod","Colored Map","Highlight Path","Minty Spire (QoL Compilation)","Permanent Neow","Quick Restart"],"gold_per_floor":[114,127,141,141,160,160,192,192,192,192,192,202,219,244,244,321,321,335,352,369,22,22,22,54,54,54,83,83,83,95,112,112,112,112],"floor_reached":33,"language":"ENG","playtime":1847,"items_purged":[],"score":594,"play_id":"fd60340f-e368-4557-b3a5-f71e5b624ed4","local_time":"20210126100839","is_ascension_mode":true,"campfire_choices":[{"data":"Recycle","floor":6.0,"key":"SMITH"},{"data":"Static Discharge","floor":8.0,"key":"SMITH"},{"data":"Undo","floor":10.0,"key":"SMITH"},{"data":"Fission","floor":15.0,"key":"SMITH"},{"floor":23.0,"key":"REST"},{"floor":25.0,"key":"REST"},{"floor":32,"key":"REST"}],"circlet_count":0,"master_deck":["AscendersBane","Strike_B+1","Strike_B+1","Defend_B+1","Defend_B+1","Defend_B+1","Defend_B+1","Zap","Dualcast","Ball Lightning","Undo+1","Rip and Tear","Recycle+1","Static Discharge+1","Undo","Coolheaded","Fission+1","Rainbow","RitualDagger","Capacitor","Hologram"],"relics":["Cracked Core","Gremlin Horn","Question Card","Mercury Hourglass","Sozu","Thread and Needle","Lantern","HornCleat","Lizard Tail"],"acts_visited":["Exordium","TheCity"],"potions_floor_usage":[31],"damage_taken":[{"damage":4.0,"enemies":"Small Slimes","floor":1.0,"turns":3.0},{"damage":1.0,"enemies":"2 Louse","floor":2.0,"turns":3.0},{"damage":1.0,"enemies":"Cultist","floor":3.0,"turns":3.0},{"damage":1.0,"enemies":"Looter","floor":5.0,"turns":3.0},{"damage":15.0,"enemies":"Lagavulin","floor":7.0,"turns":7.0},{"damage":1.0,"enemies":"3 Louse","floor":12.0,"turns":3.0},{"damage":3.0,"enemies":"Exordium Thugs","floor":13.0,"turns":3.0},{"damage":18.0,"enemies":"3 Sentries","floor":14.0,"turns":6.0},{"damage":2.0,"enemies":"The Guardian","floor":16.0,"turns":11.0},{"damage":19.0,"enemies":"Shell Parasite","floor":18.0,"turns":3.0},{"damage":0.0,"enemies":"Chosen","floor":19.0,"turns":4.0},{"damage":7.0,"enemies":"Centurion and Healer","floor":20.0,"turns":13.0},{"damage":16.0,"enemies":"Slavers","floor":24.0,"turns":4.0},{"damage":20.0,"enemies":"Gremlin Leader","floor":27.0,"turns":7.0},{"damage":12.0,"enemies":"Snake Plant","floor":30.0,"turns":4.0},{"damage":0,"enemies":"Snecko","floor":31,"turns":3},{"damage":80,"enemies":"Collector","floor":33,"turns":10}],"seed_played":"2891413434125119645","potions_obtained":[{"floor":2.0,"key":"FearPotion"},{"floor":5.0,"key":"EssenceOfDarkness"},{"floor":7.0,"key":"Swift Potion"},{"floor":13.0,"key":"AttackPotion"},{"floor":14.0,"key":"FearPotion"}],"is_trial":false,"path_per_floor":["M","M","M","?","M","R","E","R","T","R","?","M","M","E","R","B",null,"M","M","M","$","?","R","E","R","T","E","?","?","M","M","R","B"],"character_chosen":"DEFECT","items_purchased":["Thread and Needle"],"campfire_rested":3,"item_purchase_floors":[21],"current_hp_per_floor":[67,66,65,58,57,57,42,42,42,42,42,41,38,20,20,18,63,44,44,37,37,31,54,38,61,61,41,41,19,7,7,31,0,0],"gold":112,"neow_bonus":"TEN_PERCENT_HP_BONUS","is_daily":false,"chose_seed":false,"campfire_upgraded":4,"win_rate":0.0,"timestamp":1611673719,"path_taken":["M","M","M","?","M","R","E","R","T","R","?","M","M","E","R","BOSS","M","M","M","$","?","R","E","R","T","E","?","?","M","M","R","BOSS"],"items_purchased_type":["Relic"],"build_version":"2020-12-22","purchased_purges":0,"victory":false,"max_hp_per_floor":[78,78,78,78,78,78,78,78,78,78,78,78,78,78,78,78,78,78,78,78,78,78,78,78,78,78,78,78,83,83,83,83,83,83],"card_choices":[{"not_picked":["Cold Snap","Glacier"],"picked":"Ball Lightning","floor":1.0},{"not_picked":["White Noise","Force Field"],"picked":"Undo","floor":2.0},{"not_picked":["Streamline","Darkness"],"picked":"Rip and Tear","floor":3.0},{"not_picked":["Rebound","Steam"],"picked":"Recycle","floor":5.0},{"not_picked":["Gash","Streamline"],"picked":"Static Discharge","floor":7.0},{"not_picked":["Go for the Eyes","Consume","Leap"],"picked":"Undo","floor":12.0},{"not_picked":["Gash","Barrage","Cold Snap"],"picked":"Coolheaded","floor":13.0},{"not_picked":["Go for the Eyes","Redo","Seek"],"picked":"Fission","floor":14.0},{"not_picked":["Meteor Strike","Fission","Amplify"],"picked":"Rainbow","floor":16.0},{"not_picked":["Beam Cell+1","Rip and Tear","Cold Snap","Gash"],"picked":"SKIP","floor":18.0},{"not_picked":["Beam Cell+1","Turbo","Undo","Rebound+1"],"picked":"SKIP","floor":19.0},{"not_picked":["Barrage+1","Redo","Compile Driver","Undo"],"picked":"SKIP","floor":20.0},{"not_picked":["Steam","Tempest","Auto Shields","Lockon"],"picked":"SKIP","floor":24.0},{"not_picked":["Rebound+1","Compile Driver","Cold Snap"],"picked":"Capacitor","floor":27.0},{"not_picked":["Leap","Thunder Strike","Redo+1"],"picked":"Hologram","floor":30.0},{"not_picked":["Cold Snap","Beam Cell","Streamline","Ball Lightning"],"picked":"SKIP","floor":31}],"player_experience":2076046,"relics_obtained":[{"floor":7.0,"key":"Gremlin Horn"},{"floor":9.0,"key":"Question Card"},{"floor":14.0,"key":"Mercury Hourglass"},{"floor":24.0,"key":"Lantern"},{"floor":26.0,"key":"HornCleat"},{"floor":27.0,"key":"Lizard Tail"}],"event_choices":[{"cards_removed":["Strike_B"],"damage_healed":0.0,"max_hp_gain":0.0,"max_hp_loss":0.0,"gold_gain":0.0,"event_name":"Golden Wing","player_choice":"Card Removal","floor":4.0,"gold_loss":0.0,"damage_taken":7.0},{"cards_removed":["Strike_B"],"damage_healed":0.0,"max_hp_gain":0.0,"max_hp_loss":0.0,"gold_gain":0.0,"event_name":"Wheel of Change","player_choice":"Card Removal","floor":11.0,"gold_loss":0.0,"damage_taken":0.0},{"damage_healed":0.0,"max_hp_gain":0.0,"max_hp_loss":0.0,"gold_gain":0.0,"event_name":"Nest","player_choice":"Joined the Cult","floor":22.0,"gold_loss":0.0,"damage_taken":6.0,"cards_obtained":["RitualDagger"]},{"damage_healed":0.0,"max_hp_gain":0.0,"max_hp_loss":0.0,"gold_gain":0.0,"event_name":"Back to Basics","player_choice":"Simplicity","floor":28.0,"gold_loss":0.0,"damage_taken":0.0,"cards_upgraded":["Strike_B","Strike_B","Defend_B","Defend_B","Defend_B","Defend_B"]},{"damage_healed":0.0,"max_hp_gain":5.0,"max_hp_loss":0.0,"gold_gain":0.0,"event_name":"Forgotten Altar","player_choice":"Shed Blood","floor":29.0,"gold_loss":0.0,"damage_taken":27.0}],"is_beta":false,"boss_relics":[{"not_picked":["Runic Pyramid","Coffee Dripper"],"picked":"Sozu"}],"items_purged_floors":[],"is_endless":false,"potions_floor_spawned":[2,5,7,13,14,18,19,24],"killed_by":"Collector","ascension_level":20}}