{"host":"h18ghvg9w8zr1me3","time":1611652875,"event":{"mods":["Act Like it!","BaseMod","Hallownest","Minty Spire (QoL Compilation)","StSLib","The Jungle"],"gold_per_floor":[118,3,3,3,3,32,32,32,32,32,67,79,99,111,111,215,215,229,207,207,223,223,223,223,223],"floor_reached":24,"language":"ZHS","playtime":957,"items_purged":[],"score":312,"play_id":"e3ea7daf-c509-4985-ba97-e6a5cf0aa4eb","local_time":"20210126172115","is_ascension_mode":true,"campfire_choices":[{"floor":7,"key":"REST"},{"data":"Defragment","floor":15,"key":"SMITH"},{"data":"Hallownest:skillLeafShield","floor":23,"key":"SMITH"}],"circlet_count":0,"master_deck":["Strike_B","Strike_B","Strike_B","Strike_B","Zap","Dualcast","Conserve Battery","Hallownest:skillLeafShield+1","Hallownest:skillLeafShield","Hallownest:skillLeafShield","Hallownest:skillLeafShield","Hallownest:skillLeafShield","Sweeping Beam","Ball Lightning","Darkness","BootSequence","Defragment+1","Amplify","Glacier+1","Conserve Battery","Cold Snap"],"relics":["Cracked Core","NeowsBlessing","Odd Mushroom","Darkstone Periapt","Bag of Preparation","Tiny Chest","MealTicket","Happy Flower","Nuclear Battery"],"acts_visited":["Hallownest:Greenpath","Hallownest:Greenpath"],"potions_floor_usage":[16,16,24],"damage_taken":[{"damage":0,"enemies":"Hallownest:2_Baldur","floor":1,"turns":1},{"damage":0,"enemies":"Hallownest:eliteCrystalGuardian","floor":6,"turns":1},{"damage":0,"enemies":"Hallownest:eliteMossKnight","floor":11,"turns":1},{"damage":0,"enemies":"Hallownest:2_MossCreeps","floor":12,"turns":3},{"damage":2,"enemies":"Hallownest:2_Tiktiks_and_1_Crawlid","floor":13,"turns":3},{"damage":0,"enemies":"Hallownest:2_Tiktiks_1_Baldur_1_Crawlid","floor":14,"turns":3},{"damage":3,"enemies":"Hallownest:BossBrokenVessel","floor":16,"turns":6},{"damage":15,"enemies":"theJungle:Flameango_and_Byrd","floor":18,"turns":4},{"damage":4,"enemies":"theJungle:MUSHROOMGANG","floor":21,"turns":4},{"damage":32,"enemies":"theJungle:Cassacara","floor":24,"turns":6}],"seed_played":"-1649382028932948271","potions_obtained":[{"floor":6,"key":"Ancient Potion"},{"floor":11,"key":"SneckoOil"},{"floor":14,"key":"AttackPotion"},{"floor":16,"key":"BlessingOfTheForge"}],"is_trial":false,"path_per_floor":["M","?","$","?","?","E","R","T","T","$","E","M","M","M","R","B",null,"M","$","?","M","?","R","E"],"character_chosen":"DEFECT","items_purchased":["Conserve Battery"],"campfire_rested":1,"item_purchase_floors":[19],"current_hp_per_floor":[75,75,75,75,21,21,43,43,43,58,58,58,56,56,56,53,75,60,75,75,71,71,71,39,39],"gold":223,"neow_bonus":"THREE_ENEMY_KILL","is_daily":false,"chose_seed":false,"campfire_upgraded":2,"win_rate":0.0,"timestamp":1611652875,"path_taken":["M","?","$","?","?","E","R","?","T","$","E","M","M","M","R","BOSS","M","$","?","M","?","R","E"],"items_purchased_type":["Card"],"build_version":"2020-12-22","purchased_purges":0,"victory":false,"max_hp_per_floor":[75,75,75,75,75,75,75,75,75,75,75,75,75,75,75,75,75,75,75,75,75,75,75,75,75],"card_choices":[{"not_picked":["Hello World","Aggregate"],"picked":"Conserve Battery","floor":1},{"not_picked":["Ball Lightning","Beam Cell"],"picked":"Sweeping Beam","floor":6},{"not_picked":["Scrape","Meteor Strike"],"picked":"Ball Lightning","floor":11},{"not_picked":["Compile Driver","Leap"],"picked":"Darkness","floor":12},{"not_picked":["Conserve Battery","Leap"],"picked":"BootSequence","floor":13},{"not_picked":["Hologram","Tempest"],"picked":"Defragment","floor":14},{"not_picked":["Meteor Strike","Buffer"],"picked":"Amplify","floor":16},{"not_picked":["Rip and Tear","Steam"],"picked":"Glacier+1","floor":18},{"not_picked":["Aggregate","Streamline+1"],"picked":"Cold Snap","floor":21}],"player_experience":78757,"relics_obtained":[{"floor":6,"key":"Tiny Chest"},{"floor":8,"key":"MealTicket"},{"floor":11,"key":"Happy Flower"}],"event_choices":[],"is_beta":false,"boss_relics":[{"not_picked":["Tiny House","Velvet Choker"],"picked":"Nuclear Battery"}],"items_purged_floors":[],"is_endless":false,"potions_floor_spawned":[6,11,14,16],"killed_by":"theJungle:Cassacara","ascension_level":3}}