{"host":"zybdh2ue20qfjbiz","time":1611620571,"event":{"mods":["AchievementEnabler","BaseMod","Better Altar","Better Skull","BetterRewards","Friendly Minions","Kiyohime（清?）","Koishi","Lobotomy","LobotomyExtend","Marisa（霧雨　魔理沙）","Minty Spire (QoL Compilation)","Remilia（蕾米莉?）","StSLib"],"gold_per_floor":[110,125,135,146,162,191,191,223,223,254,254,285,299,299,299,371,371,390,390,144,144,162,197,228,271,332,357,398,421,233,266,266,340,340,360,385,385,405,420,451,462,495,495,510,539,550,17,45,45,45,45,45,45,45,78,78],"floor_reached":57,"language":"ENG","playtime":2028,"items_purged":["Koishi:BasicStrike","Koishi:BasicDefend","Koishi:BasicStrike","Koishi:BasicStrike","Koishi:BasicDefend","Koishi:Provoke+1","Koishi:IdleWhim"],"score":3697,"play_id":"7d0a27a8-74e2-4054-8894-5e7c3951719e","local_time":"20210126032251","is_ascension_mode":true,"campfire_choices":[{"data":"Koishi:HeartAttack","floor":15,"key":"SMITH"},{"data":"Koishi:GeneticsOfTheUnconscious","floor":32,"key":"SMITH"},{"floor":49,"key":"RECALL"},{"data":"Koishi:HeartAttack","floor":53,"key":"SMITH"}],"circlet_count":0,"master_deck":["AscendersBane","Koishi:Whimsy","Koishi:GeneticsOfTheUnconscious","Koishi:GeneticsOfTheUnconscious","Koishi:HeartAttack+1","Master of Strategy","Koishi:PhilosophyOfTheDespised+1","Koishi:ReflexRadar","Koishi:ConditionedTeleport","Koishi:RorschachInDanmaku","Koishi:HeartAttack+1","Koishi:GeneticsOfTheUnconscious+1","Koishi:ReflexRadar","Koishi:ReflexRadar+1","Koishi:SprinkleStarAndHeart","Koishi:Heartbroken"],"relics":["Koishi:ImaginaryFriend","Orrery","Mango","Singing Bowl","LetterFromLob","Nunchaku","Pen Nib","PreservedInsect","Gremlin Horn","Koishi:BloodstainedWhiteRose","Black Star","MutagenicStrength","MealTicket","MawBank","Oddly Smooth Stone","Lantern","War Paint","Blood Vial","Strawberry","Koishi:ImperfectMetamorphosis","The Courier","CaptainsWheel","Boot","Ginger","Koishi:AHoleWhereASisterShouldBe","Eternal Feather","Du-Vu Doll","Bottled Flame","Koishi:TeethAndClaws","Medical Kit","TungstenRod","Prayer Wheel","Kunai","Bag of Marbles","Art of War"],"acts_visited":["Exordium","TheCity","TheBeyond","TheEnding"],"potions_floor_usage":[4,56],"damage_taken":[{"damage":0,"enemies":"2 Louse","floor":1,"turns":1},{"damage":7,"enemies":"Jaw Worm","floor":2,"turns":2},{"damage":0,"enemies":"Small Slimes","floor":3,"turns":1},{"damage":0,"enemies":"Exordium Wildlife","floor":4,"turns":1},{"damage":0,"enemies":"2 Fungi Beasts","floor":5,"turns":2},{"damage":0,"enemies":"Lagavulin","floor":6,"turns":2},{"damage":0,"enemies":"Gremlin Nob","floor":8,"turns":1},{"damage":0,"enemies":"Lagavulin","floor":10,"turns":3},{"damage":0,"enemies":"Gremlin Nob","floor":12,"turns":2},{"damage":0,"enemies":"Gremlin Gang","floor":13,"turns":2},{"damage":0,"enemies":"Slime Boss","floor":16,"turns":2},{"damage":0,"enemies":"2 Thieves","floor":18,"turns":2},{"damage":0,"enemies":"3 Byrds","floor":22,"turns":2},{"damage":0,"enemies":"Book of Stabbing","floor":23,"turns":1},{"damage":0,"enemies":"Cultist and Chosen","floor":24,"turns":2},{"damage":0,"enemies":"Slavers","floor":25,"turns":1},{"damage":0,"enemies":"Snake Plant","floor":27,"turns":1},{"damage":0,"enemies":"Book of Stabbing","floor":28,"turns":1},{"damage":0,"enemies":"Centurion and Healer","floor":29,"turns":1},{"damage":0,"enemies":"Gremlin Leader","floor":31,"turns":1},{"damage":0,"enemies":"Champ","floor":33,"turns":1},{"damage":0,"enemies":"3 Darklings","floor":35,"turns":2},{"damage":0,"enemies":"Mind Bloom Boss Battle","floor":36,"turns":1},{"damage":0,"enemies":"Orb Walker","floor":38,"turns":1},{"damage":8,"enemies":"Sphere and 2 Shapes","floor":39,"turns":1},{"damage":0,"enemies":"Reptomancer","floor":40,"turns":1},{"damage":0,"enemies":"4 Shapes","floor":41,"turns":1},{"damage":0,"enemies":"Giant Head","floor":42,"turns":2},{"damage":0,"enemies":"3 Darklings","floor":44,"turns":1},{"damage":0,"enemies":"Reptomancer","floor":45,"turns":1},{"damage":0,"enemies":"Jaw Worm Horde","floor":46,"turns":1},{"damage":0,"enemies":"Giant Head","floor":48,"turns":1},{"damage":0,"enemies":"Donu and Deca","floor":50,"turns":2},{"damage":0,"enemies":"Shield and Spear","floor":55,"turns":1},{"damage":0,"enemies":"The Heart","floor":56,"turns":3}],"seed_played":"-729341403328682981","potions_obtained":[{"floor":2,"key":"FearPotion"},{"floor":4,"key":"Fruit Juice"},{"floor":6,"key":"DuplicationPotion"},{"floor":18,"key":"DistilledChaos"},{"floor":46,"key":"LiquidMemories"}],"is_trial":false,"path_per_floor":["M","M","M","M","M","E","?","E","T","E","?","E","M","?","R","B",null,"M","?","$","?","M","E","M","E","T","M","E","M","$","E","R","B",null,"M","?","?","M","M","E","M","E","T","M","E","M","$","E","R","B",null,null,"R","$","E","B",null],"character_chosen":"KOISHI","items_purchased":["Orrery","Koishi:HeartAttack","Mango","Singing Bowl","Master of Strategy","Koishi:PhilosophyOfTheDespised","Koishi:GeneticsOfTheUnconscious","Medical Kit","TungstenRod"],"campfire_rested":0,"item_purchase_floors":[0,0,0,0,0,0,20,47,47],"current_hp_per_floor":[32,26,28,36,40,41,41,44,44,46,28,28,34,27,27,33,77,81,81,81,43,49,55,59,62,62,69,83,90,105,111,111,113,113,115,117,111,118,113,120,125,127,127,129,131,133,133,135,135,135,135,135,135,135,135,135],"gold":78,"neow_bonus":"","is_daily":false,"chose_seed":false,"campfire_upgraded":3,"win_rate":0.0,"timestamp":1611620571,"path_taken":["M","M","M","M","M","E","?","E","T","E","?","E","?","?","R","BOSS","M","?","$","?","M","E","M","E","T","?","E","?","$","E","R","BOSS","M","?","?","M","M","E","M","E","T","M","E","M","$","E","R","BOSS","R","$","E","BOSS"],"items_purchased_type":["Relic","Card","Relic","Relic","Card","Card","Card","Relic","Relic"],"build_version":"2020-12-22","purchased_purges":7,"victory":true,"max_hp_per_floor":[73,73,75,82,84,84,84,86,86,88,88,88,90,90,90,92,92,92,92,92,92,94,96,96,96,96,98,107,109,109,111,111,113,113,115,117,117,119,121,123,125,127,127,129,131,133,133,135,135,135,135,135,135,135,135,135],"card_choices":[{"not_picked":["Koishi:SubterraneanRose","Koishi:CatchAndRose"],"picked":"Koishi:Whimsy","floor":0},{"not_picked":["Koishi:Prune","Koishi:SubconsciousSweep"],"picked":"Koishi:GeneticsOfTheUnconscious","floor":0},{"not_picked":["Koishi:SubconsciousSweep","Koishi:IdleWhim"],"picked":"Koishi:GeneticsOfTheUnconscious","floor":0},{"not_picked":["Koishi:Possession","Koishi:SpiritedAway","Koishi:StingingMind"],"picked":"Singing Bowl","floor":1},{"not_picked":["Koishi:SubconsciousSweep","Koishi:YoukaiPolygraph"],"picked":"Koishi:ReflexRadar","floor":2},{"not_picked":["Koishi:Vanish","Koishi:SpiritedAway","Koishi:YoukaiPolygraph"],"picked":"Singing Bowl","floor":3},{"not_picked":["Koishi:SpiritedAway","Koishi:MassHysteria","Koishi:StrangeCloudFist"],"picked":"Singing Bowl","floor":4},{"not_picked":["Koishi:TremblingHands","Koishi:SubconsciousSweep","Koishi:HeartAttack"],"picked":"Singing Bowl","floor":5},{"not_picked":["Koishi:DanmakuParanoia","Koishi:Possession"],"picked":"Koishi:ConditionedTeleport","floor":6},{"not_picked":["Koishi:YoukaiPolygraph","Koishi:JumpScare","Koishi:SilentAndRestless"],"picked":"Singing Bowl","floor":8},{"not_picked":["Koishi:JumpScare","Koishi:Vanish","Koishi:SubconsciousSweep"],"picked":"Singing Bowl","floor":10},{"not_picked":["Koishi:Untouchable","Koishi:LastRemote"],"picked":"Koishi:RorschachInDanmaku","floor":12},{"not_picked":["Koishi:BloodcurdlingScream","Koishi:MassHysteria","Koishi:UnconsciousUprising"],"picked":"Singing Bowl","floor":13},{"not_picked":["Koishi:RoseHell","Koishi:GrowingPain","Koishi:ImGoingToCallYouNow"],"picked":"Singing Bowl","floor":16},{"not_picked":["Koishi:Jaunt","Koishi:SprinkleStarAndHeart"],"picked":"Koishi:HeartAttack","floor":18},{"not_picked":["Koishi:SubterraneanRose","Koishi:Untouchable","Koishi:Bloodlust"],"picked":"Singing Bowl","floor":22},{"not_picked":["Koishi:UnconsciousUprising","Koishi:SpiritedAway","Koishi:TraumaticStroke"],"picked":"Singing Bowl","floor":23},{"not_picked":["Koishi:SubterraneanRose","Koishi:CatchAndRose"],"picked":"Koishi:ReflexRadar","floor":24},{"not_picked":["Koishi:VengefulSpirit","Koishi:Whimsy"],"picked":"Koishi:ReflexRadar+1","floor":25},{"not_picked":["Koishi:StingingMind+1","Koishi:StrangeCloudFist+1","Koishi:RacingHeart"],"picked":"Singing Bowl","floor":27},{"not_picked":["Koishi:PhantomBarrier","Koishi:Catatonia+1","Koishi:PhilosophyOfTheDespised"],"picked":"Singing Bowl","floor":28},{"not_picked":["Koishi:ReflexRadar+1","Koishi:MentalBreakdown","Koishi:SpiritedAway"],"picked":"Singing Bowl","floor":29},{"not_picked":["Koishi:ReleaseOfTheId","Koishi:UnconsciousUprising","Koishi:RoseHell"],"picked":"Singing Bowl","floor":31},{"not_picked":["Koishi:GrowingPain","Koishi:SuperEgo","Koishi:TerrifyingSpectre"],"picked":"Singing Bowl","floor":33},{"not_picked":["Koishi:VengefulSpirit","Koishi:YoukaiPolygraph","Koishi:BloodcurdlingScream"],"picked":"Singing Bowl","floor":35},{"not_picked":["Koishi:EmbryosDream","Koishi:BloodcurdlingScream","Koishi:Untouchable"],"picked":"Singing Bowl","floor":36},{"not_picked":["Koishi:ReleaseOfTheId","Koishi:ReflexRadar+1","Koishi:ParalyzingFear"],"picked":"Singing Bowl","floor":38},{"not_picked":["Koishi:PhantomBarrier","Koishi:UnansweredLove+1","Koishi:FidgetySnatcher"],"picked":"Singing Bowl","floor":39},{"not_picked":["Koishi:Catatonia","Koishi:GrowingPain","Koishi:LastRemote"],"picked":"Singing Bowl","floor":40},{"not_picked":["Koishi:ParalyzingFear","Koishi:DanmakuParanoia","Koishi:PhantomStrike"],"picked":"Singing Bowl","floor":41},{"not_picked":["Koishi:SubterraneanRose","Koishi:CatchAndRose+1","Koishi:FidgetySnatcher"],"picked":"Singing Bowl","floor":42},{"not_picked":["Koishi:Possession","Koishi:SubterraneanRose","Koishi:HeartfeltFancy"],"picked":"Singing Bowl","floor":44},{"not_picked":["Koishi:StrangeCloudFist","Koishi:SubterraneanRose","Koishi:ParalyzingFear+1"],"picked":"Singing Bowl","floor":45},{"not_picked":["Koishi:FleetingPhantom+1","Koishi:FidgetySnatcher+1","Koishi:DreadfulBlow+1"],"picked":"Singing Bowl","floor":46},{"not_picked":["Koishi:MassHysteria+1","Koishi:ReflexRadar","Koishi:PhantomStrike"],"picked":"Singing Bowl","floor":48},{"not_picked":["Koishi:Prune","Koishi:EmbryosDream"],"picked":"Koishi:Heartbroken","floor":55}],"player_experience":414169,"relics_obtained":[{"floor":1,"key":"LetterFromLob"},{"floor":6,"key":"Nunchaku"},{"floor":8,"key":"Pen Nib"},{"floor":10,"key":"PreservedInsect"},{"floor":12,"key":"Koishi:BloodstainedWhiteRose"},{"floor":23,"key":"MawBank"},{"floor":23,"key":"Oddly Smooth Stone"},{"floor":25,"key":"Lantern"},{"floor":25,"key":"War Paint"},{"floor":26,"key":"Blood Vial"},{"floor":28,"key":"Strawberry"},{"floor":28,"key":"Koishi:ImperfectMetamorphosis"},{"floor":31,"key":"The Courier"},{"floor":36,"key":"CaptainsWheel"},{"floor":40,"key":"Boot"},{"floor":40,"key":"Ginger"},{"floor":42,"key":"Koishi:AHoleWhereASisterShouldBe"},{"floor":42,"key":"Eternal Feather"},{"floor":43,"key":"Du-Vu Doll"},{"floor":45,"key":"Bottled Flame"},{"floor":45,"key":"Koishi:TeethAndClaws"},{"floor":48,"key":"Prayer Wheel"},{"floor":48,"key":"Kunai"},{"floor":55,"key":"Bag of Marbles"},{"floor":55,"key":"Art of War"}],"event_choices":[{"cards_removed":["Koishi:BasicStrike"],"damage_healed":0,"gold_gain":0,"player_choice":"Forget","damage_taken":0,"max_hp_gain":0,"max_hp_loss":0,"event_name":"Living Wall","floor":7,"gold_loss":0},{"damage_healed":0,"gold_gain":0,"player_choice":"Success","damage_taken":18,"relics_obtained":["Gremlin Horn"],"max_hp_gain":0,"max_hp_loss":0,"event_name":"Scrap Ooze","floor":11,"gold_loss":0},{"cards_removed":["Koishi:BasicDefend"],"damage_healed":0,"gold_gain":0,"player_choice":"Card Removal","damage_taken":7,"max_hp_gain":0,"max_hp_loss":0,"event_name":"Golden Wing","floor":14,"gold_loss":0},{"damage_healed":0,"gold_gain":0,"player_choice":"Inject Mutagens","damage_taken":0,"relics_obtained":["MutagenicStrength"],"max_hp_gain":0,"max_hp_loss":0,"event_name":"Drug Dealer","floor":19,"gold_loss":0},{"damage_healed":0,"gold_gain":0,"player_choice":"RE UP ","damage_taken":42,"relics_obtained":["MealTicket"],"max_hp_gain":0,"max_hp_loss":0,"event_name":"betterSkull:BetterSkull","floor":21,"gold_loss":0,"cards_upgraded":["Koishi:PhilosophyOfTheDespised"]},{"damage_healed":0,"gold_gain":0,"player_choice":"Fight","damage_taken":0,"max_hp_gain":0,"max_hp_loss":0,"event_name":"MindBloom","floor":36,"gold_loss":0},{"damage_healed":0,"gold_gain":0,"player_choice":"Bought 0 Potions","damage_taken":0,"max_hp_gain":0,"max_hp_loss":0,"event_name":"The Woman in Blue","floor":37,"gold_loss":0}],"is_beta":false,"boss_relics":[{"not_picked":["Astrolabe","Velvet Choker"],"picked":"Black Star"},{"not_picked":["Philosopher\u0027s Stone","Coffee Dripper","Sozu"]}],"items_purged_floors":[0,0,0,0,20,30,47],"is_endless":false,"potions_floor_spawned":[2,4,5,6,10,13,18,22,25,27,28,31,36,39,42,44,46],"ascension_level":15}}