{"host":"928gv66myv2vlnsd","time":1611671914,"event":{"mods":["BaseMod","Minty Spire (QoL Compilation)","StSLib"],"gold_per_floor":[12,25,25,39,58,91,91,91,91],"floor_reached":8,"language":"ENG","playtime":365,"items_purged":[],"score":113,"play_id":"e0d37fb6-121e-42af-8adb-76b80266d545","local_time":"20210126093834","is_ascension_mode":true,"campfire_choices":[{"floor":7,"key":"REST"}],"circlet_count":0,"master_deck":["AscendersBane","Strike_R","Strike_R","Strike_R","Defend_R","Defend_R","Defend_R","Defend_R","Bash","Entrench+1","Corruption","Clothesline","Cleave","Sword Boomerang","Seeing Red","Warcry"],"relics":["Burning Blood","Potion Belt"],"acts_visited":["Exordium"],"potions_floor_usage":[8,8,8,8],"damage_taken":[{"damage":24,"enemies":"Small Slimes","floor":1,"turns":6},{"damage":4,"enemies":"Cultist","floor":2,"turns":4},{"damage":9,"enemies":"Jaw Worm","floor":4,"turns":4},{"damage":11,"enemies":"2 Fungi Beasts","floor":5,"turns":4},{"damage":42,"enemies":"Gremlin Nob","floor":6,"turns":5},{"damage":55,"enemies":"Lagavulin","floor":8,"turns":10}],"seed_played":"-5374023345189975713","potions_obtained":[{"floor":2,"key":"BloodPotion"},{"floor":4,"key":"EntropicBrew"},{"floor":6,"key":"Weak Potion"}],"is_trial":false,"path_per_floor":["M","M","?","M","M","E","R","E"],"character_chosen":"IRONCLAD","items_purchased":[],"campfire_rested":1,"item_purchase_floors":[],"current_hp_per_floor":[50,52,52,49,44,8,30,0,0],"gold":91,"neow_bonus":"TRANSFORM_TWO_CARDS","is_daily":false,"chose_seed":false,"campfire_upgraded":0,"win_rate":0.0,"timestamp":1611671914,"path_taken":["M","M","?","M","?","E","R","E"],"items_purchased_type":[],"build_version":"2020-12-22","purchased_purges":0,"victory":false,"max_hp_per_floor":[75,75,75,75,75,75,75,75,75],"card_choices":[{"not_picked":["Flex","Rage"],"picked":"Clothesline","floor":1},{"not_picked":["Hemokinesis","Uppercut"],"picked":"Cleave","floor":2},{"not_picked":["Headbutt","Cleave"],"picked":"Sword Boomerang","floor":4},{"not_picked":["Power Through","Dual Wield"],"picked":"Seeing Red","floor":5},{"not_picked":["Heavy Blade","Cleave"],"picked":"Warcry","floor":6}],"player_experience":1336933,"relics_obtained":[{"floor":6,"key":"Potion Belt"}],"event_choices":[{"damage_healed":0,"gold_gain":0,"player_choice":"Upgraded","damage_taken":0,"max_hp_gain":0,"max_hp_loss":0,"event_name":"Upgrade Shrine","floor":3,"gold_loss":0,"cards_upgraded":["Entrench"]}],"is_beta":false,"boss_relics":[],"items_purged_floors":[],"is_endless":false,"potions_floor_spawned":[2,4,6],"killed_by":"Lagavulin","ascension_level":19}}