{"host":"cbnfbo28eyz4xcn1","time":1611623356,"event":{"mods":["BaseMod","Colored Map","Colored Powertips","Infinite Spire","Minty Spire (QoL Compilation)","Replay The Spire","StSLib"],"gold_per_floor":[109,119,119,137,105,132,132,142,142,170,170,170,170,190,190,200,200],"floor_reached":16,"language":"ENG","playtime":706,"items_purged":[],"score":182,"play_id":"45201e54-f915-408a-95c9-0c6c695558ca","local_time":"20210126020916","is_ascension_mode":true,"campfire_choices":[{"floor":7.0,"key":"REST"},{"floor":13.0,"key":"REST"},{"data":"Dagger Spray","floor":13.0,"key":"SMITH"},{"data":"Slice","floor":15.0,"key":"SMITH"}],"circlet_count":0,"master_deck":["AscendersBane","Strike_G","Strike_G","Strike_G","Strike_G","Strike_G","Defend_G","Defend_G","Defend_G","Defend_G","Defend_G","Survivor","Neutralize","Deflect+1","Dagger Throw","Slice+1","Quick Slash","Dagger Spray+1","Blade Dance","PiercingWail"],"relics":["PreservedInsect","infinitespire:Magic Flask","infinitespire:Midas Blood","Replay:Bottled Snecko","Sizzling Blood"],"acts_visited":["Exordium"],"potions_floor_usage":[],"damage_taken":[{"damage":14.0,"enemies":"Small Slimes","floor":1.0,"turns":5.0},{"damage":2.0,"enemies":"Jaw Worm","floor":2.0,"turns":5.0},{"damage":0.0,"enemies":"Cultist","floor":4.0,"turns":4.0},{"damage":14.0,"enemies":"Lagavulin","floor":6.0,"turns":7.0},{"damage":11.0,"enemies":"Looter","floor":8.0,"turns":3.0},{"damage":8.0,"enemies":"Gremlin Nob","floor":10.0,"turns":3.0},{"damage":0.0,"enemies":"Large Slime","floor":14.0,"turns":5.0},{"damage":68,"enemies":"Slime Boss","floor":16,"turns":9}],"seed_played":"4558216457104256513","potions_obtained":[{"floor":1.0,"key":"LifebloodPotion"}],"is_trial":false,"path_per_floor":["M","M","?","M","?","E","R","M","T","E","?","?","R","M","R","B"],"character_chosen":"THE_SILENT","items_purchased":[],"campfire_rested":2,"item_purchase_floors":[],"current_hp_per_floor":[49,47,47,47,47,33,54,43,43,35,39,39,61,65,65,0,0],"gold":200,"neow_bonus":"RANDOM_COMMON_RELIC","is_daily":false,"chose_seed":false,"campfire_upgraded":2,"win_rate":0.0,"timestamp":1611623356,"path_taken":["M","M","?","M","?","E","R","M","T","E","?","?","R","M","R","BOSS"],"items_purchased_type":[],"build_version":"2020-12-22","purchased_purges":0,"victory":false,"max_hp_per_floor":[70,70,70,70,70,70,70,70,70,70,74,74,74,74,74,74,74],"card_choices":[{"not_picked":["Bane","Leg Sweep"],"picked":"Deflect","floor":1.0},{"not_picked":["Terror","Underhanded Strike"],"picked":"Dagger Throw","floor":2.0},{"not_picked":["Deflect","Crippling Poison"],"picked":"Slice","floor":4.0},{"not_picked":["Dagger Throw","Finisher"],"picked":"Quick Slash","floor":6.0},{"not_picked":["Concentrate","Quick Slash"],"picked":"Dagger Spray","floor":8.0},{"not_picked":["Endless Agony","Riddle With Holes"],"picked":"Blade Dance","floor":10.0},{"not_picked":["Tools of the Trade","Escape Plan"],"picked":"PiercingWail","floor":14.0}],"player_experience":497225,"relics_obtained":[{"floor":6.0,"key":"infinitespire:Magic Flask"},{"floor":9.0,"key":"infinitespire:Midas Blood"},{"floor":10.0,"key":"Replay:Bottled Snecko"}],"event_choices":[{"damage_healed":0.0,"max_hp_gain":0.0,"max_hp_loss":0.0,"gold_gain":0.0,"event_name":"Living Wall","player_choice":"Grow","floor":3.0,"gold_loss":0.0,"damage_taken":0.0,"cards_upgraded":["Deflect"]},{"damage_healed":0.0,"max_hp_gain":0.0,"max_hp_loss":0.0,"gold_gain":0.0,"event_name":"World of Goop","player_choice":"Left Gold","floor":5.0,"gold_loss":32.0,"damage_taken":0.0}],"is_beta":false,"boss_relics":[],"items_purged_floors":[],"is_endless":false,"potions_floor_spawned":[1],"killed_by":"Slime Boss","ascension_level":13}}