{"host":"cq2iqt18u9swspes","time":1611691841,"event":{"mods":["AchievementEnabler","BaseMod","BetterRewards","Colored Map","Downfall","Minty Spire (QoL Compilation)","StSLib","The Cursed"],"gold_per_floor":[99,115,115,135,147,160,185,204,218,218,249,249,261,261,278,373,423,423,438,458,558,570,585,585,585,600,600,600,600],"floor_reached":27,"language":"ENG","playtime":2125,"items_purged":[],"score":221,"play_id":"4c6cc46c-048f-40b1-84b8-3e8df4e8fee6","local_time":"20210126211041","is_ascension_mode":false,"campfire_choices":[{"floor":1,"key":"REST"},{"floor":18,"key":"DIG"}],"circlet_count":0,"master_deck":["bronze:Strike+1","bronze:Strike+1","bronze:Strike","bronze:Defend","bronze:Defend+1","bronze:Defend","bronze:Defend+1","bronze:Replicate+1","bronze:Goto+1","bronze:Repair","bronze:Turbo","bronze:ChosenStrike","bronze:Philosophize","bronze:Branch","bronze:DelayedSlice","downfall:Malfunctioning","bronze:ForLoop","bronze:ClassDefault","bronze:Turbo","bronze:Virus","bronze:Repair","bronze:FineTuning","bronze:ChosenStrike","bronze:DonuBeam","bronze:Branch","bronze:Repair","bronze:HyperBeam","bronze:Invalidate+1"],"relics":["bronze:BronzeCore","Whetstone","Nunchaku","Shovel","Tiny House","Toy Ornithopter","Gremlin Horn"],"acts_visited":["Exordium","TheCity"],"potions_floor_usage":[16,16,20,23,27,27],"damage_taken":[{"damage":0,"enemies":"2 Louse","floor":2,"turns":4},{"damage":4,"enemies":"Cultist","floor":4,"turns":5},{"damage":5,"enemies":"Jaw Worm","floor":5,"turns":5},{"damage":5,"enemies":"Exordium Wildlife","floor":6,"turns":5},{"damage":13,"enemies":"Lots of Slimes","floor":8,"turns":5},{"damage":1,"enemies":"Exordium Wildlife","floor":9,"turns":3},{"damage":14,"enemies":"Gremlin Nob","floor":11,"turns":3},{"damage":0,"enemies":"Blue Slaver","floor":13,"turns":3},{"damage":0,"enemies":"3 Louse","floor":15,"turns":2},{"damage":64,"enemies":"SI_SHIV_ARCHETYPE","floor":16,"turns":6},{"damage":26,"enemies":"Shell Parasite","floor":19,"turns":6},{"damage":0,"enemies":"Chosen","floor":20,"turns":3},{"damage":20,"enemies":"Chosen","floor":21,"turns":4},{"damage":36,"enemies":"Centurion and Healer","floor":22,"turns":4},{"damage":27,"enemies":"3 Cultists","floor":23,"turns":6},{"damage":34,"enemies":"Cultist and Chosen","floor":26,"turns":5},{"damage":55,"enemies":"Slavers","floor":27,"turns":3}],"seed_played":"-2161434270386527948","potions_obtained":[{"floor":2,"key":"GamblersBrew"},{"floor":4,"key":"SteroidPotion"},{"floor":13,"key":"EssenceOfSteel"},{"floor":17,"key":"hexamod:SoulburnPotion"},{"floor":21,"key":"Swift Potion"},{"floor":23,"key":"Strength Potion"}],"is_trial":false,"path_per_floor":["R","M","?","M","M","M","T","M","M","?","E","T","M","?","M","B",null,"R","M","M","?","M","M","T","?","M","E"],"character_chosen":"THE_AUTOMATON","items_purchased":[],"campfire_rested":1,"item_purchase_floors":[],"current_hp_per_floor":[77,77,77,73,72,73,73,67,73,73,63,63,70,70,70,13,82,82,66,78,65,43,42,42,42,38,0,0,0],"gold":600,"neow_bonus":"TEN_PERCENT_HP_BONUS","is_daily":false,"chose_seed":false,"campfire_upgraded":0,"win_rate":0.0,"timestamp":1611691841,"path_taken":["R","M","?","M","M","?","T","M","M","?","E","?","M","?","M","BOSS","R","M","M","?","M","M","T","?","M","E"],"items_purchased_type":[],"build_version":"2020-12-22","purchased_purges":0,"victory":false,"max_hp_per_floor":[77,77,77,77,77,77,77,77,77,77,77,77,77,77,77,77,82,82,82,82,82,82,82,82,82,82,82,82,82],"card_choices":[{"not_picked":["bronze:DelayedGuard","bronze:Philosophize"],"picked":"bronze:Repair","floor":2},{"not_picked":["bronze:BuggyMess","bronze:Shield"],"picked":"bronze:Turbo","floor":4},{"not_picked":["bronze:Turbo","bronze:WildBeam"],"picked":"bronze:ChosenStrike","floor":5},{"not_picked":["bronze:Shell","bronze:Return"],"picked":"bronze:Philosophize","floor":6},{"not_picked":["bronze:Repulsor","bronze:Allocate"],"picked":"bronze:Branch","floor":8},{"not_picked":["bronze:Turbo","bronze:Overload"],"picked":"bronze:DelayedSlice","floor":9},{"not_picked":["bronze:RecursiveStrike","bronze:Invalidate"],"picked":"bronze:ForLoop","floor":11},{"not_picked":["bronze:ForLoop","bronze:FineTuning"],"picked":"bronze:ClassDefault","floor":13},{"not_picked":["bronze:Fortify","bronze:Shield"],"picked":"bronze:Turbo","floor":15},{"not_picked":["bronze:CleanCode","bronze:RecursiveStrike"],"picked":"bronze:Virus","floor":16},{"not_picked":["bronze:FineTuning","bronze:Turbo"],"picked":"bronze:Repair","floor":17},{"not_picked":["bronze:FollowUp","bronze:Backtrace+1"],"picked":"bronze:FineTuning","floor":19},{"not_picked":["bronze:CutThrough+1","bronze:Repair"],"picked":"bronze:ChosenStrike","floor":20},{"not_picked":[],"picked":"bronze:DonuBeam","floor":21},{"not_picked":["bronze:BuggyMess","bronze:WildBeam"],"picked":"bronze:Branch","floor":21},{"not_picked":["bronze:BitShift","bronze:BugBarrage+1"],"picked":"bronze:Repair","floor":22},{"not_picked":["bronze:Frontload+1","bronze:Overheat"],"picked":"bronze:HyperBeam","floor":23},{"not_picked":["bronze:DarkDash","bronze:CutThrough"],"picked":"bronze:Invalidate+1","floor":26}],"player_experience":61281,"relics_obtained":[{"floor":7,"key":"Whetstone"},{"floor":11,"key":"Nunchaku"},{"floor":12,"key":"Shovel"},{"floor":18,"key":"Toy Ornithopter"},{"floor":24,"key":"Gremlin Horn"}],"event_choices":[{"damage_healed":0,"gold_gain":0,"player_choice":"Ignored","damage_taken":0,"max_hp_gain":0,"max_hp_loss":0,"event_name":"NoteForYourself","floor":3,"gold_loss":0},{"cards_removed":["bronze:Strike"],"damage_healed":0,"gold_gain":0,"player_choice":"Card Removal","damage_taken":0,"max_hp_gain":0,"max_hp_loss":0,"event_name":"The Cleric","floor":14,"gold_loss":0}],"is_beta":false,"boss_relics":[{"not_picked":["Snecko Eye","Philosopher\u0027s Stone"],"picked":"Tiny House"}],"items_purged_floors":[],"is_endless":false,"potions_floor_spawned":[2,4,13,15,21,23],"killed_by":"Slavers","ascension_level":0}}