{"host":"srk2drlvga69hbot","time":1611647669,"event":{"mods":["BaseMod","Bestiary","Block Reminder","Colored Map","Colored Powertips","Dark Map","DeckTracker","Downfall","Highlight Path","Minty Spire (QoL Compilation)","Quick Restart","Rare Cards Sparkle","Relic Stats","StSLib","SuperFastMode","Unceasing Turn Reminder"],"gold_per_floor":[111,127,127,127,127,127,147,147,147,147,159,170,202,212,212,283,283,294,313,313,228,153,153,163,163,231,281,312,312,329,357,357,435,435,446,446,463,463,480,513,513,513,538,538,538,92,127,147,147,147],"floor_reached":51,"language":"ZHS","playtime":1583,"items_purged":["Strike_R","Defend_R"],"score":1408,"play_id":"9a36697e-4ad3-4199-8699-c00c3365fae7","local_time":"20210126155429","is_ascension_mode":true,"campfire_choices":[{"data":"Searing Blow+1","floor":6.0,"key":"SMITH"},{"data":"Searing Blow+2","floor":8.0,"key":"SMITH"},{"data":"Searing Blow+3","floor":10.0,"key":"SMITH"},{"data":"Searing Blow+4","floor":15.0,"key":"SMITH"},{"data":"Searing Blow+5","floor":23.0,"key":"SMITH"},{"data":"Searing Blow+6","floor":25.0,"key":"SMITH"},{"data":"Searing Blow+7","floor":29.0,"key":"SMITH"},{"data":"Searing Blow+8","floor":32.0,"key":"SMITH"},{"data":"Searing Blow+9","floor":41,"key":"SMITH"},{"data":"Searing Blow+10","floor":44,"key":"SMITH"},{"data":"Searing Blow+11","floor":49,"key":"SMITH"}],"circlet_count":0,"master_deck":["AscendersBane","Defend_R","Defend_R+1","Bash","Body Slam","Searing Blow+12","Armaments+1","Second Wind","Corruption","CurseOfTheBell","Sentinel","Necronomicurse","Reaper+1","True Grit+1","Rampage+1","Combust+1","Searing Blow+11","Fire Breathing+1","Sentinel+1"],"relics":["Burning Blood","Red Skull","HornCleat","Singing Bowl","Calling Bell","Bronze Scales","Meat on the Bone","Gambling Chip","Necronomicon","Happy Flower","Frozen Egg 2","Bottled Flame","Molten Egg 2","Astrolabe","Anchor","Bag of Preparation","Ice Cream","War Paint"],"acts_visited":["Exordium","TheCity","TheBeyond"],"potions_floor_usage":[39,39,39,39],"damage_taken":[{"damage":0.0,"enemies":"2 Louse","floor":1.0,"turns":3.0},{"damage":0.0,"enemies":"Small Slimes","floor":2.0,"turns":3.0},{"damage":1.0,"enemies":"Cultist","floor":7.0,"turns":3.0},{"damage":16.0,"enemies":"Lots of Slimes","floor":11.0,"turns":5.0},{"damage":17.0,"enemies":"Exordium Thugs","floor":12.0,"turns":4.0},{"damage":5.0,"enemies":"Gremlin Nob","floor":13.0,"turns":4.0},{"damage":10.0,"enemies":"3 Louse","floor":14.0,"turns":4.0},{"damage":33.0,"enemies":"Slime Boss","floor":16.0,"turns":5.0},{"damage":8.0,"enemies":"Shell Parasite","floor":18.0,"turns":4.0},{"damage":10.0,"enemies":"Spheric Guardian","floor":19.0,"turns":4.0},{"damage":4.0,"enemies":"Centurion and Healer","floor":24.0,"turns":3.0},{"damage":29.0,"enemies":"Slavers","floor":28.0,"turns":6.0},{"damage":0.0,"enemies":"Cultist and Chosen","floor":30.0,"turns":4.0},{"damage":0.0,"enemies":"Gremlin Leader","floor":31.0,"turns":1.0},{"damage":19.0,"enemies":"Champ","floor":33.0,"turns":6.0},{"damage":4,"enemies":"3 Shapes","floor":35,"turns":5},{"damage":19,"enemies":"3 Darklings","floor":37,"turns":7},{"damage":87,"enemies":"Transient","floor":39,"turns":5},{"damage":3,"enemies":"Giant Head","floor":40,"turns":4},{"damage":0,"enemies":"Nemesis","floor":47,"turns":1},{"damage":0,"enemies":"Jaw Worm Horde","floor":48,"turns":3},{"damage":18,"enemies":"Donu and Deca","floor":50,"turns":4}],"seed_played":"9052430533432117409","potions_obtained":[{"floor":1.0,"key":"HeartOfIron"},{"floor":2.0,"key":"FearPotion"},{"floor":5.0,"key":"BloodPotion"},{"floor":16.0,"key":"EntropicBrew"},{"floor":40,"key":"Weak Potion"},{"floor":47,"key":"FairyPotion"},{"floor":48,"key":"DuplicationPotion"}],"is_trial":false,"path_per_floor":["M","M","?","?","?","R","M","R","T","R","M","M","E","M","R","B",null,"M","M","?","?","$","R","M","R","T","?","E","R","M","E","R","B",null,"M","?","M","?","M","E","R","?","T","R","?","$","E","M","R","B",null],"character_chosen":"IRONCLAD","items_purchased":["Fire Breathing+1","Ice Cream"],"campfire_rested":0,"item_purchase_floors":[46,46],"current_hp_per_floor":[78,80,80,73,73,73,78,78,78,78,68,57,60,58,58,47,75,75,71,55,55,55,55,59,59,59,59,50,50,58,66,66,65,87,96,92,91,91,54,71,71,71,71,71,71,71,77,93,93,91],"gold":147,"neow_bonus":"RANDOM_COMMON_RELIC","is_daily":false,"chose_seed":false,"campfire_upgraded":11,"win_rate":0.0,"timestamp":1611647669,"path_taken":["M","M","?","?","?","R","M","R","T","R","M","?","E","?","R","BOSS","M","M","?","?","$","R","M","R","T","?","E","R","?","E","R","BOSS","M","?","M","?","?","E","R","?","T","R","?","$","E","M","R","BOSS"],"items_purchased_type":["Card","Relic"],"build_version":"2020-12-22","purchased_purges":2,"victory":true,"max_hp_per_floor":[80,80,80,80,80,80,80,80,80,80,80,80,82,84,84,84,84,86,86,86,86,86,86,88,88,88,88,90,90,92,94,94,94,94,96,102,104,104,106,108,108,108,108,108,108,108,108,110,110,110],"relic_stats":{"Singing Bowl":30,"Happy Flower":[16],"counters":[22,88],"Bronze Scales":[108],"Gambling Chip":[53],"Astrolabe":["True Grit","Rampage","Combust"],"Necronomicon":[33],"Bag of Preparation":[6],"War Paint":["Armaments","Defend_R"],"obtain_stats":[{"Ice Cream":46,"Singing Bowl":13,"Happy Flower":21,"Astrolabe":34,"Bag of Preparation":43,"Frozen Egg 2":26,"War Paint":47,"Burning Blood":0,"Calling Bell":17,"Bottled Flame":28,"Anchor":40,"HornCleat":9,"Bronze Scales":17,"Gambling Chip":17,"Molten Egg 2":31,"Necronomicon":20,"Red Skull":0,"Meat on the Bone":17},{"Ice Cream":19,"Singing Bowl":6,"Happy Flower":10,"Astrolabe":15,"Bag of Preparation":19,"Frozen Egg 2":11,"War Paint":20,"Burning Blood":0,"Calling Bell":8,"Bottled Flame":12,"Anchor":19,"HornCleat":3,"Bronze Scales":8,"Gambling Chip":8,"Molten Egg 2":14,"Necronomicon":10,"Red Skull":0,"Meat on the Bone":8},{"Ice Cream":80,"Singing Bowl":22,"Happy Flower":39,"Astrolabe":59,"Bag of Preparation":80,"Frozen Egg 2":42,"War Paint":81,"Burning Blood":0,"Calling Bell":31,"Bottled Flame":48,"Anchor":80,"HornCleat":9,"Bronze Scales":31,"Gambling Chip":31,"Molten Egg 2":53,"Necronomicon":39,"Red Skull":0,"Meat on the Bone":31}],"Burning Blood":126,"Meat on the Bone":48},"card_choices":[{"not_picked":["Spot Weakness","Perfected Strike"],"picked":"Body Slam","floor":1.0},{"not_picked":["Dark Embrace","Clash"],"picked":"Searing Blow","floor":2.0},{"not_picked":["Inflame","Rage"],"picked":"Armaments","floor":7.0},{"not_picked":["Cleave","Disarm","True Grit"],"picked":"SKIP","floor":11.0},{"not_picked":["Exhume","Warcry"],"picked":"Second Wind","floor":12.0},{"not_picked":["Armaments","Body Slam","Cleave"],"picked":"Singing Bowl","floor":13.0},{"not_picked":["Sword Boomerang","Warcry","Seeing Red"],"picked":"Singing Bowl","floor":14.0},{"not_picked":["Offering","Limit Break"],"picked":"Corruption","floor":16.0},{"not_picked":["Metallicize+1","True Grit","Perfected Strike"],"picked":"Singing Bowl","floor":18.0},{"not_picked":["Anger","Whirlwind"],"picked":"Sentinel","floor":19.0},{"not_picked":["Havoc+1","Body Slam","Cleave"],"picked":"Singing Bowl","floor":24.0},{"not_picked":["Iron Wave+1","Body Slam","Double Tap"],"picked":"Singing Bowl","floor":28.0},{"not_picked":["Iron Wave+1","Body Slam","Flex"],"picked":"Singing Bowl","floor":30.0},{"not_picked":["Perfected Strike+1","Anger+1","Flex"],"picked":"Singing Bowl","floor":31.0},{"not_picked":["Juggernaut+1","Brutality+1"],"picked":"Reaper+1","floor":33.0},{"not_picked":["Cleave+1","Twin Strike+1","Perfected Strike+1"],"picked":"Singing Bowl","floor":35},{"not_picked":["Trip","Impatience","Madness"],"picked":"Singing Bowl","floor":36},{"not_picked":["Dramatic Entrance+1","Deep Breath","Blind"],"picked":"Singing Bowl","floor":36},{"not_picked":["Swift Strike+1","HandOfGreed+1","Bandage Up"],"picked":"Singing Bowl","floor":36},{"not_picked":["Flex+1","Clash+1","Hemokinesis+1"],"picked":"Singing Bowl","floor":37},{"not_picked":["Sword Boomerang+1","Thunderclap+1","Iron Wave+1"],"picked":"Singing Bowl","floor":39},{"not_picked":["Bloodletting","Warcry+1","Offering"],"picked":"Singing Bowl","floor":40},{"not_picked":["Flex","Anger+1"],"picked":"Sentinel+1","floor":47},{"not_picked":["Flame Barrier","Shrug It Off","Clash+1"],"picked":"Singing Bowl","floor":48}],"player_experience":287289,"relics_obtained":[{"floor":9.0,"key":"HornCleat"},{"floor":13.0,"key":"Singing Bowl"},{"floor":17.0,"key":"Bronze Scales"},{"floor":17.0,"key":"Meat on the Bone"},{"floor":17.0,"key":"Gambling Chip"},{"floor":20.0,"key":"Necronomicon"},{"floor":26.0,"key":"Frozen Egg 2"},{"floor":28.0,"key":"Bottled Flame"},{"floor":31.0,"key":"Molten Egg 2"},{"floor":40,"key":"Anchor"},{"floor":43,"key":"Bag of Preparation"},{"floor":47,"key":"War Paint"}],"event_choices":[{"damage_healed":0.0,"max_hp_gain":0.0,"max_hp_loss":0.0,"gold_gain":0.0,"event_name":"Living Wall","player_choice":"Grow","floor":3.0,"gold_loss":0.0,"damage_taken":0.0,"cards_upgraded":["Searing Blow"]},{"cards_removed":["Strike_R"],"damage_healed":0.0,"max_hp_gain":0.0,"max_hp_loss":0.0,"gold_gain":0.0,"event_name":"Golden Wing","player_choice":"Card Removal","floor":4.0,"gold_loss":0.0,"damage_taken":7.0},{"damage_healed":0.0,"max_hp_gain":0.0,"max_hp_loss":0.0,"gold_gain":0.0,"event_name":"Lab","player_choice":"Got Potions","floor":5.0,"gold_loss":0.0,"damage_taken":0.0},{"damage_healed":0.0,"max_hp_gain":0.0,"max_hp_loss":0.0,"gold_gain":0.0,"event_name":"Cursed Tome","player_choice":"Obtained Book","floor":20.0,"gold_loss":0.0,"damage_taken":16.0},{"damage_healed":0.0,"max_hp_gain":0.0,"max_hp_loss":0.0,"gold_gain":0.0,"event_name":"Addict","player_choice":"Obtained Relic","floor":21.0,"gold_loss":85.0,"damage_taken":0.0,"relics_obtained":["Happy Flower"]},{"damage_healed":0.0,"max_hp_gain":0.0,"max_hp_loss":0.0,"gold_gain":100.0,"event_name":"The Joust","player_choice":"Bet on Murderer","floor":27.0,"gold_loss":50.0,"damage_taken":0.0},{"damage_healed":0,"gold_gain":0,"player_choice":"Memory 3","damage_taken":10,"max_hp_gain":0,"max_hp_loss":0,"event_name":"SensoryStone","floor":36,"gold_loss":0},{"damage_healed":0,"gold_gain":0,"player_choice":"Ignored","damage_taken":0,"max_hp_gain":0,"max_hp_loss":0,"event_name":"Tomb of Lord Red Mask","floor":38,"gold_loss":0},{"cards_removed":["Defend_R"],"damage_healed":0,"gold_gain":0,"player_choice":"Removed Skill","damage_taken":0,"max_hp_gain":0,"max_hp_loss":0,"event_name":"Falling","floor":42,"gold_loss":0},{"damage_healed":0,"gold_gain":0,"player_choice":"Copied","damage_taken":0,"max_hp_gain":0,"max_hp_loss":0,"event_name":"Duplicator","floor":45,"gold_loss":0,"cards_obtained":["Searing Blow"]}],"is_beta":false,"boss_relics":[{"not_picked":["SacredBark","Runic Pyramid"],"picked":"Calling Bell"},{"not_picked":["Runic Dome","Fusion Hammer"],"picked":"Astrolabe"}],"items_purged_floors":[22,46],"is_endless":false,"potions_floor_spawned":[1,2,11,14,16,28,31,40,47,48],"ascension_level":13}}