{"host":"xervbyl8oukkrn1w","time":1611703610,"event":{"mods":["BaseMod","Downfall","Hubris","Infinite Spire","Mad Scientist","Minty Spire (QoL Compilation)","Quick Restart","READ ME - Guardian Mod","Reliquary","Replay The Spire","Shade Mod","StSLib","The Blackbeard","The Cursed","The Elementalist","The Jungle","The Necromancer","The Runesmith"],"gold_per_floor":[114,127,127,145,145,161,196,196,221,240,258,275,306,320,320,425,425,440,440,440,440,456,456,491,491,545,578,607,607,617,653,653,797,797,869,943,943,943,547,547,612,612,612,662,662,662,662,718,718,718],"floor_reached":51,"language":"ENG","playtime":4171,"items_purged":["Pain","Hallucinations"],"score":1079,"play_id":"4d73a96f-2c5e-4dc9-9183-633b931b8628","local_time":"20210126232650","is_ascension_mode":false,"campfire_choices":[{"floor":15,"key":"REST"},{"data":"blackbeard:Parrot","floor":23,"key":"SMITH"},{"data":"blackbeard:Rum","floor":25,"key":"SMITH"},{"floor":32,"key":"DIG"},{"floor":40,"key":"REST"},{"data":"blackbeard:BrownPants","floor":42,"key":"SMITH"},{"data":"blackbeard:Rum","floor":45,"key":"SMITH"}],"circlet_count":0,"master_deck":["blackbeard:BlackbeardStrike","blackbeard:BlackbeardStrike","blackbeard:BlackbeardStrike","blackbeard:BlackbeardStrike","blackbeard:IntimidatingStrike","blackbeard:BlackbeardDefend","blackbeard:BlackbeardDefend","blackbeard:BlackbeardDefend","blackbeard:BlackbeardDefend","blackbeard:Cutlass","Negative_Energy_Arrows","champ:Taunt","blackbeard:CloakAndCannonball+1","blackbeard:CannonBarrage","blackbeard:HumongousCannonball","blackbeard:Spear","blackbeard:WiseDefense+1","blackbeard:Rum+1","blackbeard:Dagger","blackbeard:Rum+1","blackbeard:PowderKeg","blackbeard:Parrot+1","blackbeard:FishingNets","blackbeard:PowderKeg+1","blackbeard:PiratesWill+1","blackbeard:TerrorOfTheSeas","blackbeard:Dagger+1","blackbeard:Dagger+1","blackbeard:BrownPants+1","blackbeard:RemoveScurvy+1","blackbeard:CaptainsHat+1","blackbeard:PiratesWill+1","blackbeard:CatONineTails+1","blackbeard:BrownPants+1","blackbeard:RemoveScurvy+1","blackbeard:CannonBarrage+1","blackbeard:GoldenCannonball+1","blackbeard:BrownPants+1","Trip+1","Apotheosis+1","Blind+1","blackbeard:Dagger+1"],"relics":["blackbeard:LoadTheCannons","infinitespire:CursedDice","elementalistmod:BlueRibbon","Simple Rune","WarpedTongs","ReplayTheSpireMod:TigerMarble","Incense Burner","Philosopher\u0027s Stone","blackbeard:LoadTheGoldenCannons","Ancient Tea Set","ReplayTheSpireMod:Ring of Collecting","ReplayTheSpireMod:Ring of Sloth","infinitespire:PuzzleCube","Ring of Fury","Replay:Baseball","Pocketwatch","ReplayTheSpireMod:Ring of Addiction","Art of War","hubris:EmptyBottle","White Beast Statue","Golden Egg","infinitespire:EvilPickle","reliquary:WritOfMandamus","Toxic Egg 2","reliquary:PrincelyHelmet","Letter Opener","Ring of Panic","hubris:Towel"],"acts_visited":["Exordium","TheCity","TheBeyond"],"potions_floor_usage":[7,12,13,16,18,27,28,28,30,30,31,31,33,33,33,33,41,41,44,44,44,50,50,50,50,50,50],"damage_taken":[{"damage":2,"enemies":"2 Louse","floor":1,"turns":3},{"damage":0,"enemies":"Cultist","floor":2,"turns":3},{"damage":0,"enemies":"Small Slimes","floor":4,"turns":3},{"damage":9,"enemies":"Gremlin Gang","floor":6,"turns":3},{"damage":15,"enemies":"Gremlin Nob","floor":7,"turns":4},{"damage":6,"enemies":"Blue Slaver","floor":10,"turns":2},{"damage":8,"enemies":"2 Fungi Beasts","floor":11,"turns":2},{"damage":0,"enemies":"Exordium Wildlife","floor":12,"turns":3},{"damage":6,"enemies":"3 Sentries","floor":13,"turns":4},{"damage":3,"enemies":"3 Louse","floor":14,"turns":3},{"damage":11,"enemies":"Fading Forest","floor":16,"turns":11},{"damage":7,"enemies":"3 Byrds","floor":18,"turns":5},{"damage":11,"enemies":"2 Thieves","floor":22,"turns":2},{"damage":9,"enemies":"Replay:Snechameleon","floor":24,"turns":3},{"damage":18,"enemies":"Centurion and Healer","floor":27,"turns":3},{"damage":12,"enemies":"Gremlin Leader","floor":28,"turns":2},{"damage":0,"enemies":"Snake Plant","floor":30,"turns":1},{"damage":6,"enemies":"Sentry and Sphere","floor":31,"turns":4},{"damage":12,"enemies":"Pondfish","floor":33,"turns":8},{"damage":32,"enemies":"3 Darklings","floor":35,"turns":5},{"damage":15,"enemies":"3 Shapes","floor":36,"turns":2},{"damage":4,"enemies":"Giant Head","floor":41,"turns":5},{"damage":0,"enemies":"Spire Growth","floor":44,"turns":2},{"damage":0,"enemies":"Jaw Worm Horde","floor":48,"turns":2},{"damage":102,"enemies":"infinitespire:MassOfShapes","floor":50,"turns":8}],"seed_played":"2657909213478496173","potions_obtained":[{"floor":4,"key":"hexamod:SoulburnPotion"},{"floor":6,"key":"Weak Potion"},{"floor":7,"key":"DuplicationPotion"},{"floor":11,"key":"SteroidPotion"},{"floor":12,"key":"FearPotion"},{"floor":13,"key":"Weak Potion"},{"floor":18,"key":"Death Potion"},{"floor":24,"key":"PowerPotion"},{"floor":28,"key":"Venom Potion"},{"floor":29,"key":"champ:CounterPotion"},{"floor":29,"key":"DuplicationPotion"},{"floor":31,"key":"Explosive Potion"},{"floor":33,"key":"Ancient Potion"},{"floor":35,"key":"CultistPotion"},{"floor":36,"key":"AttackPotion"},{"floor":41,"key":"Fire Potion"},{"floor":44,"key":"Strength Potion"},{"floor":48,"key":"ColorlessPotion"}],"is_trial":false,"path_per_floor":["M","M","?","M","?","M","E","?","T","M","M","M","E","M","R","B",null,"M","AVR","?","?","M","R","E","R","T","M","E","T","M","M","R","B",null,"M","M","?","?","$","R","E","R","T","M","R","?","?","M","R","B",null],"character_chosen":"BLACKBEARD_CLASS","items_purchased":["Toxic Egg 2","blackbeard:BrownPants"],"campfire_rested":2,"item_purchase_floors":[39,39],"current_hp_per_floor":[73,73,73,73,73,64,49,49,49,43,35,35,29,26,48,42,75,68,68,68,68,57,57,48,48,48,30,18,18,18,12,12,13,75,43,36,36,36,36,57,69,69,69,69,69,59,59,59,69,25],"gold":718,"neow_bonus":"ONE_RARE_RELIC","is_daily":false,"chose_seed":false,"campfire_upgraded":4,"win_rate":0.0,"timestamp":1611703610,"path_taken":["M","M","?","?","?","M","E","?","T","M","M","?","E","M","R","BOSS","M","AVR","?","?","M","R","E","R","T","M","E","?","M","M","R","BOSS","M","M","?","?","$","R","E","R","T","?","R","?","?","M","R","BOSS"],"items_purchased_type":["Relic","Card"],"build_version":"2020-12-22","purchased_purges":2,"victory":true,"max_hp_per_floor":[75,75,75,75,75,75,75,75,75,75,75,75,75,75,75,75,75,75,75,75,75,75,75,75,75,75,75,75,75,75,75,75,75,75,75,75,73,73,73,71,71,71,71,71,71,71,71,69,69,69],"card_choices":[{"not_picked":["blackbeard:SmithingHammer","blackbeard:Sharpening"],"picked":"blackbeard:CloakAndCannonball","floor":1},{"not_picked":["blackbeard:GoldenStrike","blackbeard:TacticalRetreat"],"picked":"blackbeard:CannonBarrage","floor":2},{"not_picked":["blackbeard:GoldenDefense","blackbeard:FishingNets"],"picked":"blackbeard:HumongousCannonball","floor":4},{"not_picked":["blackbeard:Sharpening","blackbeard:WoodenLeg"],"picked":"blackbeard:Spear","floor":6},{"not_picked":["blackbeard:CannonBarrage","blackbeard:Fencing"],"picked":"blackbeard:WiseDefense","floor":7},{"not_picked":["blackbeard:ArmorUp","blackbeard:SmithingHammer"],"picked":"blackbeard:DoubleCannonball","floor":10},{"not_picked":["blackbeard:GoldenStrike","blackbeard:DeadlyArsenal"],"picked":"blackbeard:Rum","floor":11},{"not_picked":["blackbeard:Bandana","blackbeard:Toast"],"picked":"blackbeard:Dagger","floor":12},{"not_picked":["blackbeard:DelayedPain","blackbeard:Shrapnel","blackbeard:VengefulSpirit"],"picked":"SKIP","floor":13},{"not_picked":["blackbeard:Spear","blackbeard:CannonballSupply"],"picked":"blackbeard:Rum","floor":14},{"not_picked":["blackbeard:BoostMorale","blackbeard:FinalBarrage"],"picked":"blackbeard:Parrot","floor":16},{"not_picked":["blackbeard:BlindAttacks","blackbeard:DeadlyArsenal"],"picked":"blackbeard:FishingNets","floor":18},{"not_picked":["blackbeard:CaptainsCabin+1","blackbeard:Shrapnel"],"picked":"blackbeard:PowderKeg+1","floor":22},{"not_picked":["blackbeard:PirateHook","blackbeard:WiseDefense+1"],"picked":"blackbeard:TerrorOfTheSeas","floor":24},{"not_picked":["blackbeard:AgileStrike","blackbeard:Dagger","blackbeard:PiratesWill"],"picked":"SKIP","floor":27},{"not_picked":["blackbeard:SwordDance+1","blackbeard:VengefulSpirit"],"picked":"blackbeard:Dagger+1","floor":28},{"not_picked":["blackbeard:Scrap","blackbeard:Spear"],"picked":"blackbeard:Dagger+1","floor":30},{"not_picked":["blackbeard:Toast","blackbeard:Provisioning"],"picked":"blackbeard:BrownPants","floor":31},{"not_picked":["blackbeard:Salvager","blackbeard:GoldenRain"],"picked":"blackbeard:CaptainsHat","floor":33},{"not_picked":["blackbeard:BeatUp","blackbeard:Spear"],"picked":"blackbeard:PiratesWill+1","floor":35},{"not_picked":["blackbeard:WeaponProficiency+1","blackbeard:Sharpening+1"],"picked":"blackbeard:CatONineTails+1","floor":36},{"not_picked":["blackbeard:BeatUp+1","blackbeard:RearmingStrike"],"picked":"blackbeard:CannonBarrage+1","floor":41},{"not_picked":["blackbeard:WiseDefense+1","blackbeard:Sharpening+1","blackbeard:TerrorOfTheSeas+1"],"picked":"SKIP","floor":44},{"not_picked":["Violence+1","Flash of Steel"],"picked":"Trip+1","floor":46},{"not_picked":["Survey Options+1","hubris:Insight+1"],"picked":"Apotheosis+1","floor":46},{"not_picked":["Replay:Sssssssssshield+1","Survey Options+1"],"picked":"Blind+1","floor":46},{"not_picked":["blackbeard:TacticalRetreat+1","blackbeard:GoldenStrike+1"],"picked":"blackbeard:Dagger+1","floor":48}],"player_experience":118244,"relics_obtained":[{"floor":7,"key":"Simple Rune"},{"floor":9,"key":"ReplayTheSpireMod:TigerMarble"},{"floor":13,"key":"Incense Burner"},{"floor":20,"key":"ReplayTheSpireMod:Ring of Collecting"},{"floor":20,"key":"ReplayTheSpireMod:Ring of Sloth"},{"floor":24,"key":"infinitespire:PuzzleCube"},{"floor":26,"key":"Ring of Fury"},{"floor":26,"key":"Replay:Baseball"},{"floor":28,"key":"Pocketwatch"},{"floor":29,"key":"ReplayTheSpireMod:Ring of Addiction"},{"floor":29,"key":"Art of War"},{"floor":29,"key":"hubris:EmptyBottle"},{"floor":29,"key":"White Beast Statue"},{"floor":32,"key":"Golden Egg"},{"floor":41,"key":"reliquary:PrincelyHelmet"},{"floor":43,"key":"Letter Opener"},{"floor":43,"key":"Ring of Panic"}],"event_choices":[{"damage_healed":0,"gold_gain":0,"player_choice":"Upgraded","damage_taken":0,"max_hp_gain":0,"max_hp_loss":0,"event_name":"Upgrade Shrine","floor":3,"gold_loss":0,"cards_upgraded":["blackbeard:CloakAndCannonball"]},{"damage_healed":0,"gold_gain":0,"player_choice":"Rummage","damage_taken":0,"relics_obtained":["WarpedTongs"],"max_hp_gain":0,"max_hp_loss":0,"event_name":"Accursed Blacksmith","floor":8,"gold_loss":0,"cards_obtained":["Pain"]},{"damage_healed":0,"gold_gain":0,"player_choice":"Simplicity","damage_taken":0,"max_hp_gain":0,"max_hp_loss":0,"event_name":"Back to Basics","floor":21,"gold_loss":0,"cards_upgraded":["blackbeard:BlackbeardStrike","blackbeard:BlackbeardStrike","blackbeard:BlackbeardStrike","blackbeard:BlackbeardStrike","blackbeard:BlackbeardDefend","blackbeard:BlackbeardDefend","blackbeard:BlackbeardDefend","blackbeard:BlackbeardDefend"]},{"cards_removed":["blackbeard:DoubleCannonball"],"damage_healed":0,"gold_gain":0,"player_choice":"Removed Attack","damage_taken":0,"max_hp_gain":0,"max_hp_loss":0,"event_name":"Falling","floor":37,"gold_loss":0},{"damage_healed":0,"gold_gain":0,"player_choice":"Ignored","damage_taken":0,"max_hp_gain":0,"max_hp_loss":0,"event_name":"NoteForYourself","floor":38,"gold_loss":0},{"damage_healed":0,"gold_gain":0,"player_choice":"Memory 3","damage_taken":10,"max_hp_gain":0,"max_hp_loss":0,"event_name":"SensoryStone","floor":46,"gold_loss":0}],"is_beta":false,"boss_relics":[{"not_picked":["Fusion Hammer","infinitespire:Cupcake"],"picked":"Philosopher\u0027s Stone"},{"not_picked":["hubris:TerracottaHorce","Snecko Eye"],"picked":"reliquary:WritOfMandamus"}],"items_purged_floors":[19,39],"is_endless":false,"potions_floor_spawned":[4,6,7,11,12,13,18,24,28,30,31,33,35,36,41,44,48],"ascension_level":0}}