{"host":"qbvxbacgnxuisbbe","time":1611691446,"event":{"mods":["Alarm Clock","BaseMod","Humility","Minty Spire (QoL Compilation)","StSLib"],"gold_per_floor":[117,117,127,127,137,137,412,426,478,511,511,14,46,64,64,142,442,459,14,32,32,49,49,49],"floor_reached":23,"language":"ENG","playtime":933,"items_purged":["Regret","Strike_P"],"score":402,"play_id":"ec6210fc-9c0c-4087-a6cb-e025cc00f33d","local_time":"20210126200406","is_ascension_mode":true,"campfire_choices":[{"data":"Eruption","floor":6.0,"key":"SMITH"},{"data":"WaveOfTheHand","floor":11.0,"key":"SMITH"},{"data":"SandsOfTime","floor":15.0,"key":"SMITH"}],"circlet_count":0,"master_deck":["AscendersBane","Strike_P","Strike_P","Defend_P","Defend_P","Defend_P","Defend_P","Eruption+1","Vigilance","ReachHeaven","SandsOfTime+1","WaveOfTheHand+1","Vengeance","CutThroughFate","BowlingBash","Master of Strategy","Tantrum","Perseverance","CutThroughFate","Swivel","CurseOfTheBell","Master of Strategy","WheelKick+1"],"relics":["Black Star","Blood Vial","Tiny Chest","FossilizedHelix","Calipers","Bottled Flame","Calling Bell","Damaru","Yang","Old Coin","Lee\u0027s Waffle"],"acts_visited":["Exordium","TheCity"],"potions_floor_usage":[],"damage_taken":[{"damage":7.0,"enemies":"Small Slimes","floor":1.0,"turns":3.0},{"damage":0.0,"enemies":"Cultist","floor":3.0,"turns":2.0},{"damage":6.0,"enemies":"Jaw Worm","floor":5.0,"turns":3.0},{"damage":3.0,"enemies":"Large Slime","floor":8.0,"turns":2.0},{"damage":29.0,"enemies":"Lagavulin","floor":10.0,"turns":5.0},{"damage":38.0,"enemies":"3 Sentries","floor":13.0,"turns":7.0},{"damage":2.0,"enemies":"Lots of Slimes","floor":14.0,"turns":3.0},{"damage":2.0,"enemies":"Slime Boss","floor":16.0,"turns":7.0},{"damage":23.0,"enemies":"Shell Parasite","floor":18.0,"turns":6.0},{"damage":37.0,"enemies":"2 Thieves","floor":20.0,"turns":3.0},{"damage":0.0,"enemies":"Cultist and Chosen","floor":22.0,"turns":4.0},{"damage":42,"enemies":"Slavers","floor":23,"turns":2}],"seed_played":"-1429512405523891675","potions_obtained":[{"floor":5.0,"key":"BottledMiracle"},{"floor":8.0,"key":"FairyPotion"},{"floor":13.0,"key":"PowerPotion"}],"is_trial":false,"path_per_floor":["M","?","M","?","M","R","?","M","T","E","R","$","E","M","R","B",null,"M","$","M","$","M","E"],"character_chosen":"WATCHER","items_purchased":["Master of Strategy","Tantrum","Perseverance","CutThroughFate","Lee\u0027s Waffle","Master of Strategy"],"campfire_rested":0,"item_purchase_floors":[12,12,12,12,19,19],"current_hp_per_floor":[54,54,54,59,53,53,53,50,50,23,23,23,15,15,15,15,59,38,80,43,43,45,5,5],"gold":49,"neow_bonus":"BOSS_RELIC","is_daily":false,"chose_seed":false,"campfire_upgraded":3,"win_rate":0.0,"timestamp":1611691446,"path_taken":["M","?","?","?","M","R","?","M","T","E","R","$","E","M","R","BOSS","M","$","M","?","M","E"],"items_purchased_type":["Card","Card","Card","Card","Relic","Card"],"build_version":"2020-12-22","purchased_purges":2,"victory":false,"max_hp_per_floor":[68,68,68,73,73,73,73,73,73,73,73,73,73,73,73,73,73,73,80,80,80,80,80,80],"card_choices":[{"not_picked":["FlyingSleeves","FlurryOfBlows"],"picked":"ReachHeaven","floor":1.0},{"not_picked":["FlyingSleeves","PathToVictory"],"picked":"WaveOfTheHand","floor":3.0},{"not_picked":["FlurryOfBlows","Crescendo"],"picked":"Vengeance","floor":5.0},{"not_picked":["CarveReality","Nirvana"],"picked":"CutThroughFate","floor":8.0},{"not_picked":["WreathOfFlame","Nirvana"],"picked":"BowlingBash","floor":10.0},{"not_picked":["CrushJoints","SandsOfTime"],"picked":"Swivel","floor":13.0},{"not_picked":["WaveOfTheHand","JustLucky","PathToVictory"],"picked":"SKIP","floor":14.0},{"not_picked":["WindmillStrike","FlyingSleeves","EmptyBody"],"picked":"SKIP","floor":18.0},{"not_picked":["ThirdEye","EmptyMind"],"picked":"WheelKick+1","floor":20.0},{"not_picked":["WaveOfTheHand","FollowUp","Blasphemy"],"picked":"SKIP","floor":22.0}],"player_experience":139040,"relics_obtained":[{"floor":9.0,"key":"Blood Vial"},{"floor":10.0,"key":"Tiny Chest"},{"floor":10.0,"key":"FossilizedHelix"},{"floor":13.0,"key":"Calipers"},{"floor":13.0,"key":"Bottled Flame"},{"floor":17.0,"key":"Damaru"},{"floor":17.0,"key":"Yang"},{"floor":17.0,"key":"Old Coin"}],"event_choices":[{"damage_healed":0.0,"max_hp_gain":0.0,"max_hp_loss":0.0,"gold_gain":0.0,"cards_transformed":["Strike_P"],"event_name":"Transmorgrifier","player_choice":"Transformed","floor":2.0,"gold_loss":0.0,"damage_taken":0.0,"cards_obtained":["SandsOfTime"]},{"damage_healed":0.0,"max_hp_gain":5.0,"max_hp_loss":0.0,"gold_gain":0.0,"event_name":"Big Fish","player_choice":"Donut","floor":4.0,"gold_loss":0.0,"damage_taken":0.0},{"damage_healed":0.0,"max_hp_gain":0.0,"max_hp_loss":0.0,"gold_gain":275.0,"event_name":"Golden Shrine","player_choice":"Desecrate","floor":7.0,"gold_loss":0.0,"damage_taken":0.0,"cards_obtained":["Regret"]}],"is_beta":false,"boss_relics":[{"not_picked":["SacredBark","Snecko Eye"],"picked":"Calling Bell"}],"items_purged_floors":[12,19],"is_endless":false,"potions_floor_spawned":[5,8,13],"killed_by":"Slavers","ascension_level":20,"is_humility":true}}