{"host":"u9h06qdlnp3wgzsw","time":1611650736,"event":{"mods":["Act Like it!","BaseMod","Curses Come First","Downfall","Hallownest","Hermit","Minty Spire (QoL Compilation)","Quick Restart","Rare Cards Sparkle","Replay The Spire","Shop Mod","StSLib","The Disciple","The Hierophant","The Servant 0.9.4"],"gold_per_floor":[115,129,5,5,15,15,49,49,49,65,83,114,130,143,143,245,245,255,273,2,2,2,30,44,54,54,54,104,27,46,64,64,165,165,179,278,289,21,35,60,60,110,180,212,224,224,224],"floor_reached":46,"language":"ENG","playtime":2660,"items_purged":["Delirium"],"score":539,"play_id":"e9c2da15-4160-417a-87b9-1eb3e8edaa65","local_time":"20210126034536","is_ascension_mode":false,"campfire_choices":[{"floor":6,"key":"RECALL"},{"floor":8,"key":"REST"},{"floor":15,"key":"REST"},{"floor":27,"key":"REST"},{"floor":41,"key":"REST"}],"circlet_count":0,"master_deck":["Strike_P","Strike_P","Strike_P","Strike_P","Defend_P","Defend_P","Defend_P","Defend_P","Eruption","Vigilance","Apotheosis+1","ReachHeaven","Replay:LoomingThreat","Protect","DevaForm","Replay:Vibes","Fasting2+1","ReplayUltimateDefense","ReplayTheSpireMod:Private Reserves","LikeWater+1","Fasting2"],"relics":["PureWater","Replay:Bottled Steam","Bottled Lightning","Omamori","Membership Card","Replay:Mystery Machine","MutagenicStrength","Replay:Baseball","Simple Rune","ClockworkSouvenir","Velvet Choker","Durian","Ancient Tea Set","Du-Vu Doll","Eternal Feather"],"acts_visited":["Exordium","TheCity","TheBeyond"],"potions_floor_usage":[7,12,16,18,23,23,23,23,23,23,23,23,24,25,30,39,39,44,45],"damage_taken":[{"damage":6,"enemies":"Jaw Worm","floor":1,"turns":4},{"damage":1,"enemies":"Cultist","floor":2,"turns":5},{"damage":0,"enemies":"Small Slimes","floor":5,"turns":2},{"damage":0,"enemies":"Gremlin Nob","floor":7,"turns":2},{"damage":0,"enemies":"Blue Slaver","floor":10,"turns":3},{"damage":0,"enemies":"2 Fungi Beasts","floor":11,"turns":2},{"damage":1,"enemies":"Replay:BlueRogue","floor":12,"turns":3},{"damage":0,"enemies":"Exordium Thugs","floor":13,"turns":4},{"damage":2,"enemies":"Looter","floor":14,"turns":2},{"damage":16,"enemies":"The Guardian","floor":16,"turns":9},{"damage":7,"enemies":"3 Byrds","floor":18,"turns":5},{"damage":12,"enemies":"2 Thieves","floor":19,"turns":4},{"damage":12,"enemies":"Replay:Snechameleon","floor":23,"turns":6},{"damage":7,"enemies":"Centurion and Healer","floor":24,"turns":5},{"damage":10,"enemies":"3 Cultists","floor":25,"turns":5},{"damage":1,"enemies":"Chosen and Byrds","floor":30,"turns":5},{"damage":0,"enemies":"Centurion and Healer","floor":31,"turns":4},{"damage":33,"enemies":"Automaton","floor":33,"turns":8},{"damage":10,"enemies":"3 Shapes","floor":35,"turns":7},{"damage":10,"enemies":"Orb Walker","floor":37,"turns":4},{"damage":7,"enemies":"Spire Growth","floor":39,"turns":6},{"damage":3,"enemies":"R_Hoarder","floor":40,"turns":8},{"damage":0,"enemies":"Mind Bloom Boss Battle","floor":42,"turns":7},{"damage":40,"enemies":"Giant Head","floor":44,"turns":7},{"damage":15,"enemies":"Writhing Mass","floor":45,"turns":10},{"damage":24,"enemies":"Jaw Worm Horde","floor":46,"turns":3}],"seed_played":"-1119599183890716019","potions_obtained":[{"floor":7,"key":"PowerPotion"},{"floor":12,"key":"hexamod:SoulburnPotion"},{"floor":13,"key":"EntropicBrew"},{"floor":14,"key":"AttackPotion"},{"floor":16,"key":"Fire Potion"},{"floor":24,"key":"champ:CounterPotion"},{"floor":25,"key":"champ:CounterPotion"},{"floor":33,"key":"AttackPotion"},{"floor":37,"key":"Toxic Potion"},{"floor":42,"key":"Death Potion"},{"floor":44,"key":"PowerPotion"}],"is_trial":false,"path_per_floor":["M","M","$","?","M","R","E","R","T","M","M","E","M","M","R","B",null,"M","M","$","?","?","E","M","M","T","R","?","$","M","M","R","B",null,"M","?","M","$","M","E","R","?","T","E","M","M"],"character_chosen":"WATCHER","items_purchased":["Adrenaline Potion","Membership Card","CultistPotion","Replay:Mystery Machine","ClockworkSouvenir","ReplayUltimateDefense","Durian","ReplayTheSpireMod:Private Reserves"],"campfire_rested":4,"item_purchase_floors":[3,20,20,20,29,38,38,38],"current_hp_per_floor":[66,65,65,65,65,65,65,72,72,72,72,71,71,69,72,56,72,65,53,53,72,72,60,53,43,43,64,64,64,63,63,63,30,72,62,62,52,57,50,47,70,70,70,30,15,0,0],"gold":224,"neow_bonus":"RANDOM_COLORLESS_2","is_daily":false,"chose_seed":false,"campfire_upgraded":0,"win_rate":0.0,"timestamp":1611650736,"path_taken":["M","M","$","?","?","R","E","R","T","?","M","E","M","M","R","BOSS","M","M","$","?","?","E","M","M","T","R","?","$","M","M","R","BOSS","M","?","M","$","M","E","R","?","T","E","M","?"],"items_purchased_type":["Potion","Relic","Potion","Relic","Relic","Card","Relic","Card"],"build_version":"2020-12-22","purchased_purges":1,"victory":false,"max_hp_per_floor":[72,72,72,72,72,72,72,72,72,72,72,72,72,72,72,72,72,72,72,72,72,72,72,72,72,72,72,72,72,72,72,72,72,72,72,72,72,77,77,77,77,77,77,77,77,77,77],"card_choices":[{"not_picked":["Secret Weapon","Master of Strategy"],"picked":"Apotheosis","floor":0},{"not_picked":["DeceiveReality","Indignation","Tantrum"],"picked":"SKIP","floor":1},{"not_picked":["BowlingBash","Replay:Vibes","FollowUp"],"picked":"SKIP","floor":2},{"not_picked":["FlyingSleeves","ThirdEye","BowlingBash"],"picked":"SKIP","floor":5},{"not_picked":["Replay:AtTheReady","EmptyBody","Replay:ManipulateFuture"],"picked":"SKIP","floor":7},{"not_picked":["LikeWater","Replay:AtTheReady","Conclude"],"picked":"SKIP","floor":10},{"not_picked":["Adaptation","DeceiveReality","SashWhip"],"picked":"SKIP","floor":11},{"not_picked":["JustLucky","FollowUp"],"picked":"ReachHeaven","floor":12},{"not_picked":["PathToVictory","EmptyMind","Replay:AtTheReady"],"picked":"SKIP","floor":13},{"not_picked":["EmptyMind","EmptyFist","BowlingBash"],"picked":"SKIP","floor":14},{"not_picked":["Omniscience","Blasphemy"],"picked":"Replay:LoomingThreat","floor":16},{"not_picked":["JustLucky+1","Weave+1","EmptyMind+1"],"picked":"SKIP","floor":18},{"not_picked":["EmptyBody","JustLucky","Study"],"picked":"SKIP","floor":19},{"not_picked":["Consecrate","FollowUp","FearNoEvil+1"],"picked":"SKIP","floor":23},{"not_picked":["Sanctity","Prostrate","FlurryOfBlows"],"picked":"SKIP","floor":24},{"not_picked":["FollowUp","Meditate"],"picked":"Protect","floor":25},{"not_picked":["Adaptation","FollowUp","SashWhip"],"picked":"SKIP","floor":30},{"not_picked":["FlurryOfBlows+1","Consecrate","FearNoEvil+1"],"picked":"SKIP","floor":31},{"not_picked":["Judgement","Brilliance"],"picked":"DevaForm","floor":33},{"not_picked":["FollowUp","Consecrate","PathToVictory+1"],"picked":"SKIP","floor":35},{"not_picked":["SashWhip","PathToVictory"],"picked":"Replay:Vibes","floor":36},{"not_picked":["Study","Protect"],"picked":"Fasting2+1","floor":36},{"not_picked":["MasterReality","ClearTheMind","MentalFortress"],"picked":"SKIP","floor":37},{"not_picked":["ClearTheMind","Worship+1","ThirdEye"],"picked":"SKIP","floor":39},{"not_picked":["Adaptation+1","CrushJoints","Replay:Battleflow+1"],"picked":"SKIP","floor":40},{"not_picked":["Replay:AtTheReady+1","WaveOfTheHand"],"picked":"LikeWater+1","floor":42},{"not_picked":["Halt","Replay:AtTheReady","Nirvana+1"],"picked":"SKIP","floor":44},{"not_picked":["BowlingBash","DeceiveReality"],"picked":"Fasting2","floor":45}],"player_experience":898060,"relics_obtained":[{"floor":7,"key":"Replay:Bottled Steam"},{"floor":9,"key":"Bottled Lightning"},{"floor":12,"key":"Omamori"},{"floor":23,"key":"Replay:Baseball"},{"floor":26,"key":"Simple Rune"},{"floor":40,"key":"Ancient Tea Set"},{"floor":42,"key":"Du-Vu Doll"},{"floor":44,"key":"Eternal Feather"}],"event_choices":[{"damage_healed":0,"gold_gain":0,"player_choice":"Forge","damage_taken":0,"max_hp_gain":0,"max_hp_loss":0,"event_name":"Accursed Blacksmith","floor":4,"gold_loss":0,"cards_upgraded":["Apotheosis"]},{"damage_healed":24,"gold_gain":0,"player_choice":"Heal","damage_taken":0,"max_hp_gain":0,"max_hp_loss":0,"event_name":"The Library","floor":21,"gold_loss":0},{"damage_healed":0,"gold_gain":0,"player_choice":"Inject Mutagens","damage_taken":0,"relics_obtained":["MutagenicStrength"],"max_hp_gain":0,"max_hp_loss":0,"event_name":"Drug Dealer","floor":22,"gold_loss":0},{"damage_healed":0,"gold_gain":100,"player_choice":"Bet on Murderer","damage_taken":0,"max_hp_gain":0,"max_hp_loss":0,"event_name":"The Joust","floor":28,"gold_loss":50},{"damage_healed":0,"gold_gain":0,"player_choice":"Ignored","damage_taken":0,"max_hp_gain":0,"max_hp_loss":0,"event_name":"NoteForYourself","floor":32,"gold_loss":0},{"damage_healed":0,"gold_gain":0,"player_choice":"Fight","damage_taken":0,"max_hp_gain":0,"max_hp_loss":0,"event_name":"MindBloom","floor":42,"gold_loss":0}],"is_beta":false,"boss_relics":[{"not_picked":["Runic Pyramid","Replay:Drink Me","Abe\u0027s Treasure"]},{"not_picked":["Sozu","Kintsugi"],"picked":"Velvet Choker"}],"items_purged_floors":[3],"is_endless":false,"potions_floor_spawned":[7,12,13,14,16,24,25,33,37,42,44],"killed_by":"Jaw Worm Horde","ascension_level":0}}