{"host":"l84l8xigz5v5foa2","time":1611656449,"event":{"mods":["2.2 Compatiblity","AchievementEnabler","BaseMod","Better Note","Better Vampires","Card Filter","Colored Map","DeckTracker","Downfall","Gremlin Skip","Highlight Path","Keyboard Shortcuts","Minty Spire (QoL Compilation)","Permanent Neow","Quick Restart","Relic Filter","Relic Stats","StSLib","SuperFastMode","Transform Curses","Unknown Chances"],"gold_per_floor":[199,218,218,218,19,19,19,119,154,164,64,93,93,103,118,194,194,194,205,33,44,62,77,101,101,136,167,167,177,77,108,126,197,197,197,214,296,345,356,389,389,406,306,326,357,373,393,428,444,444,444,444],"floor_reached":50,"language":"ENG","playtime":2605,"items_purged":["downfall:Icky"],"score":1293,"play_id":"866dbbb5-51a1-445b-bad7-99e87540d57d","local_time":"20210126192049","is_ascension_mode":true,"campfire_choices":[{"data":"hexamod:Float","floor":1.0,"key":"SMITH"},{"data":"hexamod:ThermalTransfer","floor":11.0,"key":"SMITH"},{"data":"hexamod:Rewind","floor":13.0,"key":"SMITH"},{"data":"Sadistic Nature","floor":18.0,"key":"SMITH"},{"data":"hexamod:Rewind","floor":28.0,"key":"SMITH"},{"data":"hexamod:FlameSwitch","floor":30.0,"key":"SMITH"},{"floor":35.0,"key":"RECALL"},{"data":"hexamod:HexaLevel","floor":43.0,"key":"SMITH"}],"circlet_count":0,"master_deck":["AscendersBane","hexamod:Strike+1","hexamod:Strike+1","hexamod:Defend+1","hexamod:Defend+1","hexamod:Defend+1","hexamod:Sear+1","hexamod:Float+1","hexamod:StepThrough+1","hexamod:NightmareStrike+1","Sadistic Nature+1","hexamod:ForkedFlame+1","hexamod:ShieldOfDarkness+1","hexamod:ThermalTransfer+1","hexamod:Rewind+1","hexamod:TimeWarp+1","hexamod:HauntingEcho+1","hexamod:FlameSwitch+1","hexamod:Rewind+1","hexamod:ForkedFlame","hexamod:FastForward+1","hexamod:NightmareGuise+1","hexamod:HexaLevel+1","hexamod:PhantomCloak+1","hexamod:Hexaguard+1","hexamod:SixthSeal","hexamod:TimeOfNeed+1","hexamod:Incineration","hexamod:HeatShield","hexamod:HeatShield"],"relics":["hexamod:SpiritBrand","Eternal Feather","Turnip","downfall:HeartBlessingGreen","Whetstone","Coffee Dripper","hexamod:TheBrokenSeal","Red Mask","Tiny Chest","downfall:HeartBlessingBlue","Centennial Puzzle","expansioncontent:StudyCardRelic","Pen Nib","Thread and Needle","The Courier","Frozen Egg 2","downfall:HeartBlessingRed","Pocketwatch","White Beast Statue"],"acts_visited":["Exordium","TheCity","TheBeyond"],"potions_floor_usage":[],"damage_taken":[{"damage":0.0,"enemies":"2 Louse","floor":2.0,"turns":3.0},{"damage":0.0,"enemies":"downfall:FleeingMerchant","floor":5.0,"turns":4.0},{"damage":6.0,"enemies":"Gremlin Nob","floor":9.0,"turns":3.0},{"damage":0.0,"enemies":"Small Slimes","floor":10.0,"turns":2.0},{"damage":6.0,"enemies":"Lagavulin","floor":12.0,"turns":4.0},{"damage":7.0,"enemies":"Jaw Worm","floor":14.0,"turns":2.0},{"damage":3.0,"enemies":"Lots of Slimes","floor":15.0,"turns":4.0},{"damage":5.0,"enemies":"IC_STATUS_ARCHETYPE","floor":16.0,"turns":7.0},{"damage":0.0,"enemies":"3 Byrds","floor":19.0,"turns":4.0},{"damage":0.0,"enemies":"downfall:FleeingMerchant","floor":20.0,"turns":4.0},{"damage":13.0,"enemies":"Chosen","floor":21.0,"turns":4.0},{"damage":22.0,"enemies":"Snecko","floor":22.0,"turns":6.0},{"damage":0.0,"enemies":"Centurion and Healer","floor":23.0,"turns":5.0},{"damage":32.0,"enemies":"Masked Bandits","floor":26.0,"turns":5.0},{"damage":0.0,"enemies":"Gremlin Leader","floor":27.0,"turns":6.0},{"damage":11.0,"enemies":"Cultist and Chosen","floor":29.0,"turns":3.0},{"damage":44.0,"enemies":"Slavers","floor":31.0,"turns":6.0},{"damage":0.0,"enemies":"3 Cultists","floor":32.0,"turns":3.0},{"damage":5.0,"enemies":"WA_ARCHETYPE_CALM","floor":33.0,"turns":7.0},{"damage":0.0,"enemies":"3 Shapes","floor":36.0,"turns":3.0},{"damage":8.0,"enemies":"downfall:FleeingMerchant","floor":37.0,"turns":4.0},{"damage":0.0,"enemies":"2 Orb Walkers","floor":38.0,"turns":4.0},{"damage":0.0,"enemies":"Orb Walker","floor":39.0,"turns":2.0},{"damage":0.0,"enemies":"Reptomancer","floor":40.0,"turns":4.0},{"damage":9.0,"enemies":"Transient","floor":42.0,"turns":6.0},{"damage":11.0,"enemies":"3 Darklings","floor":44.0,"turns":3.0},{"damage":6.0,"enemies":"Nemesis","floor":45.0,"turns":4.0},{"damage":0.0,"enemies":"Spire Growth","floor":46.0,"turns":3.0},{"damage":9.0,"enemies":"Writhing Mass","floor":47.0,"turns":4.0},{"damage":15.0,"enemies":"Reptomancer","floor":48.0,"turns":3.0},{"damage":0.0,"enemies":"Maw","floor":49.0,"turns":4.0},{"damage":40,"enemies":"DF_ARCHETYPE_ORBS","floor":50,"turns":5}],"seed_played":"-4280320248064181552","potions_obtained":[{"floor":2.0,"key":"bronze:BurnAndBuffPotion"},{"floor":10.0,"key":"DistilledChaos"},{"floor":14.0,"key":"Energy Potion"},{"floor":16.0,"key":"champ:CounterPotion"},{"floor":19.0,"key":"ColorlessPotion"},{"floor":21.0,"key":"SpeedPotion"},{"floor":22.0,"key":"LiquidMemories"},{"floor":23.0,"key":"hexamod:SoulburnPotion"},{"floor":26.0,"key":"bronze:BurnAndBuffPotion"},{"floor":27.0,"key":"FairyPotion"},{"floor":32.0,"key":"AttackPotion"},{"floor":40.0,"key":"CultistPotion"},{"floor":49.0,"key":"DuplicationPotion"}],"is_trial":false,"path_per_floor":["R","M","?","?","$","?","T","?","E","M","R","E","R","M","M","B",null,"R","M","$","M","M","M","T","?","?","E","R","M","R","E","M","B",null,"R","M","$","?","M","E","T","M","R","M","E","M","M","E","M","B"],"character_chosen":"THE_SPIRIT","items_purchased":["Sadistic Nature","hexamod:FlameSwitch","Pen Nib"],"campfire_rested":0,"item_purchase_floors":[5,20,37],"current_hp_per_floor":[57,57,57,57,57,57,57,57,51,51,60,54,63,56,53,48,59,63,63,63,50,35,42,42,42,73,73,73,62,83,39,39,34,71,83,83,75,75,75,75,75,66,81,70,64,64,55,40,40,0,0,0],"gold":444,"neow_bonus":"HUNDRED_GOLD","is_daily":false,"chose_seed":true,"campfire_upgraded":7,"win_rate":0.0,"timestamp":1611656449,"path_taken":["R","M","?","?","$","?","T","?","E","?","R","E","R","M","M","BOSS","R","M","$","?","M","M","T","?","?","E","R","M","R","E","M","BOSS","R","M","$","?","M","E","T","M","R","M","E","M","M","E","M","BOSS"],"items_purchased_type":["Card","Card","Relic"],"build_version":"2020-12-22","purchased_purges":1,"victory":false,"max_hp_per_floor":[63,63,63,63,63,63,63,63,63,63,63,63,63,63,63,63,63,63,63,63,63,63,63,63,63,73,73,73,73,83,83,83,83,83,83,83,83,83,83,83,83,83,83,83,83,83,83,83,83,83,83,83],"relic_stats":{"Centennial Puzzle":[24],"counters":[32,131],"Eternal Feather":60,"Tiny Chest":0,"Turnip":[10],"Pen Nib":[9],"Whetstone":["hexamod:Strike","hexamod:NightmareStrike"],"obtain_stats":[{"downfall:HeartBlessingRed":43,"hexamod:TheBrokenSeal":26,"Eternal Feather":7,"downfall:HeartBlessingGreen":11,"Thread and Needle":38,"Pen Nib":37,"The Courier":40,"expansioncontent:StudyCardRelic":34,"Whetstone":12,"Frozen Egg 2":41,"White Beast Statue":48,"Centennial Puzzle":31,"downfall:HeartBlessingBlue":30,"Tiny Chest":27,"Turnip":9,"Coffee Dripper":17,"Red Mask":26,"hexamod:SpiritBrand":0,"Pocketwatch":45},{"downfall:HeartBlessingRed":25,"hexamod:TheBrokenSeal":14,"Eternal Feather":2,"downfall:HeartBlessingGreen":4,"Thread and Needle":22,"Pen Nib":21,"The Courier":24,"expansioncontent:StudyCardRelic":19,"Whetstone":5,"Frozen Egg 2":24,"White Beast Statue":30,"Centennial Puzzle":17,"downfall:HeartBlessingBlue":16,"Tiny Chest":15,"Turnip":3,"Coffee Dripper":8,"Red Mask":14,"hexamod:SpiritBrand":0,"Pocketwatch":27},{"downfall:HeartBlessingRed":105,"hexamod:TheBrokenSeal":57,"Eternal Feather":7,"downfall:HeartBlessingGreen":12,"Thread and Needle":93,"Pen Nib":89,"The Courier":99,"expansioncontent:StudyCardRelic":82,"Whetstone":16,"Frozen Egg 2":99,"White Beast Statue":122,"Centennial Puzzle":72,"downfall:HeartBlessingBlue":66,"Tiny Chest":63,"Turnip":10,"Coffee Dripper":29,"Red Mask":57,"hexamod:SpiritBrand":0,"Pocketwatch":112}],"Pocketwatch":[0]},"card_choices":[{"not_picked":["hexamod:GhostLash","hexamod:ThermalTransfer"],"picked":"hexamod:StepThrough","floor":2.0},{"not_picked":["hexamod:HeatShield","hexamod:NightmareGuise"],"picked":"hexamod:NightmareStrike","floor":5.0},{"not_picked":["hexamod:NightmareStrike","hexamod:SecondSeal"],"picked":"hexamod:ShieldOfDarkness","floor":9.0},{"not_picked":["hexamod:SuperheatedStrike","hexamod:HeatMetal"],"picked":"hexamod:ThermalTransfer","floor":10.0},{"not_picked":["hexamod:SpectralSpark","hexamod:SwordOfDarkness"],"picked":"hexamod:Rewind","floor":12.0},{"not_picked":["hexamod:SwordOfDarkness","hexamod:InspiringFlames"],"picked":"hexamod:TimeWarp","floor":14.0},{"not_picked":["hexamod:FlamesFromBeyond","hexamod:HeatCrush"],"picked":"hexamod:HauntingEcho","floor":15.0},{"not_picked":["hexamod:GiftsFromTheDead","hexamod:UnleashSpirits"],"picked":"hexamod:SixthSeal","floor":16.0},{"not_picked":["hexamod:HauntingEcho","hexamod:ThermalTransfer","hexamod:BurningTouch"],"picked":"SKIP","floor":19.0},{"not_picked":["hexamod:HeatMetal","hexamod:NightmareStrike"],"picked":"hexamod:FifthSeal","floor":20.0},{"not_picked":["hexamod:BacktrackSmack","hexamod:SpectersWail"],"picked":"hexamod:Rewind","floor":21.0},{"not_picked":["hexamod:ThirdSeal","hexamod:SixthSeal"],"picked":"hexamod:FirstSeal","floor":21.0},{"not_picked":["hexamod:BurningTouch+1","hexamod:NightmareGuise+1"],"picked":"hexamod:FourthSeal","floor":22.0},{"not_picked":["hexamod:FourthSeal","hexamod:FirstSeal"],"picked":"hexamod:ThirdSeal","floor":22.0},{"not_picked":["hexamod:FourthSeal","hexamod:ThirdSeal"],"picked":"hexamod:SecondSeal","floor":23.0},{"not_picked":["hexamod:FlamesFromBeyond","hexamod:SwordOfDarkness","hexamod:HeatMetal"],"picked":"SKIP","floor":23.0},{"not_picked":["hexamod:GhostLash+1","hexamod:AdvancingGuard+1","hexamod:NightmareGuise"],"picked":"SKIP","floor":23.0},{"not_picked":["hexamod:GhostLash","hexamod:ShieldOfDarkness"],"picked":"hexamod:ForkedFlame","floor":26.0},{"not_picked":["hexamod:ShieldOfDarkness","hexamod:ExtraCrispy"],"picked":"hexamod:FastForward+1","floor":27.0},{"not_picked":["hexamod:SuperheatedStrike","hexamod:PhantomFireball","hexamod:RecurringNightmare"],"picked":"SKIP","floor":29.0},{"not_picked":["hexamod:BurningTouch","hexamod:GhostShield","hexamod:AdvancingGuard+1"],"picked":"SKIP","floor":31.0},{"not_picked":["hexamod:SpectralSpark","hexamod:DynamicBlow"],"picked":"hexamod:NightmareGuise","floor":32.0},{"not_picked":["hexamod:WildfireWeapon","hexamod:UnleashSpirits"],"picked":"hexamod:HexaLevel","floor":33.0},{"not_picked":["hexamod:SwordOfDarkness","hexamod:Hexaguard"],"picked":"hexamod:PhantomCloak+1","floor":36.0},{"not_picked":["hexamod:NightmareGuise","hexamod:ShieldOfDarkness","hexamod:SpectersWail"],"picked":"SKIP","floor":37.0},{"not_picked":["hexamod:EtherealExpedition","hexamod:NightmareGuise+1"],"picked":"hexamod:Hexaguard+1","floor":39.0},{"not_picked":["hexamod:BacktrackSmack","hexamod:SpectersWail+1"],"picked":"hexamod:SixthSeal","floor":40.0},{"not_picked":["hexamod:GhostLash","hexamod:Hexaguard","hexamod:PhantomCloak+1"],"picked":"SKIP","floor":42.0},{"not_picked":["hexamod:ThirdSeal","hexamod:SuperheatedStrike","hexamod:NightmareGuise"],"picked":"SKIP","floor":44.0},{"not_picked":["hexamod:HeatMetal","hexamod:SoulSteal","hexamod:PhantomFireball"],"picked":"SKIP","floor":45.0},{"not_picked":["hexamod:BurningTouch","hexamod:GhostShield"],"picked":"hexamod:TimeOfNeed","floor":46.0},{"not_picked":["hexamod:SwordOfDarkness+1","hexamod:EmpoweredFlame+1"],"picked":"hexamod:Incineration","floor":47.0},{"not_picked":["hexamod:NightmareStrike","hexamod:ExtraCrispy+1"],"picked":"hexamod:HeatShield","floor":48.0},{"not_picked":["hexamod:SpectersWail+1","hexamod:ShieldOfDarkness+1"],"picked":"hexamod:HeatShield","floor":49.0}],"player_experience":3422170,"relics_obtained":[{"floor":7.0,"key":"Eternal Feather"},{"floor":9.0,"key":"Turnip"},{"floor":12.0,"key":"Whetstone"},{"floor":26.0,"key":"Red Mask"},{"floor":27.0,"key":"Tiny Chest"},{"floor":31.0,"key":"Centennial Puzzle"},{"floor":38.0,"key":"Thread and Needle"},{"floor":40.0,"key":"The Courier"},{"floor":41.0,"key":"Frozen Egg 2"},{"floor":45.0,"key":"Pocketwatch"},{"floor":48.0,"key":"White Beast Statue"}],"event_choices":[{"damage_healed":0.0,"max_hp_gain":0.0,"max_hp_loss":0.0,"gold_gain":0.0,"cards_transformed":["hexamod:Strike"],"event_name":"Living Wall","player_choice":"Change","floor":6.0,"gold_loss":0.0,"damage_taken":0.0,"cards_obtained":["hexamod:ForkedFlame"]},{"damage_healed":0.0,"max_hp_gain":0.0,"max_hp_loss":0.0,"gold_gain":0.0,"event_name":"Masked Bandits","player_choice":"Fought Bandits","floor":26.0,"gold_loss":0.0,"damage_taken":0.0},{"damage_healed":0.0,"max_hp_gain":0.0,"max_hp_loss":0.0,"gold_gain":0.0,"event_name":"Mysterious Sphere","player_choice":"Fight","floor":38.0,"gold_loss":0.0,"damage_taken":0.0}],"is_beta":false,"boss_relics":[{"not_picked":["hexamod:IceCube","Cursed Key"],"picked":"Coffee Dripper"},{"not_picked":["Astrolabe","Philosopher\u0027s Stone"],"picked":"expansioncontent:StudyCardRelic"}],"items_purged_floors":[37],"is_endless":false,"potions_floor_spawned":[2,10,14,16,19,21,22,26,27,32,40,42,44,46,47,49],"killed_by":"DF_ARCHETYPE_ORBS","ascension_level":20}}