{"host":"9kesdg97wkrx2bva","time":1611623728,"event":{"mods":["AchievementEnabler","BaseMod","Colored Map","GifTheSpireLib","Infinite Spire","Minty Spire (QoL Compilation)","Replay The Spire","StSLib"],"gold_per_floor":[119,119,119,44,44,73,53,53,99,99,126,146,221,241,241,313,313,332,332,0,13,13,13],"floor_reached":22,"language":"ENG","playtime":440,"items_purged":["Defend_G"],"score":432,"play_id":"1ff9db4f-6e30-45e0-9d81-2701482c778d","local_time":"20210125191528","is_ascension_mode":true,"campfire_choices":[{"data":"Neutralize","floor":8,"key":"SMITH"},{"data":"Blade Dance","floor":10,"key":"SMITH"}],"circlet_count":0,"master_deck":["AscendersBane","Strike_G","Strike_G+1","Strike_G+1","Strike_G","Defend_G","Defend_G","Defend_G","Defend_G","Neutralize+1","Blade Dance+1","Phantasmal Killer+1","Escape Plan+1","Prepared","Dagger Throw","Deadly Poison","Tools of the Trade","AbeCurse","Underhanded Strike","Deadly Poison+1"],"relics":["Ring of the Snake","NeowsBlessing","Pear","ReplayTheSpireMod:Lightbulb","Thread and Needle","Replay:Grab Bag","Philosopher\u0027s Stone","Abe\u0027s Treasure","WristBlade"],"acts_visited":["Exordium","TheCity"],"potions_floor_usage":[16,16],"damage_taken":[{"damage":0,"enemies":"2 Louse","floor":1,"turns":1},{"damage":0,"enemies":"3 Sentries","floor":6,"turns":1},{"damage":0,"enemies":"Lagavulin","floor":11,"turns":1},{"damage":0,"enemies":"Small Slimes","floor":12,"turns":2},{"damage":0,"enemies":"Cultist","floor":14,"turns":2},{"damage":14,"enemies":"Hexaghost","floor":16,"turns":9},{"damage":27,"enemies":"3 Byrds","floor":18,"turns":5},{"damage":1,"enemies":"Chosen","floor":21,"turns":2},{"damage":0,"enemies":"Snecko","floor":22,"turns":2}],"seed_played":"8968174325680510035","potions_obtained":[{"floor":6,"key":"EssenceOfSteel"},{"floor":7,"key":"ColorlessPotion"},{"floor":12,"key":"Fire Potion"}],"is_trial":false,"path_per_floor":["M","?","?","$","?","E","?","R","T","R","E","M","?","M","R_BF","B",null,"M","?","?","M","M"],"character_chosen":"THE_SILENT","items_purchased":[],"campfire_rested":0,"item_purchase_floors":[],"current_hp_per_floor":[59,59,59,59,39,49,49,49,49,49,49,49,38,38,60,46,69,42,42,42,41,41,41],"gold":13,"neow_bonus":"THREE_ENEMY_KILL","is_daily":false,"chose_seed":false,"campfire_upgraded":2,"win_rate":0.0,"timestamp":1611623728,"path_taken":["M","?","?","$","?","E","?","R","T","R","E","?","?","M","R_BF","BOSS","M","?","?","M","?"],"items_purchased_type":[],"build_version":"2020-12-22","purchased_purges":1,"victory":false,"max_hp_per_floor":[66,66,66,66,66,76,76,76,76,76,76,76,76,76,76,76,76,76,76,76,76,76,76],"card_choices":[{"not_picked":["Quick Slash","Dagger Throw"],"picked":"Blade Dance","floor":1},{"not_picked":["Heel Hook","Dagger Throw"],"picked":"Escape Plan","floor":6},{"not_picked":["Outmaneuver","Night Terror"],"picked":"Prepared","floor":11},{"not_picked":["Flying Knee","PiercingWail"],"picked":"Dagger Throw","floor":12},{"not_picked":["Dodge and Roll","PiercingWail"],"picked":"Deadly Poison","floor":14},{"not_picked":["Adrenaline","ReplayTheSpireMod:From All Sides"],"picked":"Tools of the Trade","floor":16},{"not_picked":["Acrobatics+1","Outmaneuver"],"picked":"Underhanded Strike","floor":18},{"not_picked":["Calculated Gamble","Quick Slash"],"picked":"Deadly Poison+1","floor":21}],"player_experience":969274,"relics_obtained":[{"floor":6,"key":"Pear"},{"floor":9,"key":"ReplayTheSpireMod:Lightbulb"},{"floor":11,"key":"Thread and Needle"}],"event_choices":[{"damage_healed":0,"gold_gain":0,"player_choice":"Entered Light","damage_taken":20,"max_hp_gain":0,"max_hp_loss":0,"event_name":"Shining Light","floor":5,"gold_loss":0,"cards_upgraded":["Strike_G","Strike_G"]},{"damage_healed":0,"gold_gain":0,"player_choice":"Bought 1 Potion","damage_taken":0,"max_hp_gain":0,"max_hp_loss":0,"event_name":"The Woman in Blue","floor":7,"gold_loss":0},{"damage_healed":0,"gold_gain":75,"player_choice":"Gather Gold","damage_taken":11,"max_hp_gain":0,"max_hp_loss":0,"event_name":"World of Goop","floor":13,"gold_loss":0},{"damage_healed":0,"gold_gain":0,"player_choice":"Paid Fearfully","damage_taken":0,"max_hp_gain":0,"max_hp_loss":0,"event_name":"Masked Bandits","floor":20,"gold_loss":332}],"is_beta":false,"boss_relics":[{"not_picked":["Replay:Drink Me","Cursed Key"],"picked":"Replay:Grab Bag"},{"not_picked":["infinitespire:Cupcake","Replay:Wanted Poster"],"picked":"Philosopher\u0027s Stone"},{"not_picked":["Ectoplasm","Runic Dome"],"picked":"Abe\u0027s Treasure"},{"not_picked":["Kintsugi","Empty Cage"],"picked":"WristBlade"}],"items_purged_floors":[4],"is_endless":false,"potions_floor_spawned":[6,11,12],"killed_by":"Snecko","ascension_level":16}}