{"host":"ebj6lkgm8suah319","time":1611630018,"event":{"mods":["2.2 Compatiblity","AchievementEnabler","BaseMod","Block Reminder","Colored Map","Colored Powertips","Minty Spire (QoL Compilation)","Quick Restart","Rare Cards Sparkle","Relic Stats","SuperFastMode"],"gold_per_floor":[118,83,83,102,117,142,142,55,55,4,21,31,31,62,62,163,163,180,193,209,308,56,56,85,103,126,126,152,152,182,197,197,299,299,315,315,335,355,372,372,405,405,405,435,446,481,39,55,55,55,55,55,16,50,50],"floor_reached":56,"language":"ENG","playtime":2333,"items_purged":[],"score":1461,"play_id":"0c1edc54-a71e-44b0-96d9-d6ce74c66d68","local_time":"20210125220018","is_ascension_mode":true,"campfire_choices":[{"data":"Footwork","floor":7.0,"key":"SMITH"},{"data":"Noxious Fumes","floor":13.0,"key":"SMITH"},{"data":"Neutralize","floor":15,"key":"SMITH"},{"floor":23,"key":"REST"},{"floor":27,"key":"REST"},{"floor":32,"key":"RECALL"},{"floor":40,"key":"REST"},{"floor":42,"key":"REST"},{"floor":49,"key":"REST"},{"floor":52,"key":"REST"}],"circlet_count":0,"master_deck":["Strike_G","Strike_G","Strike_G","Strike_G","Defend_G","Defend_G","Defend_G","Defend_G","Defend_G","Survivor","Neutralize+1","Skewer","Footwork+1","Calculated Gamble","Blur","Noxious Fumes+1","Deadly Poison","Quick Slash","Predator","Burst","Blade Dance+1","Noxious Fumes","Backflip","Backflip","PiercingWail","Writhe","Acrobatics","Finisher","Burst","Backflip+1","Quick Slash+1","Backstab","After Image","Flechettes+1","Dash","Riddle With Holes","Parasite","Acrobatics+1","Noxious Fumes","Wraith Form v2"],"relics":["Ring of the Snake","Bottled Tornado","Blood Vial","Ancient Tea Set","Boot","Fusion Hammer","OrangePellets","PreservedInsect","Shuriken","Toy Ornithopter","Happy Flower","SlaversCollar","Pen Nib","Blue Candle","Vajra","Nunchaku","Snake Skull","Bag of Marbles","Chemical X","Bronze Scales"],"acts_visited":["Exordium","TheCity","TheBeyond","TheEnding"],"potions_floor_usage":[14,30,31,33,39,39,39,55,55,55,55,55,55,55,55,55],"damage_taken":[{"damage":0.0,"enemies":"Cultist","floor":1.0,"turns":4.0},{"damage":0.0,"enemies":"Jaw Worm","floor":4.0,"turns":3.0},{"damage":0.0,"enemies":"Small Slimes","floor":5.0,"turns":3.0},{"damage":7.0,"enemies":"3 Sentries","floor":6.0,"turns":11.0},{"damage":0.0,"enemies":"3 Louse","floor":11.0,"turns":4.0},{"damage":7.0,"enemies":"Exordium Wildlife","floor":12.0,"turns":6.0},{"damage":14,"enemies":"Gremlin Nob","floor":14,"turns":4},{"damage":14,"enemies":"Hexaghost","floor":16,"turns":11},{"damage":0,"enemies":"Spheric Guardian","floor":18,"turns":5},{"damage":10,"enemies":"2 Thieves","floor":19,"turns":5},{"damage":17,"enemies":"Sentry and Sphere","floor":20,"turns":8},{"damage":27,"enemies":"Slavers","floor":24,"turns":6},{"damage":9,"enemies":"Centurion and Healer","floor":25,"turns":8},{"damage":1,"enemies":"Book of Stabbing","floor":28,"turns":5},{"damage":0,"enemies":"Gremlin Leader","floor":30,"turns":5},{"damage":0,"enemies":"Cultist and Chosen","floor":31,"turns":6},{"damage":33,"enemies":"Collector","floor":33,"turns":9},{"damage":24,"enemies":"3 Darklings","floor":35,"turns":6},{"damage":18,"enemies":"Orb Walker","floor":37,"turns":5},{"damage":21,"enemies":"Writhing Mass","floor":38,"turns":8},{"damage":5,"enemies":"4 Shapes","floor":39,"turns":8},{"damage":0,"enemies":"Nemesis","floor":41,"turns":8},{"damage":6,"enemies":"Reptomancer","floor":44,"turns":5},{"damage":29,"enemies":"Jaw Worm Horde","floor":45,"turns":4},{"damage":0,"enemies":"Giant Head","floor":46,"turns":6},{"damage":15,"enemies":"Writhing Mass","floor":48,"turns":6},{"damage":15,"enemies":"Donu and Deca","floor":50,"turns":9},{"damage":0,"enemies":"Shield and Spear","floor":54,"turns":4},{"damage":62,"enemies":"The Heart","floor":55,"turns":10}],"seed_played":"-1249217830463478171","potions_obtained":[{"floor":4.0,"key":"EssenceOfSteel"},{"floor":6.0,"key":"Block Potion"},{"floor":12.0,"key":"SteroidPotion"},{"floor":16,"key":"PowerPotion"},{"floor":18,"key":"LiquidBronze"},{"floor":24,"key":"Explosive Potion"},{"floor":30,"key":"ColorlessPotion"},{"floor":31,"key":"Poison Potion"},{"floor":33,"key":"BlessingOfTheForge"},{"floor":36,"key":"EntropicBrew"},{"floor":41,"key":"EntropicBrew"},{"floor":45,"key":"SkillPotion"}],"is_trial":false,"path_per_floor":["M","?","?","M","M","E","R","$","T","?","M","M","R","E","R","B",null,"M","M","M","?","$","R","E","M","T","R","E","?","E","M","R","B",null,"M","?","M","M","M","R","E","R","T","E","M","E","$","M","R","B",null,"R","$","E","B",null],"character_chosen":"THE_SILENT","items_purchased":["Noxious Fumes","Deadly Poison","OrangePellets","Noxious Fumes","Backflip","Snake Skull","Bag of Marbles","Chemical X","Noxious Fumes"],"campfire_rested":6,"item_purchase_floors":[8,8,22,22,22,47,47,47,53],"current_hp_per_floor":[63,84,77,77,77,70,70,70,70,70,72,67,67,55,55,43,84,84,74,59,59,59,84,57,50,50,75,76,76,83,84,84,51,84,60,60,44,25,37,62,64,84,84,78,51,53,53,40,65,52,84,84,84,84,59],"gold":50,"neow_bonus":"TWENTY_PERCENT_HP_BONUS","is_daily":false,"chose_seed":false,"campfire_upgraded":3,"win_rate":0.0,"timestamp":1611630018,"path_taken":["M","?","?","M","M","E","R","?","T","?","M","M","R","E","R","BOSS","M","M","?","?","$","R","E","M","T","R","E","?","E","M","R","BOSS","M","?","?","M","M","R","E","R","T","E","M","E","?","M","R","BOSS","R","$","E","BOSS"],"items_purchased_type":["Card","Card","Relic","Card","Card","Relic","Relic","Relic","Card"],"build_version":"2020-12-22","purchased_purges":0,"victory":true,"max_hp_per_floor":[84,84,84,84,84,84,84,84,84,84,84,84,84,84,84,84,84,84,84,84,84,84,84,84,84,84,84,84,84,84,84,84,84,84,84,84,84,84,84,84,84,84,84,84,84,84,84,84,84,84,84,84,84,84,84],"relic_stats":{"Happy Flower":[31],"counters":[29,182],"Blue Candle":[3],"PreservedInsect":382,"Pen Nib":[10],"Snake Skull":[33],"Boot":[160],"Blood Vial":33,"OrangePellets":[7],"Nunchaku":[6],"Shuriken":[42],"Bronze Scales":[117],"Chemical X":[5],"obtain_stats":[{"Happy Flower":30,"Blue Candle":43,"Vajra":44,"PreservedInsect":24,"Pen Nib":41,"Snake Skull":47,"Bottled Tornado":6,"Ancient Tea Set":10,"Boot":14,"Blood Vial":9,"OrangePellets":22,"SlaversCollar":34,"Nunchaku":46,"Shuriken":28,"Bronze Scales":54,"Fusion Hammer":17,"Bag of Marbles":47,"Chemical X":47,"Toy Ornithopter":29,"Ring of the Snake":0},{"Happy Flower":15,"Blue Candle":22,"Vajra":23,"PreservedInsect":12,"Pen Nib":22,"Snake Skull":25,"Bottled Tornado":4,"Ancient Tea Set":4,"Boot":7,"Blood Vial":4,"OrangePellets":11,"SlaversCollar":17,"Nunchaku":25,"Shuriken":14,"Bronze Scales":28,"Fusion Hammer":8,"Bag of Marbles":25,"Chemical X":25,"Toy Ornithopter":14,"Ring of the Snake":0},{"Happy Flower":88,"Blue Candle":138,"Vajra":143,"PreservedInsect":70,"Pen Nib":138,"Snake Skull":153,"Bottled Tornado":21,"Ancient Tea Set":21,"Boot":35,"Blood Vial":21,"OrangePellets":64,"SlaversCollar":103,"Nunchaku":153,"Shuriken":83,"Bronze Scales":172,"Fusion Hammer":46,"Bag of Marbles":153,"Chemical X":153,"Toy Ornithopter":83,"Ring of the Snake":0}],"Toy Ornithopter":42,"Ring of the Snake":[58]},"card_choices":[{"not_picked":["Poisoned Stab","Outmaneuver"],"picked":"Skewer","floor":1.0},{"not_picked":["Dagger Throw","Expertise"],"picked":"Footwork","floor":4.0},{"not_picked":["Backflip","Deflect"],"picked":"Calculated Gamble","floor":5.0},{"not_picked":["Bullet Time","Acrobatics"],"picked":"Blur","floor":6.0},{"not_picked":["Flying Knee","Bane","Flechettes"],"picked":"SKIP","floor":11.0},{"not_picked":["Endless Agony","Eviscerate"],"picked":"Quick Slash","floor":12.0},{"not_picked":["Expertise","Bane"],"picked":"Predator","floor":14},{"not_picked":["Envenom","Die Die Die"],"picked":"Burst","floor":16},{"not_picked":["Flying Knee+1","Flechettes","Prepared"],"picked":"SKIP","floor":18},{"not_picked":["Poisoned Stab+1","Dagger Spray+1"],"picked":"Blade Dance+1","floor":19},{"not_picked":["Dagger Spray","Outmaneuver","Skewer"],"picked":"SKIP","floor":20},{"not_picked":["Dagger Spray","Poisoned Stab","Doppelganger"],"picked":"SKIP","floor":24},{"not_picked":["Slice+1","Acrobatics"],"picked":"Backflip","floor":25},{"not_picked":["Dagger Spray+1","Poisoned Stab"],"picked":"PiercingWail","floor":28},{"not_picked":["Blade Dance","Acrobatics","Bullet Time"],"picked":"SKIP","floor":30},{"not_picked":["Blade Dance","Bullet Time"],"picked":"Acrobatics","floor":30},{"not_picked":["Eviscerate","Sucker Punch"],"picked":"Finisher","floor":31},{"not_picked":["Glass Knife","Phantasmal Killer"],"picked":"Burst","floor":33},{"not_picked":["Flechettes","Underhanded Strike","Escape Plan"],"picked":"SKIP","floor":35},{"not_picked":["PiercingWail","Bane+1"],"picked":"Backflip+1","floor":37},{"not_picked":["Dodge and Roll","Acrobatics"],"picked":"Quick Slash+1","floor":38},{"not_picked":["Sucker Punch+1","Poisoned Stab"],"picked":"Backstab","floor":39},{"not_picked":["Backflip+1","Flying Knee+1"],"picked":"After Image","floor":41},{"not_picked":["Backflip","Dagger Throw+1"],"picked":"Flechettes+1","floor":44},{"not_picked":["Outmaneuver+1","All Out Attack"],"picked":"Dash","floor":45},{"not_picked":["Escape Plan+1","Flying Knee"],"picked":"Riddle With Holes","floor":46},{"not_picked":["Deadly Poison","Quick Slash"],"picked":"Acrobatics+1","floor":48},{"not_picked":["Choke+1","Blade Dance"],"picked":"Wraith Form v2","floor":54}],"player_experience":82535,"relics_obtained":[{"floor":6.0,"key":"Bottled Tornado"},{"floor":9.0,"key":"Blood Vial"},{"floor":14,"key":"Boot"},{"floor":24,"key":"PreservedInsect"},{"floor":28,"key":"Shuriken"},{"floor":30,"key":"Happy Flower"},{"floor":41,"key":"Pen Nib"},{"floor":43,"key":"Blue Candle"},{"floor":44,"key":"Vajra"},{"floor":46,"key":"Nunchaku"},{"floor":54,"key":"Bronze Scales"}],"event_choices":[{"damage_healed":21.0,"max_hp_gain":0.0,"max_hp_loss":0.0,"gold_gain":0.0,"event_name":"The Cleric","player_choice":"Healed","floor":2.0,"gold_loss":35.0,"damage_taken":0.0},{"cards_removed":["Strike_G"],"damage_healed":0.0,"max_hp_gain":0.0,"max_hp_loss":0.0,"gold_gain":0.0,"event_name":"Golden Wing","player_choice":"Card Removal","floor":3.0,"gold_loss":0.0,"damage_taken":7.0},{"damage_healed":0.0,"max_hp_gain":0.0,"max_hp_loss":0.0,"gold_gain":0.0,"event_name":"WeMeetAgain","player_choice":"Paid Gold","floor":10.0,"gold_loss":51.0,"damage_taken":0.0,"relics_obtained":["Ancient Tea Set"]},{"damage_healed":0,"gold_gain":99,"player_choice":"Stole From Cult","damage_taken":0,"max_hp_gain":0,"max_hp_loss":0,"event_name":"Nest","floor":21,"gold_loss":0},{"damage_healed":0,"gold_gain":0,"player_choice":"Opened","damage_taken":0,"relics_obtained":["Toy Ornithopter"],"max_hp_gain":0,"max_hp_loss":0,"event_name":"The Mausoleum","floor":29,"gold_loss":0,"cards_obtained":["Writhe"]},{"damage_healed":0,"gold_gain":0,"player_choice":"Got Potions","damage_taken":0,"max_hp_gain":0,"max_hp_loss":0,"event_name":"Lab","floor":36,"gold_loss":0}],"is_beta":false,"boss_relics":[{"not_picked":["Ectoplasm","Empty Cage"],"picked":"Fusion Hammer"},{"not_picked":["Tiny House","Velvet Choker"],"picked":"SlaversCollar"}],"items_purged_floors":[],"is_endless":false,"potions_floor_spawned":[4,6,12,16,18,24,25,30,31,33,35,38,41,45],"ascension_level":1}}