{"host":"soyfmymeou4emntr","time":1611648439,"event":{"mods":["BaseMod","BetterRewards","Minty Spire (QoL Compilation)","Relic Sorter","Relic Stats","StSLib"],"gold_per_floor":[119,119,119,139,153,153,183,183,207,217,234,234,262,277,277,354,354,372,391,315,334,20,20,55,55,55,55,82,98,98,116,116,116,116],"floor_reached":33,"language":"ENG","playtime":3870,"items_purged":[],"score":794,"play_id":"29cd74aa-73ed-46bd-aa50-7f89585d9c66","local_time":"20210126010719","is_ascension_mode":true,"campfire_choices":[{"data":"Deadly Poison","floor":6.0,"key":"SMITH"},{"data":"Dagger Throw","floor":8.0,"key":"SMITH"},{"floor":12.0,"key":"REST"},{"data":"Malaise","floor":15.0,"key":"SMITH"},{"data":"Wraith Form v2","floor":23.0,"key":"SMITH"},{"data":"After Image","floor":27.0,"key":"SMITH"},{"floor":30.0,"key":"REST"},{"data":"Leg Sweep","floor":32.0,"key":"SMITH"}],"circlet_count":0,"master_deck":["AscendersBane","Strike_G","Strike_G","Defend_G","Defend_G","Defend_G","Defend_G","Defend_G","Survivor","Neutralize","Malaise+1","Dagger Throw+1","Slice","Deadly Poison+1","Leg Sweep+1","Dodge and Roll","Terror","Backflip","After Image+1","Doppelganger+1","Dagger Throw+1","Riddle With Holes+1","Deadly Poison+1","Wraith Form v2+1","Blade Dance","Well Laid Plans","Prepared+1","Blade Dance","Well Laid Plans","Blade Dance"],"relics":["Ring of the Snake","Vajra","NlothsMask","FossilizedHelix","Bag of Marbles","Astrolabe","ClockworkSouvenir","TungstenRod","The Courier","Pantograph"],"acts_visited":["Exordium","TheCity"],"potions_floor_usage":[],"damage_taken":[{"damage":1.0,"enemies":"2 Louse","floor":1.0,"turns":5.0},{"damage":0.0,"enemies":"Jaw Worm","floor":4.0,"turns":3.0},{"damage":0.0,"enemies":"Cultist","floor":5.0,"turns":3.0},{"damage":30.0,"enemies":"3 Sentries","floor":7.0,"turns":10.0},{"damage":0.0,"enemies":"Gremlin Gang","floor":10.0,"turns":4.0},{"damage":6.0,"enemies":"Lots of Slimes","floor":11.0,"turns":6.0},{"damage":0.0,"enemies":"Lagavulin","floor":13.0,"turns":7.0},{"damage":0.0,"enemies":"2 Fungi Beasts","floor":14.0,"turns":2.0},{"damage":0.0,"enemies":"The Guardian","floor":16.0,"turns":13.0},{"damage":0.0,"enemies":"Chosen","floor":18.0,"turns":6.0},{"damage":8.0,"enemies":"Shell Parasite","floor":19.0,"turns":4.0},{"damage":10.0,"enemies":"Snecko","floor":21.0,"turns":4.0},{"damage":13.0,"enemies":"Slavers","floor":24.0,"turns":5.0},{"damage":0.0,"enemies":"Book of Stabbing","floor":28.0,"turns":8.0},{"damage":0.0,"enemies":"Snake Plant","floor":29.0,"turns":4.0},{"damage":2.0,"enemies":"Centurion and Healer","floor":31.0,"turns":8.0},{"damage":84,"enemies":"Champ","floor":33,"turns":20}],"seed_played":"-8106258027523383525","potions_obtained":[{"floor":4.0,"key":"Energy Potion"},{"floor":5.0,"key":"Block Potion"},{"floor":7.0,"key":"Fruit Juice"},{"floor":13.0,"key":"Strength Potion"},{"floor":19.0,"key":"AttackPotion"},{"floor":28.0,"key":"DistilledChaos"}],"is_trial":false,"path_per_floor":["M","?","?","M","M","R","E","R","T","M","M","R","E","M","R","B",null,"M","M","$","M","$","R","E","?","T","R","E","M","R","M","R","B"],"character_chosen":"THE_SILENT","items_purchased":["Wraith Form v2","Blade Dance","Well Laid Plans","ClockworkSouvenir"],"campfire_rested":2,"item_purchase_floors":[20,22,22,22],"current_hp_per_floor":[58,53,53,53,53,53,23,23,23,23,17,36,36,36,36,36,59,59,56,56,46,46,46,33,33,33,33,33,33,54,52,52,0,0],"gold":116,"neow_bonus":"ONE_RANDOM_RARE_CARD","is_daily":false,"chose_seed":false,"campfire_upgraded":6,"win_rate":0.0,"timestamp":1611648439,"path_taken":["M","?","?","M","?","R","E","R","T","?","M","R","E","M","R","BOSS","M","M","?","M","$","R","E","?","T","R","E","M","R","M","R","BOSS"],"items_purchased_type":["Card","Card","Card","Relic"],"build_version":"2020-12-22","purchased_purges":0,"victory":false,"max_hp_per_floor":[66,66,66,66,66,66,66,66,66,66,66,66,66,66,66,66,66,66,71,71,71,71,71,71,71,71,71,71,71,71,71,71,71,71],"relic_stats":{"counters":[17,112],"Astrolabe":["Doppelganger","Dagger Throw","Riddle With Holes"],"Pantograph":19,"obtain_stats":[{"Astrolabe":17,"Pantograph":28,"Vajra":2,"The Courier":26,"Bag of Marbles":13,"FossilizedHelix":7,"TungstenRod":24,"Ring of the Snake":0,"NlothsMask":3,"ClockworkSouvenir":22},{"Astrolabe":9,"Pantograph":14,"Vajra":1,"The Courier":13,"Bag of Marbles":7,"FossilizedHelix":4,"TungstenRod":13,"Ring of the Snake":0,"NlothsMask":1,"ClockworkSouvenir":12},{"Astrolabe":53,"Pantograph":80,"Vajra":5,"The Courier":72,"Bag of Marbles":38,"FossilizedHelix":21,"TungstenRod":72,"Ring of the Snake":0,"NlothsMask":5,"ClockworkSouvenir":67}],"TungstenRod":9,"Ring of the Snake":[34]},"card_choices":[{"not_picked":["Flying Knee","Concentrate"],"picked":"Dagger Throw","floor":1.0},{"not_picked":["Backflip","Deflect"],"picked":"Slice","floor":4.0},{"not_picked":["Underhanded Strike","Setup"],"picked":"Deadly Poison","floor":5.0},{"not_picked":["Masterful Stab","PiercingWail"],"picked":"Leg Sweep","floor":7.0},{"not_picked":["Setup","Outmaneuver"],"picked":"Dodge and Roll","floor":10.0},{"not_picked":["Flechettes","Endless Agony"],"picked":"Terror","floor":11.0},{"not_picked":["Choke","Underhanded Strike","Heel Hook"],"picked":"SKIP","floor":13.0},{"not_picked":["Sucker Punch","Underhanded Strike"],"picked":"Backflip","floor":14.0},{"not_picked":["Envenom","Bullet Time"],"picked":"After Image","floor":16.0},{"not_picked":["Bane","Accuracy"],"picked":"Deadly Poison+1","floor":18.0},{"not_picked":["Quick Slash","Prepared","Heel Hook"],"picked":"SKIP","floor":19.0},{"not_picked":["Flying Knee","Backflip","Outmaneuver"],"picked":"SKIP","floor":21.0},{"not_picked":["Masterful Stab","Setup"],"picked":"Prepared+1","floor":24.0},{"not_picked":["Prepared","A Thousand Cuts"],"picked":"Blade Dance","floor":28.0},{"not_picked":["Eviscerate","Deadly Poison"],"picked":"Well Laid Plans","floor":29.0},{"not_picked":["Outmaneuver","Flying Knee"],"picked":"Blade Dance","floor":31.0}],"player_experience":2898520,"relics_obtained":[{"floor":7.0,"key":"FossilizedHelix"},{"floor":13.0,"key":"Bag of Marbles"},{"floor":24.0,"key":"TungstenRod"},{"floor":26.0,"key":"The Courier"},{"floor":28.0,"key":"Pantograph"}],"event_choices":[{"damage_healed":0.0,"max_hp_gain":0.0,"max_hp_loss":0.0,"gold_gain":0.0,"event_name":"Scrap Ooze","player_choice":"Success","floor":2.0,"gold_loss":0.0,"damage_taken":5.0,"relics_obtained":["Vajra"]},{"damage_healed":0.0,"max_hp_gain":0.0,"max_hp_loss":0.0,"gold_gain":0.0,"event_name":"FaceTrader","player_choice":"Trade","floor":3.0,"gold_loss":0.0,"damage_taken":0.0,"relics_obtained":["NlothsMask"]}],"is_beta":false,"boss_relics":[{"not_picked":["Empty Cage","SacredBark"],"picked":"Astrolabe"}],"items_purged_floors":[],"is_endless":false,"potions_floor_spawned":[4,5,7,13,19,28],"killed_by":"Champ","ascension_level":20}}