{"host":"sc0o2qwpf9j16a4i","time":1611693747,"event":{"mods":["AchievementEnabler","BaseMod","BetterRewards","Block Reminder","Colored Map","Colored Powertips","Custom Start","Highlight Path","Minty Spire (QoL Compilation)","Relic Stats"],"gold_per_floor":[119,119,119,135,215,215,249,249,276,276,302,319,99,115,115,220,220,239,239,250,250,261,294,114,114,114,114,149,149,149,64,64,162,162,174,174,17,37,37,37,64,64,87,98,25,25,50,50,50,50],"floor_reached":51,"language":"ENG","playtime":1234,"items_purged":["Wireheading","Protect"],"score":1170,"play_id":"714a75ba-c1d9-484a-952e-a683d1bb9c95","local_time":"20210126224227","daily_mods":["SealedDeck","Purple Cards","Lethality"],"is_ascension_mode":false,"campfire_choices":[{"data":"Acrobatics","floor":6,"key":"SMITH"},{"data":"Tactician","floor":10,"key":"SMITH"},{"data":"Underhanded Strike","floor":15,"key":"SMITH"},{"data":"Underhanded Strike","floor":25,"key":"SMITH"},{"data":"Adrenaline","floor":32,"key":"SMITH"},{"data":"WaveOfTheHand","floor":40,"key":"SMITH"},{"floor":42,"key":"REST"},{"floor":49,"key":"REST"}],"circlet_count":0,"master_deck":["Blur+1","Underhanded Strike+1","Underhanded Strike+1","Acrobatics+1","Acrobatics+1","Tactician+1","Adrenaline+1","TalkToTheHand+1","WaveOfTheHand+1","Corpse Explosion+1"],"relics":["Ring of the Snake","Vajra","Anchor","Potion Belt","Turnip","War Paint","Empty Cage","Boot","Singing Bowl","Bag of Preparation","Blue Candle","Pocketwatch","SlaversCollar","Membership Card","Art of War","Omamori","TwistedFunnel","Bronze Scales"],"acts_visited":["Exordium","TheCity","TheBeyond"],"potions_floor_usage":[33,50,50,50,50,50,50],"damage_taken":[{"damage":0,"enemies":"Jaw Worm","floor":1,"turns":1},{"damage":0,"enemies":"2 Louse","floor":4,"turns":1},{"damage":0,"enemies":"3 Sentries","floor":7,"turns":1},{"damage":0,"enemies":"Lagavulin","floor":11,"turns":1},{"damage":0,"enemies":"Cultist","floor":12,"turns":1},{"damage":0,"enemies":"2 Fungi Beasts","floor":14,"turns":1},{"damage":0,"enemies":"The Guardian","floor":16,"turns":1},{"damage":0,"enemies":"Spheric Guardian","floor":18,"turns":1},{"damage":0,"enemies":"3 Byrds","floor":20,"turns":1},{"damage":0,"enemies":"Centurion and Healer","floor":22,"turns":1},{"damage":0,"enemies":"Gremlin Leader","floor":23,"turns":1},{"damage":0,"enemies":"Book of Stabbing","floor":28,"turns":1},{"damage":0,"enemies":"Collector","floor":33,"turns":1},{"damage":0,"enemies":"Orb Walker","floor":35,"turns":1},{"damage":0,"enemies":"3 Darklings","floor":38,"turns":1},{"damage":0,"enemies":"Nemesis","floor":41,"turns":1},{"damage":0,"enemies":"Transient","floor":44,"turns":5},{"damage":0,"enemies":"Reptomancer","floor":47,"turns":1},{"damage":0,"enemies":"Awakened One","floor":50,"turns":3}],"seed_played":"-569138629390401673","potions_obtained":[{"floor":7,"key":"Weak Potion"},{"floor":11,"key":"CunningPotion"},{"floor":16,"key":"SpeedPotion"},{"floor":18,"key":"AttackPotion"},{"floor":19,"key":"Poison Potion"},{"floor":19,"key":"ColorlessPotion"},{"floor":23,"key":"EntropicBrew"},{"floor":33,"key":"Fire Potion"}],"is_trial":true,"path_per_floor":["M","?","?","M","?","R","E","?","T","R","E","M","$","M","R","B",null,"M","?","M","?","M","E","$","R","T","$","E","$","T","?","R","B",null,"M","?","$","M","?","R","E","R","T","M","$","?","E","$","R","B",null],"character_chosen":"THE_SILENT","items_purchased":["War Paint","Footwork","Membership Card","TwistedFunnel"],"campfire_rested":2,"item_purchase_floors":[13,24,37,45],"current_hp_per_floor":[70,70,70,70,70,70,70,70,70,70,70,70,70,70,70,70,70,70,70,70,70,70,70,70,70,70,70,72,72,72,72,72,74,74,76,76,76,78,78,78,80,80,80,82,82,84,86,86,86,86],"gold":50,"neow_bonus":"","is_daily":false,"chose_seed":false,"campfire_upgraded":6,"win_rate":0.0,"timestamp":1611693747,"path_taken":["M","?","?","?","?","R","E","?","T","R","E","M","$","M","R","BOSS","M","?","?","?","M","E","?","R","T","$","E","$","?","?","R","BOSS","M","?","$","M","?","R","E","R","T","?","?","?","E","$","R","BOSS"],"items_purchased_type":["Relic","Card","Relic","Relic"],"build_version":"2020-12-22","purchased_purges":2,"victory":true,"max_hp_per_floor":[70,70,70,70,70,70,70,70,70,70,70,70,70,70,70,70,70,70,70,70,70,70,70,70,70,70,70,72,72,72,72,72,74,74,76,76,76,78,78,78,80,80,80,82,82,84,86,86,86,86],"relic_stats":{"Singing Bowl":16,"counters":[19,25],"Blue Candle":[0],"Bronze Scales":[3],"Turnip":[0],"Bag of Preparation":[14],"Art of War":[2],"War Paint":["Evaluate","Blur"],"Boot":[0],"obtain_stats":[{"Potion Belt":9,"TwistedFunnel":45,"Singing Bowl":26,"Blue Candle":30,"Vajra":7,"Bag of Preparation":28,"Omamori":43,"War Paint":13,"Empty Cage":17,"Boot":23,"SlaversCollar":34,"Anchor":8,"Bronze Scales":47,"Turnip":11,"Art of War":41,"Membership Card":37,"Ring of the Snake":0,"Pocketwatch":31},{"Potion Belt":3,"TwistedFunnel":17,"Singing Bowl":11,"Blue Candle":12,"Vajra":3,"Bag of Preparation":12,"Omamori":16,"War Paint":5,"Empty Cage":7,"Boot":11,"SlaversCollar":13,"Anchor":3,"Bronze Scales":18,"Turnip":4,"Art of War":16,"Membership Card":14,"Ring of the Snake":0,"Pocketwatch":12},{"Potion Belt":3,"TwistedFunnel":21,"Singing Bowl":11,"Blue Candle":12,"Vajra":3,"Bag of Preparation":12,"Omamori":16,"War Paint":5,"Empty Cage":7,"Boot":11,"SlaversCollar":13,"Anchor":3,"Bronze Scales":22,"Turnip":4,"Art of War":16,"Membership Card":14,"Ring of the Snake":0,"Pocketwatch":12}],"Ring of the Snake":[38],"Pocketwatch":[6]},"card_choices":[{"not_picked":["Tantrum","Bane","Crescendo"],"picked":"SKIP","floor":1},{"not_picked":["Quick Slash","PiercingWail","FlurryOfBlows"],"picked":"SKIP","floor":4},{"not_picked":["Flying Knee","Vault","SandsOfTime"],"picked":"SKIP","floor":7},{"not_picked":["Noxious Fumes","Underhanded Strike","SashWhip"],"picked":"SKIP","floor":11},{"not_picked":["PathToVictory","SashWhip","Crescendo"],"picked":"SKIP","floor":12},{"not_picked":["ForeignInfluence","Fasting2","Poisoned Stab"],"picked":"SKIP","floor":14},{"not_picked":["Glass Knife","Burst"],"picked":"Adrenaline","floor":16},{"not_picked":["Dagger Spray","EmptyMind","Cloak And Dagger+1"],"picked":"SKIP","floor":18},{"not_picked":["JustLucky","FollowUp"],"picked":"TalkToTheHand+1","floor":20},{"not_picked":["WaveOfTheHand","Bouncing Flask+1","LikeWater+1"],"picked":"SKIP","floor":22},{"not_picked":["Bouncing Flask+1","LikeWater+1"],"picked":"WaveOfTheHand","floor":22},{"not_picked":["Backflip+1","Heel Hook"],"picked":"Corpse Explosion","floor":23},{"not_picked":["ThirdEye","Poisoned Stab","Tools of the Trade"],"picked":"Singing Bowl","floor":28},{"not_picked":["Brilliance","Malaise","Judgement"],"picked":"Singing Bowl","floor":33},{"not_picked":["Cloak And Dagger+1","Vengeance","Meditate+1"],"picked":"Singing Bowl","floor":35},{"not_picked":["EmptyMind","Prostrate","PiercingWail"],"picked":"Singing Bowl","floor":38},{"not_picked":["Indignation","Leg Sweep+1","Blade Dance"],"picked":"Singing Bowl","floor":41},{"not_picked":["JustLucky","Nirvana+1","MentalFortress"],"picked":"Singing Bowl","floor":44},{"not_picked":["Transmutation","Enlightenment","Secret Weapon"],"picked":"Singing Bowl","floor":46},{"not_picked":["SashWhip","Meditate","Quick Slash+1"],"picked":"Singing Bowl","floor":47}],"player_experience":1000957,"relics_obtained":[{"floor":7,"key":"Vajra"},{"floor":9,"key":"Potion Belt"},{"floor":11,"key":"Turnip"},{"floor":23,"key":"Boot"},{"floor":26,"key":"Singing Bowl"},{"floor":28,"key":"Bag of Preparation"},{"floor":30,"key":"Blue Candle"},{"floor":41,"key":"Art of War"},{"floor":43,"key":"Omamori"},{"floor":47,"key":"Bronze Scales"}],"event_choices":[{"damage_healed":0,"gold_gain":0,"player_choice":"Grow","damage_taken":0,"max_hp_gain":0,"max_hp_loss":0,"event_name":"Living Wall","floor":2,"gold_loss":0,"cards_upgraded":["Acrobatics"]},{"damage_healed":0,"gold_gain":0,"player_choice":"Ignored","damage_taken":0,"max_hp_gain":0,"max_hp_loss":0,"event_name":"NoteForYourself","floor":3,"gold_loss":0},{"damage_healed":0,"gold_gain":80,"player_choice":"Gained Gold","damage_taken":0,"max_hp_gain":0,"max_hp_loss":0,"event_name":"Golden Wing","floor":5,"gold_loss":0},{"damage_healed":0,"gold_gain":0,"player_choice":"Gave Potion","damage_taken":0,"relics_obtained":["Anchor"],"max_hp_gain":0,"max_hp_loss":0,"event_name":"WeMeetAgain","floor":8,"gold_loss":0},{"damage_healed":0,"gold_gain":0,"player_choice":"Got Potions","damage_taken":0,"max_hp_gain":0,"max_hp_loss":0,"event_name":"Lab","floor":19,"gold_loss":0},{"damage_healed":0,"gold_gain":0,"player_choice":"Ignored","damage_taken":0,"max_hp_gain":0,"max_hp_loss":0,"event_name":"Ghosts","floor":21,"gold_loss":0},{"damage_healed":0,"gold_gain":0,"player_choice":"Obtained Relic","damage_taken":0,"relics_obtained":["Pocketwatch"],"max_hp_gain":0,"max_hp_loss":0,"event_name":"Addict","floor":31,"gold_loss":85},{"cards_removed":["Footwork"],"damage_healed":0,"gold_gain":0,"player_choice":"Removed Power","damage_taken":0,"max_hp_gain":0,"max_hp_loss":0,"event_name":"Falling","floor":36,"gold_loss":0},{"damage_healed":0,"gold_gain":0,"player_choice":"Forge","damage_taken":0,"max_hp_gain":0,"max_hp_loss":0,"event_name":"Accursed Blacksmith","floor":39,"gold_loss":0,"cards_upgraded":["Corpse Explosion"]},{"damage_healed":0,"gold_gain":0,"player_choice":"Memory 1","damage_taken":0,"max_hp_gain":0,"max_hp_loss":0,"event_name":"SensoryStone","floor":46,"gold_loss":0}],"is_beta":false,"boss_relics":[{"not_picked":["Velvet Choker","Runic Dome"],"picked":"Empty Cage"},{"not_picked":["Tiny House","Calling Bell"],"picked":"SlaversCollar"}],"items_purged_floors":[13,24],"is_endless":false,"potions_floor_spawned":[7,11,16,18,20,23,33,35,41],"ascension_level":0}}