{"host":"wmz27iczv4t8azac","time":1611628773,"event":{"mods":["AchievementEnabler","BaseMod","Colored Powertips","Downfall","Minty Spire (QoL Compilation)","Quick Restart","Relic Stats","StSLib"],"gold_per_floor":[99,117,117,128,145,145,145,145],"floor_reached":6,"language":"ENG","playtime":349,"items_purged":[],"score":36,"play_id":"9a9e45f0-d7ae-42a8-b40f-7a63ba78fc25","local_time":"20210125183933","is_ascension_mode":false,"campfire_choices":[{"data":"champ:Execute","floor":1,"key":"SMITH"}],"circlet_count":0,"master_deck":["champ:Strike","champ:Strike","champ:Strike","champ:Strike","champ:Defend","champ:Defend","champ:Defend","champ:Defend","champ:Execute+1","champ:Taunt","champ:FlashCut","champ:AdrenalArmor+1","champ:IronFortress"],"relics":["champ:ChampionCrown","Toxic Egg 2"],"acts_visited":["Exordium"],"potions_floor_usage":[6],"damage_taken":[{"damage":18,"enemies":"Small Slimes","floor":2,"turns":3},{"damage":18,"enemies":"Jaw Worm","floor":4,"turns":3},{"damage":13,"enemies":"Cultist","floor":5,"turns":3},{"damage":56,"enemies":"Lagavulin","floor":6,"turns":7}],"seed_played":"-1403891025168137425","potions_obtained":[{"floor":4,"key":"bronze:BurnAndBuffPotion"}],"is_trial":false,"path_per_floor":["R","M","?","M","M","E"],"character_chosen":"THE_CHAMP","items_purchased":[],"campfire_rested":0,"item_purchase_floors":[],"current_hp_per_floor":[99,91,66,58,55,0,0,0],"gold":145,"neow_bonus":"TEN_PERCENT_HP_BONUS","is_daily":false,"chose_seed":false,"campfire_upgraded":1,"win_rate":0.0,"timestamp":1611628773,"path_taken":["R","M","?","M","M","E"],"items_purchased_type":[],"build_version":"2020-12-22","purchased_purges":0,"victory":false,"max_hp_per_floor":[99,99,99,99,99,99,99,99],"relic_stats":{"counters":[4,16],"obtain_stats":[{"champ:ChampionCrown":0,"Toxic Egg 2":3},{"champ:ChampionCrown":0,"Toxic Egg 2":1},{"champ:ChampionCrown":0,"Toxic Egg 2":3}]},"card_choices":[{"not_picked":["champ:Circumvent","champ:PreemptiveStrike"],"picked":"champ:FlashCut","floor":2},{"not_picked":["champ:Haymaker","champ:BerserkersShout+1"],"picked":"champ:AdrenalArmor+1","floor":4},{"not_picked":["champ:EndlessRage","champ:CrownThrow"],"picked":"champ:IronFortress","floor":5}],"player_experience":967239,"relics_obtained":[],"event_choices":[{"damage_healed":0,"gold_gain":0,"player_choice":"Success","damage_taken":25,"relics_obtained":["Toxic Egg 2"],"max_hp_gain":0,"max_hp_loss":0,"event_name":"Scrap Ooze","floor":3,"gold_loss":0}],"is_beta":false,"boss_relics":[],"items_purged_floors":[],"is_endless":false,"potions_floor_spawned":[4],"killed_by":"Lagavulin","ascension_level":0}}