{"host":"tm3ghj8mno6gwywm","time":1611683573,"event":{"mods":["2.2 Compatiblity","AchievementEnabler","Bard","BaseMod","Beaked The Cultist","Better Third Choice","Colored Map","Colored Powertips","Conspire","Downfall","Glutton Mod","GungeonMod","Halation","Hermit","Hubris","Infinite Spire","Jorbs\u0027s Wanderer Trilogy","Mad Scientist","Marisa????????","Marked Mod","Mimic Mod","Minty Spire (QoL Compilation)","Potionbrewer","Quick Restart","Replay The Spire","Shade Mod","Shop Mod","Somnambulant","Spicy Shops","StSLib","SuperFastMode","The Bug Knight","The Construct","The Cursed","The Disciple","The Hierophant","The IronCluck","The Judge","The Jungle","The Necromancer","The Runesmith","The Servant 0.9.4","egg"],"gold_per_floor":[399,417,427,277,288,65,140,174,174,184,18,18,18,44,55,154,154,166,188,185,207,319,409,409,420,436,455,351,51,51,51,68,187,187,187,202,222,233,233,249,300,322,37,37,37,37,37,2,29,29,29,70,34,34,34,34],"floor_reached":57,"language":"ENG","playtime":2370,"items_purged":["ReplayTheSpireMod:Splinters"],"score":1339,"play_id":"98b4c656-0e21-4447-9d12-1955ebc429ce","local_time":"20210126125253","is_ascension_mode":false,"campfire_choices":[{"floor":1,"key":"RECALL"},{"floor":12,"key":"REST"},{"data":"infinitespire:Pacifist","floor":18,"key":"SMITH"},{"floor":29,"key":"REST"},{"data":"Decay","floor":29,"key":"SMITH"},{"data":"WordoMod:Accursed","floor":35,"key":"SMITH"},{"floor":44,"key":"REST"},{"floor":46,"key":"REST"},{"floor":54,"key":"REST"}],"circlet_count":0,"master_deck":["hexamod:Strike+1","hexamod:Strike+1","hexamod:Strike+1","hexamod:Strike+1","hexamod:Defend+1","hexamod:Defend+1","hexamod:Defend+1","hexamod:Defend+1","hexamod:Sear+1","hexamod:Float+1","hexamod:Firestarter+1","hexamod:FlamesFromBeyond+1","hexamod:FlamesFromBeyond+1","hexamod:GhostflameBarrier+1","hexamod:ThermalTransfer+1","hexamod:PowerFromBeyond+1","hexamod:Incineration+1","hexamod:PhantomFireball+1","hexamod:HeatShield+1","hexamod:EtherealExpedition+1","hexamod:HeatCrush+1","hexamod:Hexaguard+1","hexamod:Hexaguard+1","hexamod:ChargedBarrage+1","hexamod:GiftsFromTheDead+1","hexamod:SpectersWail+1","hexamod:WildfireWeapon+1","hexamod:Firestarter+1","hexamod:FlamesFromBeyond+1","hexamod:ExtraCrispy+1","Replay:SS_forest_2+1","hexamod:HexaLevel+1","hexamod:HeatMetal+1","hexamod:Firestarter+1","hexamod:FlamesFromBeyond+1","hexamod:SecondSeal","hexamod:BurningTouch+1","hexamod:GhostflameInferno+1","hexamod:RadiantFlame+1","hexamod:HexaLevel+1","hexamod:HexaLevel+1","infinitespire:Gouge+1","hexamod:FirstSeal","hexamod:ForkedFlame+1","hexamod:FlamesFromBeyond+1","Replay:SS_hec_1+1","expansioncontent:PolyBeam+1","hexamod:FourthSeal","hexamod:SearingWound+1","hexamod:SoulSteal+1","hexamod:ThermalTransfer+1","hexamod:EmpoweredFlame+1"],"relics":["hexamod:SpiritBrand","Membership Card","Quantum Egg","Frozen Egg 2","Toxic Egg 2","Molten Egg 2","Black Star","Mummified Hand","Lizard Tail","WingedGreaves","Old Coin","War Paint","DemoMod:MeltedRock","halation:PrussianBluePaint","Replay:Kaleidoscope","infinitespire:Magic Flask","hubris:Icosahedron","halation:PromiseList","Replay:Ancient Bell","Matryoshka","champ:DuelingGlove","hubris:CuriousFeather","beaked:ShinyBauble","Gremlin Food","infinitespire:CursedDice","PreservedInsect","downfall:HeartBlessingGreen","downfall:HeartBlessingRed","downfall:HeartBlessingBlue","downfall:RedIOU","Prayer Wheel","TungstenRod","Slimebound:PreparedRelic","Bronze Scales","hexamod:TheBrokenSeal","Blue Candle","Boot","potionbrewer:Torch","Orichalcum"],"acts_visited":["Exordium","TheCity","TheBeyond","TheEnding"],"potions_floor_usage":[10,11,20,20,27,33,33,50,55,55,55],"damage_taken":[{"damage":0,"enemies":"Cultist","floor":2,"turns":3},{"damage":3,"enemies":"2 Louse","floor":3,"turns":3},{"damage":4,"enemies":"downfall:FleeingMerchant","floor":4,"turns":4},{"damage":0,"enemies":"Small Slimes","floor":5,"turns":3},{"damage":2,"enemies":"downfall:FleeingMerchant","floor":6,"turns":4},{"damage":27,"enemies":"3 Sentries","floor":8,"turns":6},{"damage":0,"enemies":"Exordium Thugs","floor":10,"turns":3},{"damage":7,"enemies":"downfall:FleeingMerchant","floor":11,"turns":4},{"damage":27,"enemies":"Lagavulin","floor":14,"turns":4},{"damage":0,"enemies":"2 Fungi Beasts","floor":15,"turns":4},{"damage":20,"enemies":"IC_STATUS_ARCHETYPE","floor":16,"turns":7},{"damage":0,"enemies":"Shell Parasite","floor":19,"turns":3},{"damage":21,"enemies":"downfall:FleeingMerchant","floor":20,"turns":4},{"damage":5,"enemies":"Spheric Guardian","floor":21,"turns":3},{"damage":0,"enemies":"downfall:FleeingMerchant","floor":23,"turns":1},{"damage":6,"enemies":"Snake Plant","floor":25,"turns":4},{"damage":0,"enemies":"Chosen and Byrds","floor":26,"turns":3},{"damage":8,"enemies":"conspire:HollyBat","floor":27,"turns":7},{"damage":0,"enemies":"Snecko","floor":32,"turns":4},{"damage":89,"enemies":"DF_ARCHETYPE_CLAW","floor":33,"turns":7},{"damage":15,"enemies":"3 Shapes","floor":36,"turns":4},{"damage":2,"enemies":"Orb Walker","floor":37,"turns":3},{"damage":31,"enemies":"Jaw Worm Horde","floor":38,"turns":4},{"damage":3,"enemies":"4 Shapes","floor":40,"turns":3},{"damage":10,"enemies":"Sphere and 2 Shapes","floor":41,"turns":7},{"damage":46,"enemies":"Sphere and 2 Shapes","floor":42,"turns":6},{"damage":0,"enemies":"Transient","floor":49,"turns":5},{"damage":33,"enemies":"WA_ARCHETYPE_DIVINITY","floor":50,"turns":9},{"damage":21,"enemies":"downfall:CharBossMerchant","floor":52,"turns":5},{"damage":1,"enemies":"downfall:NeowBoss","floor":55,"turns":9},{"damage":69,"enemies":"downfall:NeowBossFinal","floor":56,"turns":8}],"seed_played":"1840888289475775617","potions_obtained":[{"floor":3,"key":"Block Potion"},{"floor":8,"key":"bronze:BurnAndBuffPotion"},{"floor":10,"key":"hexamod:EctoCoolerPotion"},{"floor":14,"key":"sneckomod:MuddlingPotion"},{"floor":16,"key":"hexamod:DoubleChargePotion"},{"floor":19,"key":"infinitespire:BlackPotion"},{"floor":21,"key":"hexamod:DoubleChargePotion"},{"floor":25,"key":"EssenceOfSteel"},{"floor":26,"key":"Regen Potion"},{"floor":38,"key":"Elixir"},{"floor":49,"key":"potionbrewer:DiscountPotion"}],"is_trial":false,"path_per_floor":["R","M","M","$","M","$","T","E","?","M","$","R","?","E","M","B",null,"R","M","$","M","?","$","T","M","M","M","$","R","?","?","M","B",null,"R","M","M","M","AVR","M","MIM","M","$","R","?","R","?","$","M","B",null,"E","$","R","B","B",null],"character_chosen":"THE_SPIRIT","items_purchased":["hexamod:GhostflameBarrier+1","War Paint","hexamod:ThermalTransfer+1","DemoMod:MeltedRock","hexamod:Incineration+1","hexamod:PhantomFireball+1","infinitespire:Magic Flask","hubris:CuriousFeather","beaked:ShinyBauble","Replay:SS_forest_2","hexamod:SecondSeal","PreservedInsect","Replay:SS_hec_1","Blue Candle","Boot","CultistPotion","hexamod:FourthSeal","hexamod:EmpoweredFlame+1"],"campfire_rested":5,"item_purchase_floors":[4,4,4,6,6,6,11,23,23,23,28,28,43,43,43,43,48,53],"current_hp_per_floor":[77,77,74,70,70,68,68,41,41,41,34,57,57,30,30,10,77,77,77,56,51,51,51,51,45,45,52,52,87,87,87,87,43,87,87,72,70,46,46,43,40,95,95,97,97,97,97,97,97,71,97,83,83,97,97,35],"gold":34,"neow_bonus":"TEN_PERCENT_HP_BONUS","is_daily":false,"chose_seed":false,"campfire_upgraded":3,"win_rate":0.0,"timestamp":1611683573,"path_taken":["R","M","?","$","M","$","T","E","?","M","$","R","?","E","M","BOSS","R","M","$","M","?","?","T","?","M","M","$","R","?","?","M","BOSS","R","M","M","M","AVR","M","MIM","M","$","R","?","R","?","?","M","BOSS","E","$","R","BOSS","BOSS"],"items_purchased_type":["Card","Relic","Card","Relic","Card","Card","Relic","Relic","Relic","Card","Card","Relic","Card","Relic","Relic","Potion","Card","Card"],"build_version":"2020-12-22","purchased_purges":1,"victory":true,"max_hp_per_floor":[77,77,77,77,77,77,77,77,77,77,77,77,77,77,77,77,77,77,77,77,77,77,77,77,77,77,77,77,87,87,87,87,87,87,87,87,87,87,87,87,87,97,97,97,97,97,97,97,97,97,97,97,97,97,97,97],"card_choices":[{"not_picked":["hexamod:AdvancingGuard+1","hexamod:StepThrough+1"],"picked":"hexamod:Firestarter+1","floor":2},{"not_picked":["hexamod:InspiringFlames+1","hexamod:BurningTouch+1"],"picked":"hexamod:FlamesFromBeyond+1","floor":3},{"not_picked":["hexamod:ShieldOfDarkness+1","hexamod:PhantomFireball+1"],"picked":"hexamod:FlamesFromBeyond+1","floor":4},{"not_picked":["hexamod:SpectralSpark+1","hexamod:NightmareStrike+1"],"picked":"hexamod:PowerFromBeyond+1","floor":5},{"not_picked":["hexamod:NightmareGuise+1","hexamod:Again+1","hexamod:SwordOfDarkness+1"],"picked":"SKIP","floor":6},{"not_picked":["hexamod:SwordOfDarkness+1","hexamod:SuperheatedStrike+1"],"picked":"hexamod:HeatShield+1","floor":8},{"not_picked":["hexamod:HeatShield+1","hexamod:SkipABeat+1"],"picked":"hexamod:ThirdSeal","floor":10},{"not_picked":["hexamod:ApocalypticArmor+1","hexamod:ShieldOfDarkness+1"],"picked":"hexamod:EtherealExpedition+1","floor":11},{"not_picked":["hexamod:EtherealExpedition+1","hexamod:InspiringFlames+1"],"picked":"hexamod:HeatCrush+1","floor":11},{"not_picked":["hexamod:Firestarter+1","hexamod:SkipABeat+1"],"picked":"hexamod:Hexaguard+1","floor":14},{"not_picked":["hexamod:NightmareStrike+1","hexamod:UnlimitedPower+1"],"picked":"hexamod:SixthSeal","floor":14},{"not_picked":["hexamod:SwordOfDarkness+1","hexamod:PhantomFireball+1"],"picked":"hexamod:Hexaguard+1","floor":15},{"not_picked":["hexamod:AdvancingGuard+1","hexamod:Firestarter+1"],"picked":"hexamod:ChargedBarrage+1","floor":15},{"not_picked":["hexamod:GhostflameInferno+1","hexamod:ApocalypticArmor+1"],"picked":"hexamod:GiftsFromTheDead+1","floor":16},{"not_picked":["Writhe","hubris:Sloth"],"picked":"WordoMod:Accursed","floor":17},{"not_picked":["Voices","Amnesia"],"picked":"ReplayTheSpireMod:Splinters","floor":17},{"not_picked":["ReplayTheSpireMod:Restless Dread","Amnesia"],"picked":"infinitespire:Pacifist","floor":17},{"not_picked":["hexamod:InspiringFlames+1","hexamod:HeatCrush+1"],"picked":"hexamod:SpectersWail+1","floor":19},{"not_picked":["hexamod:NightmareGuise+1","hexamod:RadiantFlame+1"],"picked":"hexamod:WildfireWeapon+1","floor":19},{"not_picked":["hexamod:PhantomCloak+1","hexamod:NightmareStrike+1"],"picked":"hexamod:Firestarter+1","floor":20},{"not_picked":["hexamod:NightmareGuise+1","hexamod:FastForward+1"],"picked":"hexamod:FlamesFromBeyond+1","floor":20},{"not_picked":["hexamod:Rewind+1","hexamod:SuperheatedStrike+1"],"picked":"hexamod:ExtraCrispy+1","floor":21},{"not_picked":["hexamod:BacktrackSmack+1","hexamod:InspiringFlames+1","hexamod:NightmareGuise+1"],"picked":"SKIP","floor":21},{"not_picked":["hexamod:NightmareStrike+1","hexamod:InspiringFlames+1","hexamod:GhostLash+1"],"picked":"SKIP","floor":23},{"not_picked":["hexamod:SpectralAdrenaline+1","hexamod:ShieldOfDarkness+1","hexamod:NightmareStrike+1"],"picked":"SKIP","floor":23},{"not_picked":["hexamod:NightmareStrike+1","hexamod:Hexaguard+1"],"picked":"hexamod:HexaLevel+1","floor":25},{"not_picked":["hexamod:NightmareGuise+1","hexamod:SpectersWail+1"],"picked":"hexamod:HeatMetal+1","floor":26},{"not_picked":["hexamod:ShieldOfDarkness+1","hexamod:BurningTouch+1"],"picked":"hexamod:Firestarter+1","floor":26},{"not_picked":["hexamod:NecessarySacrifice+1","hexamod:Again+1"],"picked":"hexamod:FlamesFromBeyond+1","floor":27},{"not_picked":["hexamod:GhostShield+1","hexamod:SwordOfDarkness+1","hexamod:GhostLash+1"],"picked":"SKIP","floor":27},{"not_picked":["hexamod:DynamicBlow+1","hexamod:ShieldOfDarkness+1"],"picked":"hexamod:BurningTouch+1","floor":32},{"not_picked":["hexamod:TurnItUp+1","hexamod:GiftsFromTheDead+1"],"picked":"hexamod:FifthSeal","floor":33},{"not_picked":["hexamod:TimeWarp+1","hexamod:GhostOfSpirePresent+1"],"picked":"hexamod:GhostflameInferno+1","floor":33},{"not_picked":["hexamod:FourthSeal","hexamod:ThirdSeal"],"picked":"hexamod:FirstSeal","floor":36},{"not_picked":["hexamod:AdvancingGuard+1","hexamod:SwordOfDarkness+1"],"picked":"hexamod:RadiantFlame+1","floor":36},{"not_picked":["hexamod:FastForward+1","hexamod:ForkedFlame+1","hexamod:ShieldOfDarkness+1"],"picked":"SKIP","floor":36},{"not_picked":["hexamod:GhostLash+1","hexamod:ThermalTransfer+1"],"picked":"hexamod:HexaLevel+1","floor":37},{"not_picked":["hexamod:Firestarter+1","hexamod:BurningTouch+1"],"picked":"hexamod:HexaLevel+1","floor":38},{"not_picked":["hexamod:RainOfEmbers+1","hexamod:Hexaguard+1","hexamod:RetreatToShadows+1"],"picked":"SKIP","floor":38},{"not_picked":["hexamod:PowerFromBeyond+1","hexamod:ChargedBarrage+1"],"picked":"hexamod:FourthSeal","floor":40},{"not_picked":["hexamod:SpectersWail+1","hexamod:RadiantFlame+1"],"picked":"hexamod:FirstSeal","floor":40},{"not_picked":["hexamod:HeatMetal+1","hexamod:FastForward+1","hexamod:SwordOfDarkness+1"],"picked":"SKIP","floor":40},{"not_picked":["hexamod:GhostLash+1","hexamod:Hexaguard+1"],"picked":"hexamod:ForkedFlame+1","floor":42},{"not_picked":["hexamod:FastForward+1","hexamod:InspiringFlames+1"],"picked":"hexamod:FlamesFromBeyond+1","floor":42},{"not_picked":["expansioncontent:AwakenDeath+1","expansioncontent:GuardianWhirl+1"],"picked":"expansioncontent:PolyBeam+1","floor":45},{"not_picked":["hexamod:SuperheatedStrike+1","hexamod:FourthSeal"],"picked":"hexamod:SearingWound+1","floor":49},{"not_picked":["hexamod:SwordOfDarkness+1","hexamod:NightmareStrike+1"],"picked":"hexamod:SoulSteal+1","floor":49},{"not_picked":["hexamod:NecessarySacrifice+1","hexamod:SuperheatedStrike+1"],"picked":"hexamod:ThermalTransfer+1","floor":52}],"player_experience":841962,"relics_obtained":[{"floor":8,"key":"halation:PrussianBluePaint"},{"floor":8,"key":"Replay:Kaleidoscope"},{"floor":14,"key":"halation:PromiseList"},{"floor":24,"key":"Gremlin Food"},{"floor":24,"key":"infinitespire:CursedDice"},{"floor":41,"key":"TungstenRod"},{"floor":41,"key":"Slimebound:PreparedRelic"},{"floor":41,"key":"Bronze Scales"},{"floor":52,"key":"potionbrewer:Torch"},{"floor":52,"key":"Orichalcum"}],"event_choices":[{"damage_healed":0,"gold_gain":0,"player_choice":"Leave","damage_taken":0,"max_hp_gain":0,"max_hp_loss":0,"event_name":"conspire:Investor","floor":31,"gold_loss":0}],"is_beta":false,"boss_relics":[{"not_picked":["Astrolabe","Runic Dome"],"picked":"Replay:Ancient Bell"},{"not_picked":["Replay:Bandana","Dream Catcher"],"picked":"MawBank"},{"not_picked":["hubris:DeckOfHolding","The Courier"],"picked":"Matryoshka"},{"not_picked":["Ginger","hubris:Teleporter"],"picked":"champ:DuelingGlove"},{"not_picked":["Runesmith:UraniumAnvil","conspire:SlowCooker","Replay:Fungal Core"]}],"items_purged_floors":[23],"is_endless":false,"potions_floor_spawned":[3,8,10,14,16,19,21,25,26,27,33,38,42,49,52],"ascension_level":0}}