{"host":"9n6i2vl93jt4o42q","time":1611653769,"event":{"mods":["BaseMod","Minty Spire (QoL Compilation)","Relic Stats"],"gold_per_floor":[118,137,147,158,123,134,134,145,145,145,159,159,172,182,182,255,255,265,20,39,53,143,143,155,183,183,3,3,3,3,3],"floor_reached":30,"language":"ENG","playtime":2420,"items_purged":["Strike_R","Strike_R"],"score":492,"play_id":"808a547a-826c-461f-8e44-e6e75b63c9ec","local_time":"20210126103609","is_ascension_mode":true,"campfire_choices":[{"data":"Infernal Blade","floor":7.0,"key":"SMITH"},{"data":"Bash","floor":12.0,"key":"SMITH"},{"data":"Berserk","floor":15.0,"key":"SMITH"},{"floor":23,"key":"REST"},{"floor":29,"key":"REST"}],"circlet_count":0,"master_deck":["AscendersBane","Defend_R","Defend_R","Defend_R","Defend_R+1","Bash+1","Inflame","Seeing Red","Feel No Pain","Infernal Blade+1","Cleave","Sentinel+1","Seeing Red","Berserk+1","Sword Boomerang","Offering","Pummel","Dark Embrace","Shrug It Off","Bloodletting","Battle Trance+1","Clothesline","Headbutt+1","Flame Barrier+1","Power Through"],"relics":["Burning Blood","Dead Branch","Shuriken","Omamori","Empty Cage","Lantern","War Paint"],"acts_visited":["Exordium","TheCity"],"potions_floor_usage":[25],"damage_taken":[{"damage":3.0,"enemies":"2 Louse","floor":1.0,"turns":4.0},{"damage":9.0,"enemies":"Jaw Worm","floor":2.0,"turns":4.0},{"damage":0.0,"enemies":"Cultist","floor":3.0,"turns":3.0},{"damage":39.0,"enemies":"Exordium Thugs","floor":4.0,"turns":7.0},{"damage":8.0,"enemies":"Blue Slaver","floor":6.0,"turns":4.0},{"damage":9.0,"enemies":"2 Fungi Beasts","floor":8.0,"turns":3.0},{"damage":9.0,"enemies":"Looter","floor":11.0,"turns":4.0},{"damage":7.0,"enemies":"Lots of Slimes","floor":13.0,"turns":3.0},{"damage":1.0,"enemies":"Red Slaver","floor":14.0,"turns":2.0},{"damage":20.0,"enemies":"Hexaghost","floor":16.0,"turns":7.0},{"damage":23,"enemies":"3 Byrds","floor":18,"turns":4},{"damage":3,"enemies":"Chosen","floor":20,"turns":5},{"damage":12,"enemies":"3 Cultists","floor":21,"turns":2},{"damage":15,"enemies":"Centurion and Healer","floor":24,"turns":5},{"damage":34,"enemies":"Gremlin Leader","floor":25,"turns":6},{"damage":60,"enemies":"Slavers","floor":30,"turns":6}],"seed_played":"6289475211519719937","potions_obtained":[{"floor":2.0,"key":"AttackPotion"},{"floor":3.0,"key":"PowerPotion"},{"floor":6.0,"key":"SkillPotion"},{"floor":16.0,"key":"Block Potion"},{"floor":20,"key":"FairyPotion"}],"is_trial":false,"path_per_floor":["M","M","M","M","?","M","R","M","T","?","M","R","M","M","R","B",null,"M","$","M","M","?","R","M","E","T","$","?","R","E"],"character_chosen":"IRONCLAD","items_purchased":["Dark Embrace","Shrug It Off","Bloodletting","Power Through"],"campfire_rested":2,"item_purchase_floors":[19,19,19,27],"current_hp_per_floor":[68,65,68,35,52,50,50,47,47,42,39,39,38,43,43,29,58,41,41,44,38,26,46,37,9,9,9,9,29,0,0],"gold":3,"neow_bonus":"ONE_RARE_RELIC","is_daily":false,"chose_seed":false,"campfire_upgraded":3,"win_rate":0.0,"timestamp":1611653769,"path_taken":["M","M","M","M","?","M","R","M","T","?","M","R","M","M","R","BOSS","M","$","M","M","?","R","?","E","T","$","?","R","E"],"items_purchased_type":["Card","Card","Card","Card"],"build_version":"2020-12-22","purchased_purges":2,"victory":false,"max_hp_per_floor":[68,68,68,68,68,68,68,68,68,68,68,68,68,68,68,68,68,68,68,68,68,68,68,68,68,68,68,68,68,68,68],"relic_stats":{"counters":[16,69],"Shuriken":[15],"Dead Branch":[92],"War Paint":["Sentinel","Defend_R"],"obtain_stats":[{"Lantern":25,"Shuriken":9,"Dead Branch":0,"Omamori":10,"War Paint":26,"Empty Cage":17,"Burning Blood":0},{"Lantern":15,"Shuriken":6,"Dead Branch":0,"Omamori":6,"War Paint":15,"Empty Cage":10,"Burning Blood":0},{"Lantern":63,"Shuriken":25,"Dead Branch":0,"Omamori":25,"War Paint":63,"Empty Cage":41,"Burning Blood":0}],"Burning Blood":84},"card_choices":[{"not_picked":["Clash","Perfected Strike"],"picked":"Inflame","floor":1.0},{"not_picked":["Rupture","Clothesline"],"picked":"Seeing Red","floor":2.0},{"not_picked":["Rupture","Rage"],"picked":"Feel No Pain","floor":3.0},{"not_picked":["Twin Strike","Shrug It Off"],"picked":"Infernal Blade","floor":4.0},{"not_picked":["Spot Weakness","Body Slam"],"picked":"Cleave","floor":6.0},{"not_picked":["Carnage","Anger"],"picked":"Sentinel","floor":8.0},{"not_picked":["Heavy Blade","Clash"],"picked":"Seeing Red","floor":11.0},{"not_picked":["Clash","Sentinel"],"picked":"Berserk","floor":13.0},{"not_picked":["Heavy Blade","Perfected Strike"],"picked":"Sword Boomerang","floor":14.0},{"not_picked":["Immolate","Corruption"],"picked":"Offering","floor":16.0},{"not_picked":["Cleave+1","Feel No Pain"],"picked":"Pummel","floor":18},{"not_picked":["Rupture","Burning Pact"],"picked":"Battle Trance+1","floor":20},{"not_picked":["Iron Wave","Sever Soul"],"picked":"Clothesline","floor":21},{"not_picked":["Shrug It Off","Perfected Strike"],"picked":"Headbutt+1","floor":24},{"not_picked":["Thunderclap","Entrench"],"picked":"Flame Barrier+1","floor":25}],"player_experience":2296003,"relics_obtained":[{"floor":9.0,"key":"Shuriken"},{"floor":25,"key":"Lantern"},{"floor":26,"key":"War Paint"}],"event_choices":[{"damage_healed":17.0,"max_hp_gain":0.0,"max_hp_loss":0.0,"gold_gain":0.0,"event_name":"The Cleric","player_choice":"Healed","floor":5.0,"gold_loss":35.0,"damage_taken":0.0},{"damage_healed":0.0,"max_hp_gain":0.0,"max_hp_loss":0.0,"gold_gain":0.0,"event_name":"Scrap Ooze","player_choice":"Success","floor":10.0,"gold_loss":0.0,"damage_taken":5.0,"relics_obtained":["Omamori"]},{"damage_healed":0,"gold_gain":90,"player_choice":"GOLD ","damage_taken":12,"max_hp_gain":0,"max_hp_loss":0,"event_name":"Knowing Skull","floor":22,"potions_obtained":[],"gold_loss":0,"cards_obtained":[]},{"cards_removed":["Strike_R"],"damage_healed":0,"gold_gain":0,"player_choice":"Purged","damage_taken":0,"max_hp_gain":0,"max_hp_loss":0,"event_name":"Purifier","floor":28,"gold_loss":0}],"is_beta":false,"boss_relics":[{"not_picked":["Tiny House","Velvet Choker"],"picked":"Empty Cage"}],"items_purged_floors":[19,27],"is_endless":false,"potions_floor_spawned":[2,3,6,14,16,20],"killed_by":"Slavers","ascension_level":20}}