{"host":"gln8pem4hnwuntpa","time":1611698279,"event":{"mods":["BaseMod","Lobotomy","Minty Spire (QoL Compilation)","Quick Restart","Replay The Spire","StSLib"],"gold_per_floor":[115,128,128,128,403,403,418,418,418],"floor_reached":8,"language":"ZHS","playtime":279,"items_purged":[],"score":48,"play_id":"60b53db1-8201-4603-bc80-84289d6b9e84","local_time":"20210127055759","is_ascension_mode":true,"campfire_choices":[{"data":"Reprogram","floor":6,"key":"SMITH"}],"circlet_count":0,"master_deck":["Strike_B","Strike_B+1","Strike_B","Strike_B","Defend_B","Defend_B","Defend_B","Defend_B","Zap","Dualcast","VoidDream","Reprogram+1","MeatLantern","Steam","Injury","Regret","Scorched","Reprogram"],"relics":["Cracked Core","CogitoBucket","Golden Idol"],"acts_visited":["Exordium"],"potions_floor_usage":[8],"damage_taken":[{"damage":3,"enemies":"Jaw Worm","floor":1,"turns":3},{"damage":0,"enemies":"Small Slimes","floor":2,"turns":3},{"damage":2,"enemies":"Cultist","floor":7,"turns":3},{"damage":94,"enemies":"Gremlin Nob","floor":8,"turns":6}],"seed_played":"4987114493600466263","potions_obtained":[{"floor":2,"key":"LiquidMemories"}],"is_trial":false,"path_per_floor":["M","M","?","?","?","R","M","E"],"character_chosen":"DEFECT","items_purchased":[],"campfire_rested":0,"item_purchase_floors":[],"current_hp_per_floor":[72,72,72,72,72,72,70,0,0],"gold":418,"neow_bonus":"","is_daily":false,"chose_seed":false,"campfire_upgraded":1,"win_rate":0.0,"timestamp":1611698279,"path_taken":["M","M","?","?","?","R","?","E"],"items_purchased_type":[],"build_version":"2020-12-22","purchased_purges":0,"victory":false,"max_hp_per_floor":[75,75,75,75,75,75,75,75,75],"card_choices":[{"not_picked":["PunishingBird","FairyFestival"],"picked":"VoidDream","floor":1},{"not_picked":["Panic Button","Loop"],"picked":"Reprogram","floor":1},{"not_picked":["CherryBlossoms","Scarecrow"],"picked":"MeatLantern","floor":2},{"not_picked":["Lockon","Turbo"],"picked":"Steam","floor":2},{"not_picked":["PunishingBird","Yin"],"picked":"Scorched","floor":7},{"not_picked":["FIFO Queue","Loop"],"picked":"Reprogram","floor":7}],"player_experience":109859,"relics_obtained":[],"event_choices":[{"damage_healed":0,"gold_gain":0,"player_choice":"Take Wound","damage_taken":0,"relics_obtained":["Golden Idol"],"max_hp_gain":0,"max_hp_loss":0,"event_name":"Golden Idol","floor":4,"gold_loss":0,"cards_obtained":["Injury"]},{"damage_healed":0,"gold_gain":275,"player_choice":"Desecrate","damage_taken":0,"max_hp_gain":0,"max_hp_loss":0,"event_name":"Golden Shrine","floor":5,"gold_loss":0,"cards_obtained":["Regret"]}],"is_beta":false,"boss_relics":[],"items_purged_floors":[],"is_endless":false,"potions_floor_spawned":[2],"killed_by":"Gremlin Nob","ascension_level":1}}