{"host":"gzsdmyo07u314vug","time":1611688752,"event":{"mods":["2.2 Compatiblity","Astrologer","BaseMod","Colored Powertips","GifTheSpireLib","Gremlin Mod","Hermit","Jorbs\u0027s Wanderer Trilogy","Minty Spire (QoL Compilation)","Quick Restart","Rare Cards Sparkle","Relic Stats","Replay The Spire","Robot Space Explorer","Shop Mod","StSLib","The Bug Knight","The Construct","The Cursed","The Elementalist","The Hierophant","The IronCluck","The Marked","The Necromancer","The Runesmith","The Servant 0.9.4","Unceasing Turn Reminder","everything is the same but u backflip on backflip","slay the spire mod where everything is the same but ironclad has a cowboy hat"],"gold_per_floor":[116,130,130,100,124,124,137,137,137,156,81,81,81,112,112,231,231,255,280,195,195,195,195,228,244,268,303,323,45,79,104,104,229,229,243,259,322,347,361,361,379,379,453,675,675,585,628,6,6,6],"floor_reached":51,"language":"ENG","playtime":3818,"items_purged":["Strike_S","MurderousAura","Barrier"],"score":1289,"play_id":"2a2932e0-b528-4c9d-9147-8bef874fdeec","local_time":"20210126161912","is_ascension_mode":true,"campfire_choices":[{"data":"FlawlessForm","floor":6,"key":"SMITH"},{"data":"Spin","floor":8,"key":"SMITH"},{"data":"Unruled","floor":12,"key":"SMITH"},{"floor":15,"key":"DIG"},{"data":"BestPractice","floor":23,"key":"SMITH"},{"data":"Reprogram","floor":32,"key":"SMITH"},{"data":"Mayhem","floor":40,"key":"SMITH"},{"data":"BottledTime","floor":42,"key":"SMITH"},{"data":"BottledTime","floor":45,"key":"SMITH"},{"data":"Luminosity","floor":49,"key":"SMITH"}],"circlet_count":0,"master_deck":["AscendersBane","Defy","FlawlessForm+1","Unruled+1","Spin+1","Reprogram+1","Reboot+1","Luminosity+1","LightFlow","TheWorld","KillingDoll","Dilation","Collapse+1","BestPractice+1","BottledTime+1","DoubleEdge","SpecialFormula","Contraction","BottledTime+1","Mayhem+1"],"relics":["Uniform","Golden Idol","Art of War","Runesmith:Nanobots","Vajra","Pandora\u0027s Box","Dream Catcher","MutagenicStrength","HornCleat","PreservedInsect","OldScarf","Red Mask","Replay:Bronze Core","Calipers","Kunai","Molten Egg 2","Strange Spoon","Blood Vial","Happy Flower"],"acts_visited":["Exordium","TheCity","TheBeyond"],"potions_floor_usage":[14,18,25,33,39,41,50],"damage_taken":[{"damage":0,"enemies":"Small Slimes","floor":1,"turns":4},{"damage":0,"enemies":"Cultist","floor":2,"turns":5},{"damage":0,"enemies":"2 Louse","floor":5,"turns":4},{"damage":7,"enemies":"2 Fungi Beasts","floor":7,"turns":4},{"damage":0,"enemies":"Large Slime","floor":10,"turns":5},{"damage":6,"enemies":"Lagavulin","floor":14,"turns":7},{"damage":12,"enemies":"Fading Forest","floor":16,"turns":11},{"damage":15,"enemies":"2 Thieves","floor":18,"turns":3},{"damage":3,"enemies":"Cultist and Chosen","floor":19,"turns":6},{"damage":0,"enemies":"Gremlin Leader","floor":24,"turns":5},{"damage":0,"enemies":"Centurion and Healer","floor":25,"turns":3},{"damage":0,"enemies":"Replay:Snechameleon","floor":27,"turns":3},{"damage":0,"enemies":"Snecko","floor":28,"turns":3},{"damage":0,"enemies":"Masked Bandits","floor":30,"turns":2},{"damage":0,"enemies":"Cultist and Chosen","floor":31,"turns":5},{"damage":0,"enemies":"Pondfish","floor":33,"turns":5},{"damage":0,"enemies":"3 Darklings","floor":35,"turns":4},{"damage":0,"enemies":"Orb Walker","floor":36,"turns":3},{"damage":0,"enemies":"Mind Bloom Boss Battle","floor":37,"turns":6},{"damage":0,"enemies":"3 Darklings","floor":38,"turns":2},{"damage":15,"enemies":"Jaw Worm Horde","floor":39,"turns":3},{"damage":1,"enemies":"Transient","floor":41,"turns":5},{"damage":0,"enemies":"HollowMod:StalkingDevout","floor":47,"turns":4},{"damage":20,"enemies":"Donu and Deca","floor":50,"turns":8}],"seed_played":"-8429907022201464731","potions_obtained":[{"floor":4,"key":"Regen Potion"},{"floor":4,"key":"SteroidPotion"},{"floor":14,"key":"SpeedPotion"},{"floor":19,"key":"PowerPotion"},{"floor":25,"key":"LiquidBronze"},{"floor":31,"key":"FearPotion"},{"floor":35,"key":"Energy Potion"},{"floor":41,"key":"SpeedPotion"}],"is_trial":false,"path_per_floor":["M","M","?","?","M","R","M","R","T","M","$","R","?","E","R","B",null,"M","M","?","?","?","R","E","M","T","E","M","$","?","M","R","B",null,"M","M","?","M","M","R","M","R","T","?","R","?","E","$","R","B",null],"character_chosen":"THE_SERVANT","items_purchased":["Mayhem","Strange Spoon","Blood Vial","Happy Flower","Fire Potion"],"campfire_rested":0,"item_purchase_floors":[29,48,48,48,48],"current_hp_per_floor":[59,59,43,43,43,43,36,36,36,36,36,36,36,45,45,41,59,44,41,41,41,41,41,41,41,41,46,46,46,46,46,46,51,62,65,65,65,65,55,55,59,59,59,59,59,59,65,65,65,53],"gold":6,"neow_bonus":"UPGRADE_CARD","is_daily":false,"chose_seed":false,"campfire_upgraded":9,"win_rate":0.0,"timestamp":1611688752,"path_taken":["M","M","?","?","M","R","?","R","T","M","$","R","?","E","R","BOSS","M","M","?","?","?","R","E","M","T","E","M","$","?","M","R","BOSS","M","M","?","M","M","R","M","R","T","?","R","?","E","$","R","BOSS"],"items_purchased_type":["Card","Relic","Relic","Relic","Potion"],"build_version":"2020-12-22","purchased_purges":3,"victory":true,"max_hp_per_floor":[65,65,65,65,65,65,65,65,65,65,65,65,65,65,65,65,65,65,65,65,65,65,65,65,65,65,65,65,65,65,65,65,65,65,65,65,65,65,65,65,65,65,65,65,65,65,65,65,65,65],"relic_stats":{"Blood Vial":0,"Strange Spoon":[5],"Dream Catcher":0,"Happy Flower":[2],"counters":[24,110],"Golden Idol":175,"Pandora\u0027s Box":["TheWorld","KillingDoll","Barrier","Dilation","MurderousAura","Foresight","Collapse"],"PreservedInsect":116,"Art of War":[15],"Kunai":[3],"obtain_stats":[{"Runesmith:Nanobots":14,"Calipers":37,"Happy Flower":48,"Golden Idol":3,"Vajra":15,"PreservedInsect":26,"Uniform":0,"Blood Vial":48,"Strange Spoon":48,"Dream Catcher":20,"HornCleat":24,"MutagenicStrength":22,"Replay:Bronze Core":34,"Pandora\u0027s Box":17,"Molten Egg 2":47,"Art of War":9,"Red Mask":30,"Kunai":43,"OldScarf":27},{"Runesmith:Nanobots":6,"Calipers":19,"Happy Flower":23,"Golden Idol":2,"Vajra":6,"PreservedInsect":11,"Uniform":0,"Blood Vial":23,"Strange Spoon":23,"Dream Catcher":9,"HornCleat":10,"MutagenicStrength":9,"Replay:Bronze Core":16,"Pandora\u0027s Box":7,"Molten Egg 2":23,"Art of War":4,"Red Mask":14,"Kunai":22,"OldScarf":12},{"Runesmith:Nanobots":29,"Calipers":88,"Happy Flower":102,"Golden Idol":9,"Vajra":29,"PreservedInsect":57,"Uniform":0,"Blood Vial":102,"Strange Spoon":102,"Dream Catcher":49,"HornCleat":54,"MutagenicStrength":49,"Replay:Bronze Core":75,"Pandora\u0027s Box":40,"Molten Egg 2":102,"Art of War":17,"Red Mask":65,"Kunai":98,"OldScarf":60}]},"card_choices":[{"not_picked":["Revamp","SpecialFormula"],"picked":"Defy","floor":1},{"not_picked":["Rearm","Gouge"],"picked":"FlawlessForm","floor":2},{"not_picked":["Rewind","FanOfKnives"],"picked":"Unruled","floor":5},{"not_picked":["Revamp","DoubleEdge"],"picked":"Spin","floor":7},{"not_picked":["Read","TimeWarp","Rearm"],"picked":"SKIP","floor":10},{"not_picked":["Unruled","Moondial"],"picked":"Luminosity","floor":14},{"not_picked":["SilverMatrix","MurderousAura"],"picked":"LightFlow","floor":16},{"not_picked":["Revamp","ShatteredReality"],"picked":"BestPractice","floor":18},{"not_picked":["Rearm","Spin"],"picked":"BottledTime","floor":19},{"not_picked":["TrueSight","Alleviate","Orbit"],"picked":"SKIP","floor":24},{"not_picked":["TimeWarp+1","Ricochet"],"picked":"SpecialFormula","floor":25},{"not_picked":["Replace","TimeWarp"],"picked":"Contraction","floor":27},{"not_picked":["ShatteredReality","Rearm"],"picked":"BottledTime","floor":28},{"not_picked":["Revamp","Rearm","RealityMarble"],"picked":"SKIP","floor":31},{"not_picked":["Rearm","Rewind+1","Moondial"],"picked":"SKIP","floor":35},{"not_picked":["BestPractice","Desolation","ReturningBlade"],"picked":"SKIP","floor":36},{"not_picked":["ShatteredReality","LightFlow","Manipulate"],"picked":"SKIP","floor":38},{"not_picked":["Ricochet","Potential+1","BestPractice"],"picked":"SKIP","floor":39},{"not_picked":["DancingSilver","Revamp","Rewind"],"picked":"SKIP","floor":41},{"not_picked":["Replace+1","GearUp","Rearm"],"picked":"SKIP","floor":47}],"player_experience":788443,"relics_obtained":[{"floor":9,"key":"Art of War"},{"floor":14,"key":"Runesmith:Nanobots"},{"floor":15,"key":"Vajra"},{"floor":24,"key":"HornCleat"},{"floor":26,"key":"PreservedInsect"},{"floor":27,"key":"OldScarf"},{"floor":30,"key":"Red Mask"},{"floor":37,"key":"Calipers"},{"floor":43,"key":"Kunai"},{"floor":47,"key":"Molten Egg 2"}],"event_choices":[{"damage_healed":0,"gold_gain":0,"player_choice":"Take Damage","damage_taken":16,"relics_obtained":["Golden Idol"],"max_hp_gain":0,"max_hp_loss":0,"event_name":"Golden Idol","floor":3,"gold_loss":0},{"damage_healed":0,"gold_gain":0,"player_choice":"Bought 2 Potions","damage_taken":0,"max_hp_gain":0,"max_hp_loss":0,"event_name":"The Woman in Blue","floor":4,"gold_loss":0},{"damage_healed":0,"gold_gain":0,"player_choice":"Obtained Relic","damage_taken":0,"relics_obtained":["Dream Catcher"],"max_hp_gain":0,"max_hp_loss":0,"event_name":"Addict","floor":20,"gold_loss":85},{"damage_healed":0,"gold_gain":0,"player_choice":"Read","damage_taken":0,"max_hp_gain":0,"max_hp_loss":0,"event_name":"The Library","floor":21,"gold_loss":0,"cards_obtained":["DoubleEdge"]},{"damage_healed":0,"gold_gain":0,"player_choice":"Inject Mutagens","damage_taken":0,"relics_obtained":["MutagenicStrength"],"max_hp_gain":0,"max_hp_loss":0,"event_name":"Drug Dealer","floor":22,"gold_loss":0},{"damage_healed":0,"gold_gain":0,"player_choice":"Fought Bandits","damage_taken":0,"max_hp_gain":0,"max_hp_loss":0,"event_name":"Masked Bandits","floor":30,"gold_loss":0},{"damage_healed":0,"gold_gain":0,"player_choice":"Fight","damage_taken":0,"max_hp_gain":0,"max_hp_loss":0,"event_name":"MindBloom","floor":37,"gold_loss":0},{"damage_healed":0,"gold_gain":222,"player_choice":"Wore Mask","damage_taken":0,"max_hp_gain":0,"max_hp_loss":0,"event_name":"Tomb of Lord Red Mask","floor":44,"gold_loss":0},{"cards_removed":["Foresight"],"damage_healed":0,"gold_gain":0,"player_choice":"Upgrade and Remove","damage_taken":0,"max_hp_gain":0,"max_hp_loss":0,"event_name":"Designer","floor":46,"gold_loss":90,"cards_upgraded":["Collapse"]}],"is_beta":false,"boss_relics":[{"not_picked":["Fusion Hammer","Honey Jar"],"picked":"Pandora\u0027s Box"},{"not_picked":["Runesmith:UraniumAnvil","Replay:Grab Bag"],"picked":"Replay:Bronze Core"}],"items_purged_floors":[11,29,48],"is_endless":false,"potions_floor_spawned":[5,14,19,25,27,31,35,41],"ascension_level":12}}