{"host":"roto7j7840a50pxh","time":1611628825,"event":{"mods":["Act Like it!","BaseMod","Better Altar","Better Note","Better Sensory Stone","Better Skull","Better Third Choice","BetterRewards","Colored Map","Colored Powertips","Downfall","Hermit","Highlight Path","Hubris","Infinite Spire","Minty Spire (QoL Compilation)","Replay The Spire","Robot Space Explorer","Shade Mod","Spicy Shops","StSLib","The Cursed","The Dragon Tamer","The Hierophant","The Necromancer","The Runesmith","The Servant 0.9.4","TheVacant"],"gold_per_floor":[124,124,124,141,169,198,232,257,257,257,275,299,299,339,339,448,448,469,493,49,49,49,49,49,49,128,128,155,155,155,193,193,317,317,330,330,348,373,406,445,445,463,463,488,488,511,511,625,625,639],"floor_reached":51,"language":"ENG","playtime":6883,"items_purged":["Pride"],"score":1189,"play_id":"eb69aae5-da05-4684-8dbc-d9c7679d09c3","local_time":"20210125214025","is_ascension_mode":true,"campfire_choices":[{"data":"Cloudkill","floor":10,"key":"SMITH"},{"floor":13,"key":"DIG"},{"floor":23,"key":"REST"},{"data":"Blood_Is_Power","floor":25,"key":"SMITH"},{"floor":32,"key":"DIG"},{"data":"Summon_Death_Knight","floor":49,"key":"SMITH"}],"circlet_count":0,"master_deck":["RobotSpaceExplorer:TrailblazerForm+1","Negative_Energy_Arrows","Bone_Wall","Pandemic","Cloudkill+1","Blood_Curse+1","Spectral_Armor","Negative_Energy_Sphere","Vampiric_Strike","Negative_Energy_Mist","Blood_Wake","Summon_Undead","Negative_Energy_Mist","Bone_Bullets+1","Hellfire","Blood_Is_Power+1","Consume_Illness","Cloudkill","Bone_Bullets+1","Blood_Whip","Toxic_Smoke_Screen+1","Bone_Spikes","Blood_Is_Power","Spectral_Walk","Blood_Shield","Toxic_Smoke_Screen+1","Death_Knell","Summon_Death_Knight+1","Negative_Energy_Sphere","Summon_Undead","Blood_Shield","Uncharnel","Requiem","Plague_Bolt","Blood_Is_Power","Spectral_Walk","Shackles_Of_Pain","Vampiric_Strike+1","Deaths_Shadow+1","Corrupt+1","Bones_to_Steel+1","Scare","HandOfGreed"],"relics":["Vampire_Amulet","Blood Vial","Replay:Bandana","Membership Card","Ring of Fangs","Garlic","Replay:Multitool","Calipers","infinitespire:Satchel","Regal Pillow","Ring of Chaos","Replay:Mystery Machine","DollysMirror","Replay:Baseball","hubris:EmptyBottle","Boot","Meat on the Bone","hubris:CrystalStatue","Replay:Towering Pillar of Hats","Pandora\u0027s Box","infinitespire:CheckeredPen","Pantograph","Mercury Hourglass"],"acts_visited":["Exordium","TheCity","TheBeyond"],"potions_floor_usage":[8,14,14,16,18,28,31,33,33,33,33,44,44,46,50,50,50,50],"damage_taken":[{"damage":0,"enemies":"Cultist","floor":1,"turns":3},{"damage":0,"enemies":"Jaw Worm","floor":4,"turns":3},{"damage":0,"enemies":"2 Louse","floor":5,"turns":3},{"damage":10,"enemies":"Large Slime","floor":6,"turns":7},{"damage":0,"enemies":"Replay:BlueRogue","floor":7,"turns":7},{"damage":3,"enemies":"Looter","floor":8,"turns":3},{"damage":1,"enemies":"2 Fungi Beasts","floor":11,"turns":3},{"damage":0,"enemies":"3 Louse","floor":12,"turns":2},{"damage":4,"enemies":"Lagavulin","floor":14,"turns":5},{"damage":84,"enemies":"Fading Forest","floor":16,"turns":11},{"damage":21,"enemies":"Shell Parasite","floor":18,"turns":4},{"damage":21,"enemies":"2 Thieves","floor":19,"turns":3},{"damage":12,"enemies":"Sentry and Sphere","floor":28,"turns":6},{"damage":0,"enemies":"Centurion and Healer","floor":31,"turns":4},{"damage":29,"enemies":"Collector","floor":33,"turns":9},{"damage":23,"enemies":"3 Shapes","floor":35,"turns":5},{"damage":28,"enemies":"3 Darklings","floor":37,"turns":5},{"damage":33,"enemies":"Spire Growth","floor":38,"turns":5},{"damage":21,"enemies":"Jaw Worm Horde","floor":39,"turns":4},{"damage":7,"enemies":"R_Hoarder","floor":40,"turns":7},{"damage":24,"enemies":"Maw","floor":42,"turns":7},{"damage":4,"enemies":"Sphere and 2 Shapes","floor":44,"turns":4},{"damage":18,"enemies":"Transient","floor":46,"turns":5},{"damage":67,"enemies":"Donu and Deca","floor":50,"turns":10}],"seed_played":"6566815461934939535","potions_obtained":[{"floor":5,"key":"Energy Potion"},{"floor":6,"key":"PowerPotion"},{"floor":8,"key":"Dexterity Potion"},{"floor":11,"key":"Energy Potion"},{"floor":15,"key":"SmokeBomb"},{"floor":15,"key":"Guardian:BlockOnCardUsePotion"},{"floor":16,"key":"sneckomod:MuddlingPotion"},{"floor":19,"key":"SteroidPotion"},{"floor":27,"key":"Strength Potion"},{"floor":27,"key":"EssenceOfSteel"},{"floor":33,"key":"Dexterity Potion"},{"floor":36,"key":"Doom Potion"},{"floor":36,"key":"Milkshake"},{"floor":39,"key":"Slimebound:ThreeZeroPotion"},{"floor":40,"key":"Reflective Coating"},{"floor":44,"key":"Toxic Potion"},{"floor":48,"key":"FairyPotion"}],"is_trial":false,"path_per_floor":["M","?","?","M","M","M","E","M","T","R","M","M","R","E","R","B",null,"M","M","$","?","?","R","?","R","T","R","M","T","?","M","R","B",null,"M","?","M","M","M","E","?","M","T","M","?","M","R","?","R","B",null],"character_chosen":"NECROMANCER","items_purchased":["Blood Vial","Pandemic","Cloudkill","Death_Knell","Blood_Curse+1","Spectral_Armor","Negative_Energy_Sphere","Replay:Bandana","Vampiric_Strike","Membership Card","Toxic_Smoke_Screen+1","Bone_Spikes","Replay:Mystery Machine","DollysMirror","Replay:Baseball","hubris:EmptyBottle","Spectral_Walk","Dexterity Potion"],"campfire_rested":1,"item_purchase_floors":[0,0,0,0,0,0,0,0,0,0,20,20,20,20,20,20,20,20],"current_hp_per_floor":[34,34,34,38,45,42,46,47,47,47,52,60,60,61,61,11,59,42,30,30,30,30,67,75,75,75,75,67,67,67,73,73,60,71,56,56,44,36,36,45,45,46,46,59,52,41,75,75,75,24],"gold":639,"neow_bonus":"","is_daily":false,"chose_seed":false,"campfire_upgraded":3,"win_rate":0.0,"timestamp":1611628825,"path_taken":["M","?","?","M","M","M","E","M","T","R","M","M","R","E","R","BOSS","M","M","?","?","?","R","?","R","T","R","M","?","?","M","R","BOSS","M","?","M","?","M","E","?","M","T","?","?","?","R","?","R","BOSS"],"items_purchased_type":["Relic","Card","Card","Card","Card","Card","Card","Relic","Card","Relic","Card","Card","Relic","Relic","Relic","Relic","Card","Potion"],"build_version":"2020-12-22","purchased_purges":1,"victory":true,"max_hp_per_floor":[75,75,75,75,75,75,75,75,75,75,75,75,75,75,75,75,75,75,75,75,75,75,75,75,75,75,75,75,75,75,75,75,75,75,75,75,75,75,75,75,75,75,75,75,75,75,75,75,75,75],"card_choices":[{"not_picked":["Bone_Shift","Vampiric_Strike"],"picked":"Negative_Energy_Mist","floor":1},{"not_picked":["Finger_Of_Death","Blood_Curse"],"picked":"Blood_Wake","floor":4},{"not_picked":["Necromantic_Selection","Death_March_Dance"],"picked":"Summon_Undead","floor":5},{"not_picked":["Vampiric_Strike","Strike_from_Beyond"],"picked":"Negative_Energy_Mist","floor":6},{"not_picked":["Bone_Armory","Corrupt"],"picked":"Bone_Bullets","floor":7},{"not_picked":["Chill_Blood","Bone_Spikes"],"picked":"Bone_Bullets","floor":8},{"not_picked":["Violent_Necrosis","Blood_Curse"],"picked":"Hellfire","floor":11},{"not_picked":["Bone_Shift","Negative_Energy_Shield"],"picked":"Blood_Is_Power","floor":12},{"not_picked":["Shackles_Of_Pain","Blood_Magic"],"picked":"Consume_Illness","floor":14},{"not_picked":["Requiem","Skeleton_Dragon"],"picked":"Cloudkill","floor":16},{"not_picked":["Bone_Armor","Finger_Of_Death"],"picked":"Bone_Bullets+1","floor":18},{"not_picked":["Violent_Necrosis","Finger_Of_Death"],"picked":"Blood_Whip","floor":19},{"not_picked":["Blood_Is_Power","Bone_Spikes+1"],"picked":"Blood_Shield","floor":28},{"not_picked":["Necromantic_Selection+1","Finger_Of_Death"],"picked":"Death_Knell","floor":31},{"not_picked":["Blood_Wake","Blood_Magic"],"picked":"Summon_Death_Knight","floor":33},{"not_picked":["Whirlwind_of_Bones","Thousand_Bone_Knives"],"picked":"Spectral_Walk","floor":35},{"not_picked":["Death_March_Dance","Deaths_Shadow"],"picked":"Shackles_Of_Pain","floor":37},{"not_picked":["Spectral_Armor+1","Uncharnel"],"picked":"Vampiric_Strike+1","floor":38},{"not_picked":["Necromantic_Selection","Shackles_Of_Pain+1"],"picked":"Deaths_Shadow+1","floor":39},{"not_picked":["Negative_Energy_Javelin+1","Slay_Living"],"picked":"Corrupt+1","floor":40},{"not_picked":["Death_Coil","Deaths_Shadow"],"picked":"Bones_to_Steel+1","floor":42},{"not_picked":["Negative_Energy_Javelin","Vampiric_Strike","Bone_Shift"],"picked":"SKIP","floor":44},{"not_picked":["Negative_Energy_Mist","Detonate_Bones"],"picked":"Scare","floor":46},{"not_picked":["Madness","Discovery"],"picked":"HandOfGreed","floor":48}],"player_experience":1645486,"relics_obtained":[{"floor":2,"key":"Garlic"},{"floor":7,"key":"Replay:Multitool"},{"floor":9,"key":"Calipers"},{"floor":13,"key":"infinitespire:Satchel"},{"floor":14,"key":"Regal Pillow"},{"floor":26,"key":"Meat on the Bone"},{"floor":29,"key":"hubris:CrystalStatue"},{"floor":32,"key":"Replay:Towering Pillar of Hats"},{"floor":40,"key":"infinitespire:CheckeredPen"},{"floor":43,"key":"Pantograph"},{"floor":48,"key":"Mercury Hourglass"}],"event_choices":[{"damage_healed":0,"gold_gain":0,"cards_transformed":["Strike_W"],"player_choice":"Transformed","damage_taken":0,"max_hp_gain":0,"max_hp_loss":0,"event_name":"Transmorgrifier","floor":3,"gold_loss":0,"cards_obtained":["Deaths_Shadow"]},{"cards_removed":["Bone_Bullets"],"damage_healed":0,"gold_gain":0,"player_choice":"Gave Card","damage_taken":0,"relics_obtained":["Boot"],"max_hp_gain":0,"max_hp_loss":0,"event_name":"WeMeetAgain","floor":21,"gold_loss":0},{"damage_healed":0,"gold_gain":0,"player_choice":"Forge","damage_taken":0,"max_hp_gain":0,"max_hp_loss":0,"event_name":"Accursed Blacksmith","floor":22,"gold_loss":0,"cards_upgraded":["RobotSpaceExplorer:TrailblazerForm"]},{"cards_removed":["Death_Knell"],"damage_healed":8,"gold_gain":0,"player_choice":"Offered Uncommon","damage_taken":0,"max_hp_gain":0,"max_hp_loss":0,"event_name":"Bonfire Elementals","floor":24,"gold_loss":0},{"damage_healed":0,"gold_gain":0,"player_choice":"Copied","damage_taken":0,"max_hp_gain":0,"max_hp_loss":0,"event_name":"Duplicator","floor":30,"gold_loss":0,"cards_obtained":["Toxic_Smoke_Screen"]},{"damage_healed":0,"gold_gain":0,"player_choice":"Got Potions","damage_taken":0,"max_hp_gain":0,"max_hp_loss":0,"event_name":"Lab","floor":36,"gold_loss":0},{"cards_removed":["Deaths_Shadow"],"damage_healed":0,"gold_gain":0,"player_choice":"Purged","damage_taken":0,"max_hp_gain":0,"max_hp_loss":0,"event_name":"Purifier","floor":41,"gold_loss":0},{"damage_healed":0,"gold_gain":0,"player_choice":"Damaged","damage_taken":7,"max_hp_gain":0,"max_hp_loss":0,"event_name":"Wheel of Change","floor":45,"gold_loss":0},{"damage_healed":0,"gold_gain":0,"player_choice":"Random: Red","damage_taken":0,"max_hp_gain":0,"max_hp_loss":0,"event_name":"betterThird:BetterPortal","floor":48,"gold_loss":0}],"is_beta":false,"boss_relics":[{"not_picked":["Black Star","hubris:HollowSoul"],"picked":"Ring of Chaos"},{"not_picked":["Replay:Drink Me","bronze:MakeshiftBattery"],"picked":"Pandora\u0027s Box"}],"items_purged_floors":[0],"is_endless":false,"potions_floor_spawned":[5,6,8,11,16,19,31,33,39,40,44],"ascension_level":5}}