{"host":"jjx","time":1611662513,"event":{"mods":["Act Like it!","BaseMod","Chen","DeckTracker","Downfall","Gensokyo","Marisa£®ÏF”Í°°ƒß¿Ì…≥£©","Minty Spire (QoL Compilation)","Quick Restart","Remilia£®¿Ÿ√◊¿Ú—«£©","StSLib","The Poker Player","The Servant 0.9.4","Waifu the Spire","Youmu£®ªÍ∆«—˝√Œ£©"],"gold_per_floor":[99,109,128,228,239,239,239,253,403,403,413,431,431,431,450,450,450,450],"floor_reached":16,"language":"ENG","playtime":620,"items_purged":[],"score":94,"play_id":"0af32692-d164-47a0-a10d-17572fe3a04c","local_time":"20210126200153","is_ascension_mode":false,"campfire_choices":[{"data":"hexamod:ParanormalForm","floor":1.0,"key":"SMITH"},{"data":"hexamod:Float","floor":6.0,"key":"SMITH"},{"data":"hexamod:NecessarySacrifice","floor":13.0,"key":"SMITH"}],"circlet_count":0,"master_deck":["hexamod:Strike","hexamod:Strike","hexamod:Strike","hexamod:Strike","hexamod:Defend","hexamod:Defend","hexamod:Defend","hexamod:Defend","hexamod:Sear","hexamod:Float+1","hexamod:ParanormalForm+1","hexamod:GhostShield","hexamod:Hexaguard","hexamod:GhostLash","hexamod:NecessarySacrifice+1","downfall:Icky","hexamod:ShieldOfDarkness","hexamod:NightmareStrike","hexamod:NightmareGuise"],"relics":["hexamod:SpiritBrand","Eternal Feather"],"acts_visited":["Exordium"],"potions_floor_usage":[16],"damage_taken":[{"damage":9.0,"enemies":"2 Louse","floor":2.0,"turns":3.0},{"damage":8.0,"enemies":"Jaw Worm","floor":3.0,"turns":3.0},{"damage":0.0,"enemies":"Small Slimes","floor":5.0,"turns":3.0},{"damage":7.0,"enemies":"Exordium Thugs","floor":8.0,"turns":3.0},{"damage":2.0,"enemies":"Blue Slaver","floor":11.0,"turns":3.0},{"damage":9.0,"enemies":"Large Slime","floor":12.0,"turns":5.0},{"damage":7.0,"enemies":"Lots of Slimes","floor":15.0,"turns":4.0},{"damage":41,"enemies":"SI_SHIV_ARCHETYPE","floor":16,"turns":8}],"seed_played":"-2262547278817204023","potions_obtained":[{"floor":3.0,"key":"Ancient Potion"},{"floor":11.0,"key":"PowerPotion"},{"floor":12.0,"key":"bronze:BurnAndBuffPotion"}],"is_trial":false,"path_per_floor":["R","M","M","?","M","R","T","M","?","T","M","M","R","?","M","B"],"character_chosen":"THE_SPIRIT","items_purchased":[],"campfire_rested":0,"item_purchase_floors":[],"current_hp_per_floor":[70,61,53,53,53,53,53,46,46,46,44,35,44,44,37,0,0,0],"gold":450,"neow_bonus":"ONE_RANDOM_RARE_CARD","is_daily":false,"chose_seed":false,"campfire_upgraded":3,"win_rate":0.0,"timestamp":1611662513,"path_taken":["R","M","M","?","M","R","T","M","?","?","M","M","R","?","M","BOSS"],"items_purchased_type":[],"build_version":"2020-12-18","purchased_purges":0,"victory":false,"max_hp_per_floor":[70,70,70,70,70,70,70,70,70,70,70,70,70,70,70,70,70,70],"card_choices":[{"not_picked":["hexamod:HauntingEcho","hexamod:NightmareGuise"],"picked":"hexamod:GhostShield","floor":2.0},{"not_picked":["hexamod:FastForward","hexamod:GhostLash"],"picked":"hexamod:Hexaguard","floor":3.0},{"not_picked":["hexamod:RecurringNightmare","hexamod:TimeOfNeed"],"picked":"hexamod:GhostLash","floor":5.0},{"not_picked":["hexamod:ShieldOfDarkness","hexamod:Hexaguard"],"picked":"hexamod:NecessarySacrifice","floor":8.0},{"not_picked":["hexamod:BurningTouch","hexamod:HeatCrush"],"picked":"hexamod:ShieldOfDarkness","floor":11.0},{"not_picked":["hexamod:NecessarySacrifice","hexamod:HeatCrush"],"picked":"hexamod:NightmareStrike","floor":12.0},{"not_picked":["hexamod:SpectralAdrenaline","hexamod:ThirdSeal"],"picked":"hexamod:NightmareGuise","floor":15.0}],"player_experience":599070,"relics_obtained":[{"floor":10.0,"key":"Eternal Feather"}],"event_choices":[],"is_beta":true,"boss_relics":[],"items_purged_floors":[],"is_endless":false,"potions_floor_spawned":[3,11,12],"killed_by":"SI_SHIV_ARCHETYPE","ascension_level":0}}