{"host":"8f5cu9y0fpol72qs","time":1611642957,"event":{"mods":["AlwaysNeverKeys","BaseMod","Colored Map","Colored Powertips","Curses Come First","Highlight Path","Key Reminder","Minty Spire (QoL Compilation)","StSLib"],"gold_per_floor":[118,43,62,72,88,116,116,98,122,141,141,173,193,209,209,283,283,266,266,276,286,186,215,225,225,252,252,252,265,265,296,305,305,305],"floor_reached":33,"language":"ENG","playtime":2235,"items_purged":["Defend_P","Defend_P"],"score":527,"play_id":"cd5de7a5-7d24-4381-a251-d92d286dadd7","local_time":"20210125223557","is_ascension_mode":true,"campfire_choices":[{"data":"Protect","floor":7.0,"key":"SMITH"},{"floor":11.0,"key":"REST"},{"data":"WaveOfTheHand","floor":15.0,"key":"SMITH"},{"floor":28.0,"key":"REST"},{"floor":30,"key":"REST"},{"floor":32,"key":"REST"}],"circlet_count":0,"master_deck":["AscendersBane","Strike_P","Strike_P","Strike_P","Defend_P","Defend_P","Eruption","Vigilance","Protect","CarveReality","ClearTheMind","DevaForm","Protect+1","WheelKick","CarveReality","WaveOfTheHand+1","Worship","CutThroughFate","SpiritShield","WheelKick","ThirdEye","CutThroughFate","Tantrum","Adaptation","Protect"],"relics":["PureWater","Happy Flower","Lantern","Dream Catcher","Sozu","Anchor","Ancient Tea Set","MutagenicStrength","CeramicFish"],"acts_visited":["Exordium","TheCity"],"potions_floor_usage":[],"damage_taken":[{"damage":1.0,"enemies":"Cultist","floor":1.0,"turns":4.0},{"damage":2.0,"enemies":"Jaw Worm","floor":3.0,"turns":4.0},{"damage":6.0,"enemies":"Small Slimes","floor":4.0,"turns":5.0},{"damage":0.0,"enemies":"2 Fungi Beasts","floor":5.0,"turns":3.0},{"damage":8.0,"enemies":"Lagavulin","floor":6.0,"turns":5.0},{"damage":9.0,"enemies":"Exordium Thugs","floor":8.0,"turns":4.0},{"damage":0.0,"enemies":"Looter","floor":10.0,"turns":4.0},{"damage":19.0,"enemies":"Gremlin Nob","floor":12.0,"turns":5.0},{"damage":8.0,"enemies":"Gremlin Gang","floor":13.0,"turns":6.0},{"damage":18.0,"enemies":"Exordium Thugs","floor":14.0,"turns":6.0},{"damage":17.0,"enemies":"The Guardian","floor":16.0,"turns":10.0},{"damage":9.0,"enemies":"2 Thieves","floor":18.0,"turns":5.0},{"damage":13.0,"enemies":"Spheric Guardian","floor":20.0,"turns":5.0},{"damage":19.0,"enemies":"Snake Plant","floor":21.0,"turns":6.0},{"damage":14.0,"enemies":"Slavers","floor":23.0,"turns":6.0},{"damage":4.0,"enemies":"Cultist and Chosen","floor":24.0,"turns":5.0},{"damage":1,"enemies":"Snecko","floor":29,"turns":6},{"damage":29,"enemies":"Gremlin Leader","floor":31,"turns":7},{"damage":65,"enemies":"Collector","floor":33,"turns":6}],"seed_played":"2891855499844428731","potions_obtained":[{"floor":3.0,"key":"Explosive Potion"},{"floor":8.0,"key":"PowerPotion"},{"floor":12.0,"key":"GamblersBrew"},{"floor":14.0,"key":"Regen Potion"},{"floor":16.0,"key":"Ancient Potion"}],"is_trial":false,"path_per_floor":["M","$","M","M","M","E","R","M","T","M","R","E","M","M","R","B",null,"M","?","M","M","$","E","M","?","T","?","R","M","R","E","R","B"],"character_chosen":"WATCHER","items_purchased":[],"campfire_rested":4,"item_purchase_floors":[],"current_hp_per_floor":[66,66,64,58,58,50,50,41,41,41,63,44,36,18,18,16,60,51,51,38,19,19,5,1,1,1,1,23,22,44,15,37,0,0],"gold":305,"neow_bonus":"TEN_PERCENT_HP_BONUS","is_daily":false,"chose_seed":false,"campfire_upgraded":2,"win_rate":0.0,"timestamp":1611642957,"path_taken":["M","?","M","M","M","E","R","M","T","M","R","E","M","M","R","BOSS","M","?","M","?","$","E","M","?","T","?","R","M","R","E","R","BOSS"],"items_purchased_type":[],"build_version":"2020-12-22","purchased_purges":2,"victory":false,"max_hp_per_floor":[74,74,74,74,74,74,74,74,74,74,74,74,74,74,74,74,74,74,74,74,74,74,74,74,74,74,74,74,74,74,74,74,74,74],"card_choices":[{"not_picked":["FollowUp","ClearTheMind"],"picked":"Protect","floor":1.0},{"not_picked":["Consecrate","ThirdEye"],"picked":"CarveReality","floor":3.0},{"not_picked":["ThirdEye","Halt"],"picked":"ClearTheMind","floor":4.0},{"not_picked":["Prostrate","InnerPeace"],"picked":"DevaForm","floor":5.0},{"not_picked":["BowlingBash","Crescendo"],"picked":"Protect","floor":6.0},{"not_picked":["Evaluate","ForeignInfluence"],"picked":"WheelKick","floor":8.0},{"not_picked":["Protect","SashWhip"],"picked":"CarveReality","floor":10.0},{"not_picked":["Prostrate","FlyingSleeves"],"picked":"WaveOfTheHand","floor":12.0},{"not_picked":["ClearTheMind","Halt"],"picked":"Worship","floor":13.0},{"not_picked":["ThirdEye","DeceiveReality"],"picked":"CutThroughFate","floor":14.0},{"not_picked":["Brilliance","DeusExMachina"],"picked":"SpiritShield","floor":16.0},{"not_picked":["Protect","BowlingBash","Perseverance"],"picked":"SKIP","floor":18.0},{"not_picked":["Evaluate","Indignation","ThirdEye"],"picked":"SKIP","floor":20.0},{"not_picked":["Evaluate","Indignation"],"picked":"ThirdEye","floor":20.0},{"not_picked":["Evaluate","Consecrate","FollowUp"],"picked":"SKIP","floor":21.0},{"not_picked":["PathToVictory","BowlingBash","CrushJoints"],"picked":"SKIP","floor":23.0},{"not_picked":["DeusExMachina","EmptyFist","Collect"],"picked":"SKIP","floor":24.0},{"not_picked":["WindmillStrike","PathToVictory"],"picked":"CutThroughFate","floor":28.0},{"not_picked":["CutThroughFate","Crescendo"],"picked":"Tantrum","floor":29},{"not_picked":["Crescendo","SashWhip"],"picked":"Adaptation","floor":30},{"not_picked":["Consecrate","ThirdEye+1","Fasting2"],"picked":"SKIP","floor":31},{"not_picked":["WheelKick","EmptyMind"],"picked":"Protect","floor":32}],"player_experience":909633,"relics_obtained":[{"floor":6.0,"key":"Happy Flower"},{"floor":9.0,"key":"Lantern"},{"floor":12.0,"key":"Dream Catcher"},{"floor":23.0,"key":"Anchor"},{"floor":26.0,"key":"Ancient Tea Set"},{"floor":31,"key":"CeramicFish"}],"event_choices":[{"damage_healed":0.0,"max_hp_gain":0.0,"max_hp_loss":0.0,"gold_gain":0.0,"cards_transformed":["Strike_P"],"event_name":"Transmorgrifier","player_choice":"Transformed","floor":19.0,"gold_loss":0.0,"damage_taken":0.0,"cards_obtained":["WheelKick"]},{"damage_healed":0.0,"max_hp_gain":0.0,"max_hp_loss":0.0,"gold_gain":0.0,"event_name":"Vampires","player_choice":"Ignored","floor":25.0,"gold_loss":0.0,"damage_taken":0.0},{"damage_healed":0.0,"max_hp_gain":0.0,"max_hp_loss":0.0,"gold_gain":0.0,"event_name":"Drug Dealer","player_choice":"Inject Mutagens","floor":27.0,"gold_loss":0.0,"damage_taken":0.0,"relics_obtained":["MutagenicStrength"]}],"is_beta":false,"boss_relics":[{"not_picked":["Coffee Dripper","Runic Pyramid"],"picked":"Sozu"}],"items_purged_floors":[2,22],"is_endless":false,"potions_floor_spawned":[3,8,12,14,16,24],"killed_by":"Collector","ascension_level":15}}