{"host":"Ringo","time":1611637631,"event":{"mods":["BaseMod","Colored Map","Conspire","Dota2Spire","Minty Spire (QoL Compilation)","Replay The Spire","StSLib","[IsaacMod]ÒÔÈö¼âËþ","¡¾ÒÅÎï¿¨ÅÆ¡¿REMEMod"],"gold_per_floor":[117,130,146,146,159,199,242,276,276,311,351,384,418,109,109,208,208,231,247,66,85,110,144,179,214,214,248,16,16,55,129,129,129,129,129],"floor_reached":34,"language":"ZHS","playtime":1448,"items_purged":[],"score":1902,"play_id":"945a013b-b1b8-4c93-80d2-a399b06c12b5","local_time":"20210126130711","daily_mods":["SealedDeck","Vintage","Heirloom","Time Dilation","Flight","DeadlyEvents","Elite Swarm","Lethality","Binary"],"is_ascension_mode":true,"campfire_choices":[{"data":"LikeWater","floor":15.0,"key":"SMITH"},{"data":"LikeWater","floor":29,"key":"SMITH"},{"data":"Replay:Hum","floor":32,"key":"SMITH"}],"circlet_count":0,"master_deck":["AscendersBane","EmptyFist","ClearTheMind","FollowUp","Consecrate","ForeignInfluence","FollowUp","CutThroughFate","FlyingSleeves","Consecrate","PathToVictory","REME_Cut","LikeWater+1","LikeWater+1","TalkToTheHand","JustLucky","JustLucky","Evaluate","Replay:Hum+1","JustLucky+1"],"relics":["PureWater","Busted Crown","HushsDoor","REME_ComplimentaryCards","replay:Trail_Library","Dota2Spire:OctarineCore","DeadEye","Leech","Replay:Bottled Steam","Replay:Baseball","Golden Idol","Eternal Feather","GuppysPaw","Dota2Spire:AghanimScepter","Gremlin Horn","Turnip","Dota2Spire:MaskOfMadness","TeardropLocket","Replay:Mystery Machine","SteamSale","ReplayTheSpireMod:Lightbulb","conspire:SpecialSausage","Dota2Spire:Dagon","Dota2Spire:MagicBottle","Dota2Spire:BladeMail","HandDrill","AnarchistCookbook","MealTicket","Omamori","Molten Egg 2","PunchingBag","Nunchaku","Bottled Flame","Dota2Spire:HandOfMidas","Kunai"],"acts_visited":["Exordium","TheCity"],"potions_floor_usage":[24,24,27,31],"damage_taken":[{"damage":0.0,"enemies":"2 Louse","floor":1.0,"turns":1.0},{"damage":9.0,"enemies":"conspire:RoseBush","floor":2.0,"turns":1.0},{"damage":0.0,"enemies":"Jaw Worm","floor":3.0,"turns":1.0},{"damage":8.0,"enemies":"Gremlin Gang","floor":5.0,"turns":2.0},{"damage":0.0,"enemies":"3 Sentries","floor":6.0,"turns":1.0},{"damage":0.0,"enemies":"Lagavulin","floor":7.0,"turns":2.0},{"damage":0.0,"enemies":"Replay:BlueRogue","floor":8.0,"turns":2.0},{"damage":0.0,"enemies":"Gremlin Nob","floor":10.0,"turns":2.0},{"damage":0.0,"enemies":"Lagavulin","floor":11.0,"turns":2.0},{"damage":0.0,"enemies":"Replay:BlueRogue","floor":12.0,"turns":2.0},{"damage":0.0,"enemies":"3 Sentries","floor":13.0,"turns":2.0},{"damage":0.0,"enemies":"Fading Forest","floor":16.0,"turns":7.0},{"damage":0.0,"enemies":"Shell Parasite","floor":18.0,"turns":1.0},{"damage":0.0,"enemies":"Spheric Guardian","floor":19.0,"turns":2.0},{"damage":0.0,"enemies":"Centurion and Healer","floor":21.0,"turns":1.0},{"damage":0.0,"enemies":"Snecko","floor":22.0,"turns":2.0},{"damage":0.0,"enemies":"conspire:SneckoGhost","floor":23.0,"turns":2.0},{"damage":0,"enemies":"Slavers","floor":24,"turns":2},{"damage":0,"enemies":"conspire:SneckoGhost","floor":25,"turns":3},{"damage":2,"enemies":"Gremlin Leader","floor":27,"turns":2},{"damage":0,"enemies":"REME_1_Revenger","floor":30,"turns":2},{"damage":0,"enemies":"Replay:Snechameleon","floor":31,"turns":2},{"damage":0,"enemies":"conspire:MysteriousRune","floor":33,"turns":3}],"seed_played":"-2366639494796385445","potions_obtained":[{"floor":1.0,"key":"StancePotion"},{"floor":5.0,"key":"Dexterity Potion"},{"floor":6.0,"key":"Fire Potion"},{"floor":12.0,"key":"ColorlessPotion"},{"floor":13.0,"key":"BlessingOfTheForge"},{"floor":16.0,"key":"Toxic Potion"},{"floor":18.0,"key":"BlessingOfTheForge"},{"floor":25,"key":"LiquidMemories"},{"floor":27,"key":"ColorlessPotion"}],"is_trial":true,"path_per_floor":["M","M","M","?","M","E","E","E","T","E","E","E","E","$","R","B",null,"M","M","$","M","M","E","E","E","T","E","$","R","E","E","R","B",null],"character_chosen":"WATCHER","items_purchased":["SteamSale","ReplayTheSpireMod:Lightbulb","LikeWater","TalkToTheHand","JustLucky","Dota2Spire:BladeMail","HandDrill","Evaluate","Replay:Hum","JustLucky+1","Bottled Flame"],"campfire_rested":0,"item_purchase_floors":[14,14,14,17,20,20,20,28,28,28,28],"current_hp_per_floor":[61,52,52,29,22,23,25,27,27,28,29,30,31,31,37,51,53,50,50,50,50,50,50,50,47,47,46,47,47,47,47,47,44,44,44],"gold":129,"neow_bonus":"","is_daily":false,"chose_seed":false,"campfire_upgraded":3,"win_rate":0.0,"timestamp":1611637631,"path_taken":["M","M","M","?","M","E","E","E","T","E","E","E","E","$","R","BOSS","M","M","$","M","M","E","E","E","T","E","$","R","E","E","R","BOSS"],"items_purchased_type":["Relic","Relic","Card","Card","Card","Relic","Relic","Card","Card","Card","Relic"],"build_version":"2020-12-18","purchased_purges":0,"victory":false,"max_hp_per_floor":[68,68,68,68,68,68,56,56,56,56,56,56,56,56,56,56,53,50,50,50,50,50,50,50,47,47,47,47,47,47,47,47,44,44,44],"card_choices":[{"not_picked":[],"picked":"Bomb","floor":0.0}],"player_experience":562518,"relics_obtained":[{"floor":1.0,"key":"Leech"},{"floor":2.0,"key":"Replay:Bottled Steam"},{"floor":3.0,"key":"Replay:Baseball"},{"floor":6.0,"key":"Eternal Feather"},{"floor":7.0,"key":"GuppysPaw"},{"floor":8.0,"key":"Dota2Spire:AghanimScepter"},{"floor":9.0,"key":"Gremlin Horn"},{"floor":10.0,"key":"Turnip"},{"floor":11.0,"key":"Dota2Spire:MaskOfMadness"},{"floor":12.0,"key":"TeardropLocket"},{"floor":13.0,"key":"Replay:Mystery Machine"},{"floor":18.0,"key":"Dota2Spire:Dagon"},{"floor":19.0,"key":"Dota2Spire:MagicBottle"},{"floor":21.0,"key":"AnarchistCookbook"},{"floor":23.0,"key":"MealTicket"},{"floor":24,"key":"Omamori"},{"floor":25,"key":"Molten Egg 2"},{"floor":26,"key":"PunchingBag"},{"floor":27,"key":"Nunchaku"},{"floor":30,"key":"Dota2Spire:HandOfMidas"},{"floor":31,"key":"Kunai"}],"event_choices":[{"damage_healed":0.0,"max_hp_gain":0.0,"max_hp_loss":0.0,"gold_gain":0.0,"event_name":"Golden Idol","player_choice":"Take Damage","floor":4.0,"gold_loss":0.0,"damage_taken":23.0,"relics_obtained":["Golden Idol"]}],"is_beta":true,"boss_relics":[{"not_picked":["Replay:Grab Bag","Sozu"],"picked":"conspire:SpecialSausage"},{"not_picked":[]}],"items_purged_floors":[],"is_endless":false,"potions_floor_spawned":[1,5,6,12,13,16,18,21,23,25,27],"ascension_level":20}}