{"host":"mi0eibewekhugwl1","time":1611675925,"event":{"mods":["AchievementEnabler","BaseMod","Colored Map","Colored Powertips","DeckTracker","Keyboard Shortcuts","Minty Spire (QoL Compilation)","Quick Restart","Rare Cards Sparkle","Relic Stats","StSLib","SuperFastMode","everything is the same but u backflip on backflip"],"gold_per_floor":[113,38,38,38,53,85,85,28,28,45,61,71,84,84,84,158,158,174,194,244,263,283,283,166,166,166,183,183,200,200,200],"floor_reached":30,"language":"KOR","playtime":436,"items_purged":["Strike_R"],"score":518,"play_id":"a74124c7-147d-44f9-8bfc-bb8ebf0e8560","local_time":"20210127004525","is_ascension_mode":true,"campfire_choices":[{"data":"Wild Strike","floor":7,"key":"SMITH"},{"data":"Whirlwind","floor":15,"key":"SMITH"},{"floor":23,"key":"REST"},{"floor":28,"key":"REST"}],"circlet_count":0,"master_deck":["AscendersBane","Strike_R","Strike_R","Defend_R","Defend_R","Defend_R","Defend_R","Bash","Wild Strike+1","Shrug It Off","Impervious","Body Slam","Whirlwind+1","Wild Strike","Twin Strike","Fiend Fire","True Grit+1","Second Wind","Pommel Strike+1","Burning Pact","Fire Breathing","Inflame","Intimidate","Battle Trance"],"relics":["Burning Blood","NeowsBlessing","Akabeko","White Beast Statue","Dream Catcher","Sozu","Regal Pillow"],"acts_visited":["Exordium","TheCity"],"potions_floor_usage":[11],"damage_taken":[{"damage":0,"enemies":"Jaw Worm","floor":1,"turns":1},{"damage":0,"enemies":"Small Slimes","floor":5,"turns":1},{"damage":0,"enemies":"Lagavulin","floor":6,"turns":1},{"damage":0,"enemies":"2 Louse","floor":10,"turns":2},{"damage":0,"enemies":"Exordium Wildlife","floor":11,"turns":1},{"damage":8,"enemies":"Blue Slaver","floor":12,"turns":4},{"damage":5,"enemies":"3 Louse","floor":13,"turns":3},{"damage":52,"enemies":"Slime Boss","floor":16,"turns":10},{"damage":0,"enemies":"Spheric Guardian","floor":18,"turns":1},{"damage":24,"enemies":"Shell Parasite","floor":19,"turns":7},{"damage":0,"enemies":"3 Cultists","floor":21,"turns":1},{"damage":29,"enemies":"Cultist and Chosen","floor":22,"turns":6},{"damage":27,"enemies":"Shelled Parasite and Fungi","floor":27,"turns":2},{"damage":38,"enemies":"3 Cultists","floor":29,"turns":5},{"damage":46,"enemies":"Snecko","floor":30,"turns":6}],"seed_played":"-7390866916553007940","potions_obtained":[{"floor":5,"key":"Ancient Potion"},{"floor":10,"key":"Explosive Potion"},{"floor":11,"key":"Dexterity Potion"}],"is_trial":false,"path_per_floor":["M","?","$","?","M","E","R","$","T","M","M","M","M","?","R","B",null,"M","M","?","M","M","R","$","?","T","M","R","M","M"],"character_chosen":"IRONCLAD","items_purchased":["Body Slam","Fire Breathing"],"campfire_rested":2,"item_purchase_floors":[8,24],"current_hp_per_floor":[74,74,74,63,69,75,75,75,75,75,75,73,74,67,67,21,62,68,50,50,56,33,55,55,55,55,34,71,39,0,0],"gold":200,"neow_bonus":"THREE_ENEMY_KILL","is_daily":false,"chose_seed":false,"campfire_upgraded":2,"win_rate":0.0,"timestamp":1611675925,"path_taken":["M","?","$","?","M","E","R","$","T","M","M","M","M","?","R","BOSS","M","M","?","M","M","R","$","?","T","M","R","M","M"],"items_purchased_type":["Card","Card"],"build_version":"2020-12-22","purchased_purges":1,"victory":false,"max_hp_per_floor":[75,75,75,75,75,75,75,75,75,75,75,75,75,75,75,75,75,75,75,75,75,75,75,75,75,75,75,75,75,75,75],"relic_stats":{"Sozu":6,"Dream Catcher":2,"Regal Pillow":15,"counters":[15,51],"obtain_stats":[{"Sozu":17,"Dream Catcher":9,"Regal Pillow":26,"NeowsBlessing":0,"Burning Blood":0,"Akabeko":4,"White Beast Statue":6},{"Sozu":8,"Dream Catcher":3,"Regal Pillow":12,"NeowsBlessing":0,"Burning Blood":0,"Akabeko":1,"White Beast Statue":3},{"Sozu":23,"Dream Catcher":3,"Regal Pillow":38,"NeowsBlessing":0,"Burning Blood":0,"Akabeko":1,"White Beast Statue":3}],"Burning Blood":72},"card_choices":[{"not_picked":["Heavy Blade","Rage"],"picked":"Wild Strike","floor":1},{"not_picked":["Uppercut","Warcry"],"picked":"Shrug It Off","floor":5},{"not_picked":["True Grit","Flex"],"picked":"Impervious","floor":6},{"not_picked":["Disarm","Metallicize"],"picked":"Whirlwind","floor":10},{"not_picked":["Twin Strike","Anger"],"picked":"Wild Strike","floor":11},{"not_picked":["Blood for Blood","Havoc","Clash"],"picked":"SKIP","floor":12},{"not_picked":["Shrug It Off","Intimidate"],"picked":"Twin Strike","floor":13},{"not_picked":["Juggernaut","Limit Break"],"picked":"Fiend Fire","floor":16},{"not_picked":["Wild Strike","Entrench"],"picked":"True Grit+1","floor":18},{"not_picked":["Carnage","Havoc+1","Armaments"],"picked":"SKIP","floor":19},{"not_picked":["Sword Boomerang","Perfected Strike+1"],"picked":"Second Wind","floor":21},{"not_picked":["Shrug It Off","Twin Strike"],"picked":"Pommel Strike+1","floor":22},{"not_picked":["Heavy Blade","Anger"],"picked":"Burning Pact","floor":23},{"not_picked":["Sword Boomerang","Pommel Strike"],"picked":"Inflame","floor":27},{"not_picked":["Cleave","Twin Strike"],"picked":"Intimidate","floor":28},{"not_picked":["Brutality","Havoc"],"picked":"Battle Trance","floor":29}],"player_experience":1763576,"relics_obtained":[{"floor":6,"key":"White Beast Statue"},{"floor":9,"key":"Dream Catcher"},{"floor":26,"key":"Regal Pillow"}],"event_choices":[{"cards_removed":["Strike_R"],"damage_healed":0,"gold_gain":0,"player_choice":"Card Removal","damage_taken":0,"max_hp_gain":0,"max_hp_loss":0,"event_name":"The Cleric","floor":2,"gold_loss":75},{"damage_healed":0,"gold_gain":0,"player_choice":"Success","damage_taken":11,"relics_obtained":["Akabeko"],"max_hp_gain":0,"max_hp_loss":0,"event_name":"Scrap Ooze","floor":4,"gold_loss":0},{"cards_removed":["Strike_R"],"damage_healed":0,"gold_gain":0,"player_choice":"Card Removal","damage_taken":7,"max_hp_gain":0,"max_hp_loss":0,"event_name":"Golden Wing","floor":14,"gold_loss":0},{"damage_healed":0,"gold_gain":50,"player_choice":"Stole From Cult","damage_taken":0,"max_hp_gain":0,"max_hp_loss":0,"event_name":"Nest","floor":20,"gold_loss":0},{"damage_healed":0,"gold_gain":0,"player_choice":"Ignored","damage_taken":0,"max_hp_gain":0,"max_hp_loss":0,"event_name":"Ghosts","floor":25,"gold_loss":0}],"is_beta":false,"boss_relics":[{"not_picked":["Snecko Eye","Pandora\u0027s Box"],"picked":"Sozu"}],"items_purged_floors":[24],"is_endless":false,"potions_floor_spawned":[5,10,11,12,13,16,18,19,21,22,27,29],"killed_by":"Snecko","ascension_level":20}}