{"host":"27wa8ufp4ryspt1p","time":1611645489,"event":{"mods":["2.2 Compatiblity","A Penny For Your Troubles","Abigail Mod","Act Like it!","Aspiration","BaseMod","Better Altar","Better Match","Better Note","Better Skull","Better Third Choice","Colored Map","Conspire","Curses Come First","Dota2Spire","Downfall-Rebalance","Elementarium","Energized Spire","Fox Events","Friendly Minions","Gensokyo","GifTheSpireLib","Gold Saver","Halation","Hallownest","HololiveMod","Hubris","Humility","Infinite Spire","Keyboard Shortcuts","Menagerie","Mimic Mod","Minty Spire (QoL Compilation)","Pale of the Ancients","Poor People Problems","Quarter Circle Forward PUNCH!","Reimu??????","Relic Filter Mod","Relic Sorter","Relic Stats","Reliquary","Replay The Spire","Reworked Bosses","Shop Mod","Spicy Shops","Spikes Relics","Spire Arcade","StSLib","Stuff the Spire","SuperFastMode","The Cursed","The Exalted","The Judge","The Necromancer","Trackpad","Waifu the Spire","Wandering Minibosses","[IsaacMod]????","??????REMEMod","????"],"gold_per_floor":[645,656,458,470,345,345,362,394,431,463,473,568,594,70,70,144,144,160,179,179,179,179,346,63,66,131,162,162,232,232,280,39,128,128,155,30,57,157,64,94,632,349,390,194,244,544,544,571,358,603,662,692,731,731,508,313,408,156,197,197,281],"floor_reached":62,"language":"SPA","playtime":32541,"items_purged":["Shame","Regret"],"score":3521,"play_id":"cd421bc9-7869-43b2-927f-655008bbb03c","local_time":"20210126011809","daily_mods":["SealedDeck","Colorless Cards","Heirloom","Elite Swarm","Lethality"],"is_ascension_mode":true,"campfire_choices":[{"floor":6,"key":"RECALL"},{"data":"Envenom","floor":15,"key":"SMITH"},{"data":"Hololive_DurableLive","floor":28,"key":"SMITH"},{"data":"Apotheosis","floor":30,"key":"SMITH"}],"circlet_count":0,"master_deck":["AscendersBane","BettingIsNotGood","Hololive_Rebound","Hololive_Rebound","StuffTheSpire:PlasmaPunch","Hololive_Breathe","Replay:Sssssssssshield","Hololive_Rebound","Hololive_RevenueBasedLive","Hololive_FlyingPonyTail","Hololive_CallShiranuiFlare","Hololive_CocoNews","Envenom+1","Hololive_HuntDinosaur","Hololive_CallTsunomakiWatame","Hololive_CallMurasakiShion","Hololive_CallNakiriAyame+1","REME_PuzzleBox","Hololive_SoulCatcher","Hololive_Breathe","Panache+1","wanderingMiniBosses:FinaleOfPromise","Hololive_CallUsadaPekora+1","Panacea","Hololive_CallNakiriAyame","Apotheosis+1","Hololive_DurableLive+1","Hololive_Thief","Hololive_CallHimemoriLuna+1","DoctorFetus+1","Hololive_AWSL","Hololive_CallOmaruPolka+1","Hololive_HuntDinosaur+1","Mayhem+1","Mayhem+1","REME_Flogging+1","EpicFetus+1","AbeCurse","Hololive_CallHoshimachiSuisei+1","Hololive_CallOzoraSubaru+1","Hololive_CallYozoraMel+1","REME_BodyOfCthun","Hololive_HuntDinosaur","Hololive_Yoholoon","Hololive_CallRosalyn+1","Regret"],"relics":["Hololive_TheStar","paleoftheancients:SoulOfTheHexaghost","paleoftheancients:SoulOfTheHexaghost","Gensokyo:Companionship","HushsDoor","REME_ComplimentaryCards","ZombieTooth","YumHeart","MerchantsRug","StuffTheSpire:Gunfinga","Hololive_LightStick","hubris:TenFootPole","conspire:Dentures","trackpad:BiPhaseBiplane","ChewingGum","Prayer Wheel","wanderingMiniBosses:Blackblade","REME_ArchaeologicalTools","WarpedTongs","Dota2Spire:PhaseBoots","Frozen Egg 2","qcfpunch:Spiky_Bracers","SlaversCollar","halation:SwordOfLegend","Bronze Scales","Abe\u0027s Treasure","Bottled Lightning","paleoftheancients:Timepiece","paleoftheancients:KeyRelic","Spirit Poop","SteamSale","Membership Card","Dota2Spire:MagicBottle","Nunchaku","qcfpunch:Black_Training_Shirt","trackpad:WritersBlock","halation:NonexistentMirror","halation:Diary"],"acts_visited":["Menagerie:Menagerie","Hallownest:CityofTears","Gensokyo:Gensokyoest","paleoftheancients:PaleOfTheAncients"],"potions_floor_usage":[24,29,40,50,61,61],"damage_taken":[{"damage":0,"enemies":"Menagerie:WhisperingWraith","floor":2,"turns":3},{"damage":4,"enemies":"Menagerie:StygianBoar","floor":4,"turns":3},{"damage":0,"enemies":"Menagerie:MonstrousExperiment","floor":7,"turns":2},{"damage":19,"enemies":"Menagerie:VoidReaper","floor":8,"turns":5},{"damage":0,"enemies":"Menagerie:Hexasnake","floor":9,"turns":4},{"damage":0,"enemies":"Menagerie:Hexasnake","floor":11,"turns":2},{"damage":0,"enemies":"Menagerie:Chimera","floor":16,"turns":4},{"damage":0,"enemies":"Hallownest:2_Mistakes","floor":18,"turns":5},{"damage":0,"enemies":"Hallownest:3_Youths","floor":19,"turns":2},{"damage":0,"enemies":"Hallownest:eliteWatcherKnight","floor":23,"turns":7},{"damage":0,"enemies":"Hallownest:eliteWatcherKnight","floor":25,"turns":1},{"damage":0,"enemies":"Hallownest:Glutton_and_Coward","floor":26,"turns":3},{"damage":0,"enemies":"Hallownest:Nosk","floor":27,"turns":2},{"damage":0,"enemies":"Hallownest:eliteSoulWarrior","floor":29,"turns":3},{"damage":0,"enemies":"Hallownest:Glutton_and_Coward","floor":31,"turns":2},{"damage":16,"enemies":"Hallownest:BossMantisLord","floor":33,"turns":4},{"damage":0,"enemies":"Gensokyo:3_Bats","floor":35,"turns":2},{"damage":0,"enemies":"Gensokyo:AncientGuardian","floor":37,"turns":3},{"damage":0,"enemies":"Gensokyo:Marisa","floor":40,"turns":1},{"damage":0,"enemies":"Gensokyo:Dusk_and_Dawn","floor":43,"turns":3},{"damage":0,"enemies":"Gensokyo:Doremy","floor":45,"turns":3},{"damage":0,"enemies":"Gensokyo:Dusk_and_Dawn","floor":48,"turns":2},{"damage":0,"enemies":"Gensokyo:Scarlet_Devils","floor":50,"turns":4},{"damage":0,"enemies":"Gensokyo:Yuyuko","floor":51,"turns":4},{"damage":0,"enemies":"Gensokyo:Yuyuko","floor":52,"turns":3},{"damage":0,"enemies":"Gensokyo:Yuyuko","floor":53,"turns":4},{"damage":0,"enemies":"Gensokyo:Yuyuko","floor":57,"turns":4},{"damage":432,"enemies":"paleoftheancients:N","floor":61,"turns":8}],"seed_played":"8073602975306244413","potions_obtained":[{"floor":2,"key":"Adrenaline Potion"},{"floor":7,"key":"Adrenaline Potion"},{"floor":18,"key":"Dexterity Potion"},{"floor":19,"key":"Strength Potion"},{"floor":27,"key":"REME_GoldPotion"},{"floor":35,"key":"Energy Potion"},{"floor":45,"key":"Dota2Spire:Clarity"},{"floor":48,"key":"AttackPotion"}],"is_trial":true,"path_per_floor":["?","M","$","M","?","R","M","E","MIM","R","M","?","T","$","R","B",null,"M","M","?","AVR","?","E","R","?","MIM","E","R","E","R","M","R","B",null,"M","?","M","?","COS","E","?","R","MIM","R","E","?","AVR","M","R","B","B","M","M","?","$","R","M","R","$","?","B",null],"character_chosen":"Hololive_HololiveCharacter","items_purchased":["Hololive_CallTsunomakiWatame","MerchantsRug","conspire:Dentures","trackpad:BiPhaseBiplane","Hololive_Breathe","Diplopia","DoctorFetus+1","Mayhem+1","REME_Flogging+1","Bottled Lightning","REME_BodyOfCthun","Hololive_HuntDinosaur","halation:Thesaurus","SteamSale","Membership Card","Hololive_CallRosalyn+1","Dota2Spire:MagicBottle","Nunchaku","qcfpunch:Black_Training_Shirt","trackpad:WritersBlock","FearPotion","EssenceOfSteel","LiquidMemories","Strength Potion","halation:NonexistentMirror","halation:Diary"],"campfire_rested":0,"item_purchase_floors":[3,3,14,14,14,24,32,42,44,49,55,56,56,58,58,59,59,59,59,59,59,59,59,59,59,59],"current_hp_per_floor":[27,27,27,23,23,23,23,21,21,21,21,6,6,6,6,6,24,24,24,24,24,24,29,29,29,29,29,29,30,30,30,30,14,26,27,27,28,28,28,29,33,32,33,33,34,26,26,32,35,37,38,39,40,40,40,40,41,41,41,41,42],"gold":281,"neow_bonus":"","is_daily":false,"chose_seed":false,"campfire_upgraded":3,"win_rate":0.0,"timestamp":1611645489,"path_taken":["?","M","$","?","?","R","M","E","MIM","R","?","?","?","$","R","BOSS","M","M","?","AVR","?","E","R","?","MIM","E","R","E","R","?","R","BOSS","M","?","M","?","COS","E","?","R","MIM","R","E","?","AVR","?","R","BOSS","BOSS","M","M","?","$","R","M","R","$","?","BOSS"],"items_purchased_type":["Card","Relic","Relic","Relic","Card","Relic","Card","Card","Card","Relic","Card","Card","Relic","Relic","Relic","Card","Relic","Relic","Relic","Relic","Potion","Potion","Potion","Potion","Relic","Relic"],"build_version":"2020-12-22","purchased_purges":2,"victory":true,"max_hp_per_floor":[30,30,30,30,30,30,30,30,30,30,30,30,30,30,30,30,30,30,30,30,30,30,30,30,30,30,30,30,30,30,30,30,30,30,31,31,32,32,32,33,33,33,34,34,35,35,35,36,36,37,38,39,40,40,40,40,41,41,41,41,42],"relic_stats":{"Nunchaku":[2],"counters":[28,93],"Bronze Scales":[93],"Prayer Wheel":9,"obtain_stats":[{"qcfpunch:Spiky_Bracers":29,"halation:Diary":59,"Spirit Poop":51,"qcfpunch:Red_Beret":56,"Old Coin":46,"Dota2Spire:MagicBottle":59,"ZombieTooth":0,"StuffTheSpire:Gunfinga":8,"Nunchaku":59,"Gensokyo:Companionship":53,"Sundial":27,"trackpad:WritersBlock":59,"Prayer Wheel":18,"Diplopia":24,"REME_ArchaeologicalTools":21,"trackpad:BiPhaseBiplane":14,"KeepersGift":0,"conspire:Dentures":14,"MerchantsRug":3,"paleoftheancients:KeyRelic":51,"paleoftheancients:SoulOfTheHexaghost":57,"qcfpunch:Black_Training_Shirt":59,"halation:Thesaurus":56,"Frozen Egg 2":26,"SteamSale":58,"WarpedTongs":22,"paleoftheancients:Timepiece":51,"SlaversCollar":34,"halation:NonexistentMirror":59,"YumHeart":0,"Hololive_LightStick":9,"halation:SwordOfLegend":40,"wanderingMiniBosses:Blackblade":18,"Bronze Scales":45,"Hololive_TheStar":0,"ChewingGum":17,"hubris:TenFootPole":13,"Bag of Marbles":47,"Bottled Lightning":49,"Membership Card":58,"HushsDoor":0,"Abe\u0027s Treasure":47,"REME_ComplimentaryCards":0,"Dota2Spire:PhaseBoots":23},{"qcfpunch:Spiky_Bracers":14,"halation:Diary":27,"Spirit Poop":24,"qcfpunch:Red_Beret":26,"Old Coin":21,"Dota2Spire:MagicBottle":27,"ZombieTooth":0,"StuffTheSpire:Gunfinga":4,"Nunchaku":27,"Gensokyo:Companionship":26,"Sundial":13,"trackpad:WritersBlock":27,"Prayer Wheel":8,"Diplopia":10,"REME_ArchaeologicalTools":9,"trackpad:BiPhaseBiplane":6,"KeepersGift":0,"conspire:Dentures":6,"MerchantsRug":1,"paleoftheancients:KeyRelic":24,"paleoftheancients:SoulOfTheHexaghost":27,"qcfpunch:Black_Training_Shirt":27,"halation:Thesaurus":26,"Frozen Egg 2":12,"SteamSale":27,"WarpedTongs":9,"paleoftheancients:Timepiece":24,"SlaversCollar":16,"halation:NonexistentMirror":27,"YumHeart":0,"Hololive_LightStick":5,"halation:SwordOfLegend":19,"wanderingMiniBosses:Blackblade":8,"Bronze Scales":21,"Hololive_TheStar":0,"ChewingGum":7,"hubris:TenFootPole":6,"Bag of Marbles":21,"Bottled Lightning":22,"Membership Card":27,"HushsDoor":0,"Abe\u0027s Treasure":21,"REME_ComplimentaryCards":0,"Dota2Spire:PhaseBoots":10},{"qcfpunch:Spiky_Bracers":46,"halation:Diary":85,"Spirit Poop":74,"qcfpunch:Red_Beret":81,"Old Coin":64,"Dota2Spire:MagicBottle":85,"ZombieTooth":0,"StuffTheSpire:Gunfinga":13,"Nunchaku":85,"Gensokyo:Companionship":78,"Sundial":43,"trackpad:WritersBlock":85,"Prayer Wheel":28,"Diplopia":37,"REME_ArchaeologicalTools":30,"trackpad:BiPhaseBiplane":19,"KeepersGift":0,"conspire:Dentures":19,"MerchantsRug":3,"paleoftheancients:KeyRelic":74,"paleoftheancients:SoulOfTheHexaghost":85,"qcfpunch:Black_Training_Shirt":85,"halation:Thesaurus":81,"Frozen Egg 2":41,"SteamSale":85,"WarpedTongs":30,"paleoftheancients:Timepiece":74,"SlaversCollar":52,"halation:NonexistentMirror":85,"YumHeart":0,"Hololive_LightStick":17,"halation:SwordOfLegend":58,"wanderingMiniBosses:Blackblade":28,"Bronze Scales":64,"Hololive_TheStar":0,"ChewingGum":23,"hubris:TenFootPole":19,"Bag of Marbles":64,"Bottled Lightning":66,"Membership Card":85,"HushsDoor":0,"Abe\u0027s Treasure":64,"REME_ComplimentaryCards":0,"Dota2Spire:PhaseBoots":37}],"WarpedTongs":[57]},"card_choices":[{"not_picked":[],"picked":"BettingIsNotGood","floor":0},{"not_picked":["Hololive_CallAkiRosenthal","Hololive_Breathe","Hololive_RevenueBasedLive"],"picked":"Hololive_HuntDinosaur","floor":2},{"not_picked":["expansioncontent:FaceSlap","Hololive_OvertimeWork","Hololive_Sequa"],"picked":"Hololive_CallMurasakiShion","floor":4},{"not_picked":["expansioncontent:GoopSpray+1","Hololive_CallUruhaRushia+1","REME_TwoStrings+1"],"picked":"Hololive_CallNakiriAyame+1","floor":5},{"not_picked":["Hololive_StrengthChampion","Hololive_CallYuzukiChoco","Hololive_LuckPotion","The Bomb"],"picked":"SKIP","floor":7},{"not_picked":["REME_EyeOfCthun","ReplayTheSpireMod:Necrogeddon","Hololive_OpenUp"],"picked":"REME_PuzzleBox","floor":8},{"not_picked":["Hololive_Sequa","Hololive_CocoNews","Hololive_RevenueBasedLive"],"picked":"Hololive_SoulCatcher","floor":11},{"not_picked":["Hololive_ScarfAndHalo","expansioncontent:StudyTheSpire","REME_ProfessionalPlagiarism"],"picked":"Panache","floor":16},{"not_picked":[],"picked":"wanderingMiniBosses:FinaleOfPromise","floor":18},{"not_picked":["Hololive_Trident","expansioncontent:AwakenDeath","Hololive_Rebound"],"picked":"Hololive_CallUsadaPekora","floor":18},{"not_picked":["Hololive_OvertimeWork","Hololive_CallYuzukiChoco","Hololive_HuntDinosaur","Hololive_Sequa"],"picked":"SKIP","floor":18},{"not_picked":["Hololive_StrengthChampion","Hololive_Drill","Hololive_Sequa"],"picked":"Panacea","floor":19},{"not_picked":["Hololive_StrengthChampion","Hololive_CallShirakamiFubuki","Hololive_CallYukihanaLamy"],"picked":"Hololive_CallNakiriAyame","floor":19},{"not_picked":["Master of Strategy","Battery","Hololive_HighAtkLowDef"],"picked":"Apotheosis","floor":23},{"not_picked":["Panache+1","HandOfGreed","expansioncontent:DashGenerateEvil"],"picked":"Hololive_DurableLive","floor":27},{"not_picked":["HandOfGreed","REME_BodyOfCthun","REME_PuzzleBox"],"picked":"Hololive_Thief","floor":29},{"not_picked":["Hololive_RevenueBasedLive+1","Hololive_CallAkiRosenthal+1","Hololive_Psychosis"],"picked":"Hololive_CallHimemoriLuna+1","floor":31},{"not_picked":["Hololive_CallYogiri+1","Degenerate","Hololive_Trident","REME_FirmDetermination+1"],"picked":"SKIP","floor":31},{"not_picked":["Hololive_CallYogiri+1","Degenerate","Hololive_Trident","REME_FirmDetermination+1"],"picked":"SKIP","floor":31},{"not_picked":["Reforge","DoctorFetus+1","Hololive_WolfAndLamb"],"picked":"Hololive_AWSL","floor":33},{"not_picked":["Hololive_CallKiryuuCoco+1","Hololive_FlyingPonyTail","Hololive_Rebound+1"],"picked":"Hololive_CallOmaruPolka+1","floor":35},{"not_picked":["Hololive_Rebound","Hololive_CallAyundaRisu+1","expansioncontent:SlimeTackle","Hololive_StrengthChampion+1"],"picked":"SKIP","floor":35},{"not_picked":["Deep Breath+1","expansioncontent:LastStand+1","expansioncontent:BronzeBeam+1"],"picked":"Specialist+1","floor":36},{"not_picked":["Hololive_Rebound+1","Hololive_CocoNews+1","Hololive_Drill+1"],"picked":"Hololive_HuntDinosaur+1","floor":36},{"not_picked":["Degenerate","Madness","Hololive_OvertimeWork","Hololive_Trident"],"picked":"SKIP","floor":37},{"not_picked":["Degenerate","Hololive_Psychosis","Violence","Hololive_Breathe"],"picked":"SKIP","floor":37},{"not_picked":["StuffTheSpire:Recharge","ReplayTheSpireMod:Brewmster+1","REME_HeartOfCthun"],"picked":"Mayhem+1","floor":40},{"not_picked":["Poisoned Strike","Violence","Feint"],"picked":"EpicFetus+1","floor":45},{"not_picked":["Hololive_CallAkiRosenthal+1","Hololive_CallMomosuzuNene+1","Hololive_CocoNews"],"picked":"Hololive_CallHoshimachiSuisei+1","floor":48},{"not_picked":["Hololive_Breathe","Hololive_OvertimeWork","expansioncontent:Sear","Hololive_CallOmaruPolka+1"],"picked":"SKIP","floor":48},{"not_picked":["Hololive_RevenueBasedLive+1","Hololive_CocoNews","Hololive_Trident"],"picked":"Hololive_CallOzoraSubaru+1","floor":52},{"not_picked":["Hololive_CallYuzukiChoco+1","Jack Of All Trades+1","Bandage Up","Hololive_CallCivia+1"],"picked":"SKIP","floor":52},{"not_picked":["Blind+1","Hololive_RevenueBasedLive","Hololive_HuntDinosaur"],"picked":"Hololive_CallYozoraMel+1","floor":53},{"not_picked":["Hololive_CallUruhaRushia+1","Hololive_LuckPotion+1","Hololive_StrengthChampion","expansioncontent:ChargeUp"],"picked":"SKIP","floor":53},{"not_picked":["Hololive_LuckPotion","Hololive_CallYozoraMel+1","Hololive_HuntDinosaur"],"picked":"Hololive_Yoholoon","floor":57},{"not_picked":["REME_EyeOfCthun","Jack Of All Trades+1","Hololive_CallCivia+1","Hololive_Drill"],"picked":"SKIP","floor":57}],"player_experience":3936700,"relics_obtained":[{"floor":8,"key":"StuffTheSpire:Gunfinga"},{"floor":9,"key":"Hololive_LightStick"},{"floor":13,"key":"hubris:TenFootPole"},{"floor":18,"key":"wanderingMiniBosses:Blackblade"},{"floor":23,"key":"Dota2Spire:PhaseBoots"},{"floor":26,"key":"Frozen Egg 2"},{"floor":27,"key":"Sundial"},{"floor":29,"key":"qcfpunch:Spiky_Bracers"},{"floor":40,"key":"halation:SwordOfLegend"},{"floor":45,"key":"Bronze Scales"},{"floor":57,"key":"paleoftheancients:SoulOfTheHexaghost"}],"event_choices":[{"damage_healed":0,"gold_gain":0,"player_choice":"2","damage_taken":0,"max_hp_gain":0,"max_hp_loss":0,"event_name":"betterMatch:BetterMatch","floor":5,"gold_loss":0,"cards_obtained":["betterMatch:UncommonCard"]},{"damage_healed":0,"gold_gain":0,"player_choice":"2","damage_taken":0,"max_hp_gain":0,"max_hp_loss":0,"event_name":"betterMatch:BetterMatch","floor":36,"gold_loss":0,"cards_obtained":["betterMatch:ColorlessUncommonCard","betterMatch:CommonCard"]},{"damage_healed":0,"gold_gain":538,"player_choice":"GO GO GO GO GO GO ","damage_taken":52,"relics_obtained":[],"max_hp_gain":0,"max_hp_loss":0,"event_name":"betterSkull:BetterSkull","floor":41,"gold_loss":0,"cards_upgraded":[]},{"damage_healed":0,"gold_gain":0,"player_choice":"Upgraded","damage_taken":0,"max_hp_gain":0,"max_hp_loss":0,"event_name":"Upgrade Shrine","floor":54,"gold_loss":0,"cards_upgraded":["Hololive_CallUsadaPekora"]}],"is_beta":false,"boss_relics":[{"not_picked":["Bromod:ArcaneEnergize","reliquary:Ember"],"picked":"ChewingGum"},{"not_picked":[]},{"not_picked":["Snecko Eye","sneckomod:SneckoTalon"],"picked":"SlaversCollar"},{"not_picked":[]}],"items_purged_floors":[47,59],"is_endless":false,"potions_floor_spawned":[2,7,8,18,19,27,35,45,48,52],"ascension_level":20,"is_humility":true}}