{"host":"urvvf8749ekcxo1a","time":1611636166,"event":{"mods":["AchievementEnabler","AlwaysNeverKeys","BaseMod","Better Altar","Better Sensory Stone","Better-Laid Plans","BetterRewards","Colored Powertips","Displayed Cursed Tome","Emptier Cage","Evolution","Gold Saver","Grow up Mod","Minty Spire (QoL Compilation)","Quick Restart","Rare Cards Sparkle","Relic Filter","Relic Stats","Reliquary","StSLib","SuperFastMode","The Animator","The Cursed","The Hierophant","The Servant 0.9.4","Wide Potions"],"gold_per_floor":[734,734,363,375,388,421,421,446,446,446,225,225,243,253,253,357,357,375,386,386,401,414,414,424,454,480,496,496,65,65,97,97,195,195,205,205,205,220,236,236,252,286,313,313,351,22,22,39,39,39],"floor_reached":51,"language":"ENG","playtime":1747,"items_purged":[],"score":948,"play_id":"7ea96de5-b971-4f76-9c97-a7f69f33ec94","local_time":"20210125234246","is_ascension_mode":true,"campfire_choices":[{"data":"MurderousAura","floor":7,"key":"SMITH"},{"data":"Hightail","floor":10,"key":"SMITH"},{"data":"GearUp","floor":12,"key":"SMITH"},{"data":"KidneyShot","floor":15,"key":"SMITH"},{"data":"RealityMarble","floor":23,"key":"SMITH"},{"data":"Spin","floor":30,"key":"SMITH"},{"data":"SoulSculpture","floor":32,"key":"SMITH"},{"floor":40,"key":"REST"},{"data":"Manipulate","floor":44,"key":"SMITH"},{"data":"Transmutation","floor":47,"key":"SMITH"},{"data":"Gouge","floor":49,"key":"SMITH"}],"circlet_count":0,"master_deck":["Strike_S","Strike_S+1","Strike_S","Defend_S","Defend_S","Defend_S","Defend_S","KidneyShot+1","MurderousAura+1","SoulSculpture+1","RealityMarble+1","GearUp+1","Hightail+1","Luminosity+1","Spin+1","MurderousAura+1","FlawlessForm+1","Hightail+1","StarChef+1","MurderousAura+1","FanOfKnives+1","Parasite","TimeTheft+1","Manipulate+1","Gouge+1","Transmutation+1"],"relics":["Uniform","EVO:Axolotl","reliquary:Bookmark","reliquary:TatteredRug","reliquary:FeatherDuster","Frozen Egg 2","Darkstone Periapt","Toy Ornithopter","Runic Dome","reliquary:PrincelyHelmet","Bronze Scales","Ice Cream","DollysMirror","reliquary:SharkskinSheath","Black Star","reliquary:Buckler","reliquary:IridiumChain","reliquary:RoseTintedGlasses","Vajra","Bag of Preparation","CeramicFish","reliquary:BrokenClock"],"acts_visited":["Exordium","TheCity","TheBeyond"],"potions_floor_usage":[33,50],"damage_taken":[{"damage":7,"enemies":"2 Louse","floor":1,"turns":3},{"damage":3,"enemies":"Cultist","floor":4,"turns":3},{"damage":9,"enemies":"Jaw Worm","floor":5,"turns":3},{"damage":16,"enemies":"Gremlin Nob","floor":6,"turns":5},{"damage":6,"enemies":"Lagavulin","floor":8,"turns":7},{"damage":0,"enemies":"Large Slime","floor":13,"turns":7},{"damage":14,"enemies":"Red Slaver","floor":14,"turns":6},{"damage":55,"enemies":"Hexaghost","floor":16,"turns":11},{"damage":8,"enemies":"Chosen","floor":18,"turns":4},{"damage":6,"enemies":"3 Byrds","floor":19,"turns":6},{"damage":0,"enemies":"Snecko","floor":21,"turns":4},{"damage":23,"enemies":"Centurion and Healer","floor":22,"turns":5},{"damage":5,"enemies":"Cultist and Chosen","floor":24,"turns":5},{"damage":41,"enemies":"Slavers","floor":25,"turns":8},{"damage":11,"enemies":"Shelled Parasite and Fungi","floor":27,"turns":4},{"damage":21,"enemies":"Book of Stabbing","floor":31,"turns":5},{"damage":19,"enemies":"Champ","floor":33,"turns":24},{"damage":81,"enemies":"3 Darklings","floor":35,"turns":5},{"damage":20,"enemies":"3 Shapes","floor":38,"turns":4},{"damage":27,"enemies":"Writhing Mass","floor":39,"turns":5},{"damage":76,"enemies":"Jaw Worm Horde","floor":41,"turns":5},{"damage":120,"enemies":"Reptomancer","floor":42,"turns":6},{"damage":2,"enemies":"Giant Head","floor":45,"turns":12},{"damage":60,"enemies":"4 Shapes","floor":48,"turns":13},{"damage":97,"enemies":"Donu and Deca","floor":50,"turns":13}],"seed_played":"4906469523287858083","potions_obtained":[{"floor":5,"key":"AttackPotion"},{"floor":8,"key":"Weak Potion"},{"floor":24,"key":"FairyPotion"},{"floor":33,"key":"PowerPotion"},{"floor":35,"key":"Fire Potion"}],"is_trial":false,"path_per_floor":["M","?","$","M","M","E","R","E","T","R","$","R","M","M","R","B",null,"M","M","?","M","M","R","M","E","T","M","?","$","R","E","R","B",null,"M","T","?","M","M","R","M","E","T","R","E","$","R","M","R","B",null],"character_chosen":"THE_SERVANT","items_purchased":["reliquary:Bookmark","reliquary:TatteredRug","RealityMarble","Toy Ornithopter","Luminosity+1","Ice Cream","DollysMirror","reliquary:BrokenClock","Transmutation"],"campfire_rested":1,"item_purchase_floors":[3,3,3,11,11,29,29,46,46],"current_hp_per_floor":[78,88,98,105,106,100,110,114,124,134,144,154,164,160,170,125,245,247,251,261,271,258,268,273,242,252,251,261,271,281,270,280,281,415,344,354,455,445,434,491,425,315,325,335,343,353,363,313,323,246],"gold":39,"neow_bonus":"TRANSFORM_CARD","is_daily":false,"chose_seed":false,"campfire_upgraded":10,"win_rate":0.0,"timestamp":1611636166,"path_taken":["M","?","$","M","?","E","R","E","T","R","$","R","M","?","R","BOSS","M","M","?","M","M","R","M","E","T","M","?","$","R","E","R","BOSS","M","?","?","?","M","R","M","E","T","R","E","$","R","M","R","BOSS"],"items_purchased_type":["Relic","Relic","Card","Relic","Card","Relic","Relic","Relic","Card"],"build_version":"2020-12-22","purchased_purges":0,"victory":true,"max_hp_per_floor":[85,95,105,115,125,135,145,155,165,175,185,195,205,215,225,235,245,255,265,275,285,295,305,315,325,335,345,355,365,375,385,395,405,415,425,435,455,465,481,491,501,511,521,531,541,551,561,571,581,591],"relic_stats":{"Darkstone Periapt":6,"counters":[25,173],"Bronze Scales":[314],"CeramicFish":18,"Black Star":2,"Bag of Preparation":[2],"obtain_stats":[{"Darkstone Periapt":9,"Ice Cream":29,"reliquary:FeatherDuster":6,"reliquary:PrincelyHelmet":25,"CeramicFish":45,"Vajra":43,"reliquary:TatteredRug":3,"Uniform":0,"Bag of Preparation":45,"EVO:Axolotl":0,"Frozen Egg 2":8,"reliquary:IridiumChain":42,"reliquary:Bookmark":3,"Runic Dome":17,"DollysMirror":29,"Bronze Scales":26,"reliquary:Buckler":36,"reliquary:RoseTintedGlasses":42,"Black Star":34,"reliquary:BrokenClock":46,"Toy Ornithopter":11,"reliquary:SharkskinSheath":31},{"Darkstone Periapt":5,"Ice Cream":15,"reliquary:FeatherDuster":4,"reliquary:PrincelyHelmet":14,"CeramicFish":23,"Vajra":22,"reliquary:TatteredRug":1,"Uniform":0,"Bag of Preparation":23,"EVO:Axolotl":0,"Frozen Egg 2":5,"reliquary:IridiumChain":22,"reliquary:Bookmark":1,"Runic Dome":8,"DollysMirror":15,"Bronze Scales":14,"reliquary:Buckler":18,"reliquary:RoseTintedGlasses":22,"Black Star":17,"reliquary:BrokenClock":23,"Toy Ornithopter":5,"reliquary:SharkskinSheath":16},{"Darkstone Periapt":21,"Ice Cream":81,"reliquary:FeatherDuster":14,"reliquary:PrincelyHelmet":77,"CeramicFish":147,"Vajra":135,"reliquary:TatteredRug":3,"Uniform":0,"Bag of Preparation":147,"EVO:Axolotl":0,"Frozen Egg 2":21,"reliquary:IridiumChain":135,"reliquary:Bookmark":3,"Runic Dome":45,"DollysMirror":81,"Bronze Scales":77,"reliquary:Buckler":115,"reliquary:RoseTintedGlasses":135,"Black Star":110,"reliquary:BrokenClock":147,"Toy Ornithopter":21,"reliquary:SharkskinSheath":86}],"Toy Ornithopter":0},"card_choices":[{"not_picked":["BottledTime","ShiftingGears","TimeWarp"],"picked":"SKIP","floor":1},{"not_picked":["ShatteredReality","Advance"],"picked":"DancingSilver","floor":4},{"not_picked":["Ricochet","Starlight"],"picked":"GearUp","floor":5},{"not_picked":["Moondial","TimeWarp","Contraction"],"picked":"SKIP","floor":6},{"not_picked":["FastForward","Comet"],"picked":"Hightail","floor":8},{"not_picked":["Defy","Potential"],"picked":"Spin","floor":13},{"not_picked":["Revamp","Spin"],"picked":"MurderousAura+1","floor":14},{"not_picked":["TrueSight+1","Deny"],"picked":"SilverMatrix+1","floor":16},{"not_picked":["Potential","Comet","ShatteredReality"],"picked":"SKIP","floor":18},{"not_picked":["ReturningBlade","Potential","Starlight"],"picked":"SKIP","floor":19},{"not_picked":["Spin","RealityMarble+1","Revamp"],"picked":"SKIP","floor":21},{"not_picked":["Potential","Shuttle+1","Defy+1"],"picked":"SKIP","floor":22},{"not_picked":["Rewind","Ricochet","Defy"],"picked":"SKIP","floor":24},{"not_picked":["Read","Spin"],"picked":"FlawlessForm+1","floor":25},{"not_picked":["Advance+1","TimeWarp","Alleviate+1"],"picked":"SKIP","floor":27},{"not_picked":["Ricochet","Defy"],"picked":"StarChef+1","floor":31},{"not_picked":["LightFlow","Deny"],"picked":"MurderousAura+1","floor":33},{"not_picked":["Starlight","BottledTime"],"picked":"FanOfKnives","floor":35},{"not_picked":["TimeWarp+1","Rearm","Alleviate"],"picked":"SKIP","floor":38},{"not_picked":["Potential+1","Rearm+1","Spin"],"picked":"SKIP","floor":39},{"not_picked":["Potential+1","Rearm+1","Spin"],"picked":"SKIP","floor":39},{"not_picked":["Revamp+1","ShiftingGears+1"],"picked":"TimeTheft+1","floor":41},{"not_picked":["ShatteredReality","WasteNot+1"],"picked":"Manipulate","floor":42},{"not_picked":["WasteNot+1","Spin"],"picked":"Gouge","floor":45},{"not_picked":["Orbit","Deadline+1","TimeWarp+1"],"picked":"SKIP","floor":48}],"player_experience":165712,"relics_obtained":[{"floor":6,"key":"reliquary:FeatherDuster"},{"floor":8,"key":"Frozen Egg 2"},{"floor":9,"key":"Darkstone Periapt"},{"floor":25,"key":"reliquary:PrincelyHelmet"},{"floor":26,"key":"Bronze Scales"},{"floor":31,"key":"reliquary:SharkskinSheath"},{"floor":36,"key":"reliquary:Buckler"},{"floor":42,"key":"reliquary:IridiumChain"},{"floor":42,"key":"reliquary:RoseTintedGlasses"},{"floor":43,"key":"Vajra"},{"floor":45,"key":"Bag of Preparation"},{"floor":45,"key":"CeramicFish"}],"event_choices":[{"damage_healed":0,"gold_gain":0,"player_choice":"2 cards matched","damage_taken":0,"max_hp_gain":0,"max_hp_loss":0,"event_name":"Match and Keep!","floor":2,"gold_loss":0,"cards_obtained":["SoulSculpture","KidneyShot"]},{"damage_healed":0,"gold_gain":0,"player_choice":"Ignored","damage_taken":0,"max_hp_gain":0,"max_hp_loss":0,"event_name":"Vampires","floor":20,"gold_loss":0},{"damage_healed":0,"gold_gain":0,"player_choice":"Ignored","damage_taken":0,"max_hp_gain":0,"max_hp_loss":0,"event_name":"N\u0027loth","floor":28,"gold_loss":0},{"cards_removed":["SilverMatrix"],"damage_healed":81,"gold_gain":0,"player_choice":"Offered Rare","damage_taken":0,"max_hp_gain":10,"max_hp_loss":0,"event_name":"Bonfire Elementals","floor":37,"gold_loss":0}],"is_beta":false,"boss_relics":[{"not_picked":["StoneMask","Fusion Hammer"],"picked":"Runic Dome"},{"not_picked":["Cursed Key","Sozu"],"picked":"Black Star"}],"items_purged_floors":[],"is_endless":false,"potions_floor_spawned":[5,8,16,21,22,24,33,35,45,48],"ascension_level":4}}