{"host":"meib18gsulage5jw","time":1611668326,"event":{"mods":["Aspiration","BaseMod","BetterRewards","CCEM2","Colored Map","Conspire","Defuse TimeMaze Blight","Energized Spire","Hubris","Infinite Spire","Minty Spire (QoL Compilation)","Relic Sorter","Reliquary","Replay The Spire","Spikes Relics","StSLib","The Blue Laboratory","Uncapped"],"gold_per_floor":[109,34,34,51,70,98,98,128,128,128,142,142,142,159,159,254,254,271,271,271,283,88,117,127,127,127],"floor_reached":25,"language":"ENG","playtime":908,"items_purged":["theextravagant:SlyStrike","theextravagant:SlyStrike"],"score":231,"play_id":"09b743b8-1404-4636-818e-8444879ec477","local_time":"20210126233846","is_ascension_mode":false,"campfire_choices":[{"floor":7,"key":"REST"},{"data":"theextravagant:Ravage","floor":10,"key":"SMITH"},{"data":"theextravagant:Ravage","floor":15,"key":"SMITH"}],"circlet_count":0,"master_deck":["theextravagant:SlyStrike","theextravagant:SlyStrike","theextravagant:Fence","theextravagant:Fence","theextravagant:Fence","theextravagant:QuickAttack","theextravagant:Triumph","theextravagant:Ravage+1","theextravagant:Tension","theextravagant:Ravage+1","theextravagant:Aggression","theextravagant:Tension","theextravagant:RisingPhoenix","theextravagant:GustOfWind","theextravagant:Castle+1","theextravagant:Tension","theextravagant:Pushthrough","ReplayTheSpireMod:Private Reserves","theextravagant:Pushthrough"],"relics":["theextravagant:TranscendedFeather","aspiration:Nostalgia","Burning Blood","GiantMaggot","PreservedInsect","CCEMRelics:GrapeVine","BargainBundle","Ornamental Fan"],"acts_visited":["Exordium","TheCity"],"potions_floor_usage":[6,8,16,21,23,23,24],"damage_taken":[{"damage":0,"enemies":"Cultist","floor":1,"turns":5},{"damage":3,"enemies":"Small Slimes","floor":4,"turns":3},{"damage":0,"enemies":"Jaw Worm","floor":5,"turns":3},{"damage":42,"enemies":"Lagavulin","floor":6,"turns":7},{"damage":11,"enemies":"Gremlin Nob","floor":8,"turns":4},{"damage":1,"enemies":"Exordium Thugs","floor":11,"turns":3},{"damage":11,"enemies":"Large Slime","floor":14,"turns":4},{"damage":26,"enemies":"Hexaghost","floor":16,"turns":7},{"damage":32,"enemies":"Shell Parasite","floor":18,"turns":5},{"damage":23,"enemies":"2 Thieves","floor":21,"turns":3},{"damage":25,"enemies":"Nightmare","floor":23,"turns":5},{"damage":36,"enemies":"Shelled Parasite and Fungi","floor":24,"turns":4},{"damage":10,"enemies":"3 Cultists","floor":25,"turns":2}],"seed_played":"-428189176160276703","potions_obtained":[{"floor":1,"key":"blueLaboratory:ArtificerPotion"},{"floor":4,"key":"blueLaboratory:BubblePotion"},{"floor":5,"key":"blueLaboratory:NullPotion"},{"floor":18,"key":"LifebloodPotion"}],"is_trial":false,"path_per_floor":["M","$","?","M","M","E","R","E","T","R","M","?","?","M","R","B",null,"M","?","?","M","$","NM","M","M"],"character_chosen":"THE_EXTRAVAGANT","items_purchased":["BargainBundle","theextravagant:Tension","theextravagant:Pushthrough","Swift Potion","blueLaboratory:StoneskinPotion","SteroidPotion","ReplayTheSpireMod:Private Reserves"],"campfire_rested":1,"item_purchase_floors":[22,22,22,22,22,22,22],"current_hp_per_floor":[75,75,68,71,75,39,61,56,56,56,61,61,75,70,70,50,75,49,74,74,57,57,38,8,0,0],"gold":127,"neow_bonus":"NOSTALGIA","is_daily":false,"chose_seed":false,"campfire_upgraded":2,"win_rate":0.0,"timestamp":1611668326,"path_taken":["M","?","?","M","M","E","R","E","T","R","?","?","?","?","R","BOSS","M","?","?","M","$","NM","M","M"],"items_purchased_type":["Relic","Card","Card","Potion","Potion","Potion","Card"],"build_version":"2020-12-22","purchased_purges":2,"victory":false,"max_hp_per_floor":[75,75,75,75,75,75,75,75,75,75,75,75,75,75,75,75,75,75,75,75,75,75,75,75,75,75],"card_choices":[{"not_picked":["theextravagant:Tension","theextravagant:Aggression"],"picked":"theextravagant:Ravage","floor":1},{"not_picked":["theextravagant:SpontaneousStrike","theextravagant:Cutthroat"],"picked":"theextravagant:Tension","floor":4},{"not_picked":["theextravagant:PuffUp","theextravagant:Firework"],"picked":"theextravagant:Ravage","floor":5},{"not_picked":["theextravagant:Meditation","theextravagant:Defy"],"picked":"theextravagant:Aggression","floor":6},{"not_picked":["theextravagant:Firework","theextravagant:Riot"],"picked":"theextravagant:Aggression","floor":8},{"not_picked":["theextravagant:PerfectTheBasics","theextravagant:ShootingStar"],"picked":"theextravagant:Tension","floor":11},{"not_picked":["theextravagant:SnakeEyes","theextravagant:Shove","theextravagant:Comeback"],"picked":"SKIP","floor":14},{"not_picked":["theextravagant:ShieldCharm","theextravagant:SnakeOil"],"picked":"theextravagant:RisingPhoenix","floor":16},{"not_picked":["theextravagant:Precaution+1","theextravagant:Shove"],"picked":"theextravagant:GustOfWind","floor":18},{"not_picked":["theextravagant:FocusStab","theextravagant:Precaution+1"],"picked":"theextravagant:Castle+1","floor":21},{"not_picked":["theextravagant:StepBack","theextravagant:Flashback+1","theextravagant:Nihil"],"picked":"SKIP","floor":23},{"not_picked":["theextravagant:StepBack","theextravagant:Flashback+1","theextravagant:Nihil"],"picked":"SKIP","floor":23},{"not_picked":["theextravagant:Comeback","theextravagant:Aggression"],"picked":"theextravagant:Pushthrough","floor":24}],"player_experience":315836,"relics_obtained":[{"floor":6,"key":"GiantMaggot"},{"floor":8,"key":"PreservedInsect"},{"floor":9,"key":"CCEMRelics:GrapeVine"},{"floor":23,"key":"Ornamental Fan"}],"event_choices":[{"damage_healed":0,"gold_gain":0,"player_choice":"Damaged","damage_taken":7,"max_hp_gain":0,"max_hp_loss":0,"event_name":"Wheel of Change","floor":3,"gold_loss":0},{"cards_removed":["theextravagant:Aggression"],"damage_healed":14,"gold_gain":0,"player_choice":"Offered Uncommon","damage_taken":0,"max_hp_gain":0,"max_hp_loss":0,"event_name":"Bonfire Elementals","floor":13,"gold_loss":0},{"damage_healed":25,"gold_gain":0,"player_choice":"Heal","damage_taken":0,"max_hp_gain":0,"max_hp_loss":0,"event_name":"The Library","floor":19,"gold_loss":0},{"damage_healed":0,"gold_gain":0,"player_choice":"Ignored","damage_taken":0,"max_hp_gain":0,"max_hp_loss":0,"event_name":"NoteForYourself","floor":20,"gold_loss":0}],"is_beta":false,"boss_relics":[{"not_picked":["energizedSpire:CursedPentagram","hubris:BlackHole"],"picked":"theextravagant:TranscendedFeather"}],"items_purged_floors":[2,22],"is_endless":true,"potions_floor_spawned":[1,4,5,18],"killed_by":"3 Cultists","ascension_level":0}}