{"host":"s8ccp9jw4vzp58l1","time":1611625873,"event":{"mods":["BaseMod","Colored Map","Colored Powertips","Minty Spire (QoL Compilation)","Quick Restart","Relic Stats"],"gold_per_floor":[118,133,151,0,19,19,53,53,53,71,89,89,100,115,115,218,218,229,144,157,168,44,44,58,58,106,31,50,50,70,96,96,199,199,217,229,245,245,265,265,265,275,275,275,288,0,0,12,12,12],"floor_reached":51,"language":"ENG","playtime":5691,"items_purged":[],"score":702,"play_id":"96ec0492-32dd-4b59-9579-cedff3f4f8e1","local_time":"20210125195113","is_ascension_mode":false,"campfire_choices":[{"data":"Zap","floor":6,"key":"SMITH"},{"data":"Sweeping Beam","floor":12,"key":"SMITH"},{"data":"Defragment","floor":15,"key":"SMITH"},{"data":"Creative AI","floor":23,"key":"SMITH"},{"data":"Glacier","floor":25,"key":"SMITH"},{"data":"Capacitor","floor":29,"key":"SMITH"},{"data":"Chill","floor":32,"key":"SMITH"},{"data":"Barrage","floor":40,"key":"SMITH"},{"data":"Dualcast","floor":44,"key":"SMITH"},{"floor":47,"key":"REST"},{"floor":49,"key":"REST"}],"circlet_count":0,"master_deck":["Strike_B","Defend_B","Defend_B","Zap+1","Dualcast+1","Ball Lightning","Compile Driver","Glacier+1","Sweeping Beam+1","Self Repair","Go for the Eyes","Defragment+1","Chill+1","Amplify","Go for the Eyes+1","Glacier+1","Electrodynamics+1","Go for the Eyes+1","Redo+1","Creative AI+1","Streamline+1","Capacitor+1","Barrage+1","Go for the Eyes+1"],"relics":["Cracked Core","NeowsBlessing","Lantern","Mango","Pantograph","Astrolabe","Sundial","Singing Bowl","Busted Crown","Letter Opener","Bottled Lightning","Red Mask"],"acts_visited":["Exordium","TheCity","TheBeyond"],"potions_floor_usage":[7,14,16,21,24,31,33,33,33,39,45,50],"damage_taken":[{"damage":0,"enemies":"Cultist","floor":1,"turns":1},{"damage":0,"enemies":"Small Slimes","floor":2,"turns":1},{"damage":0,"enemies":"2 Louse","floor":3,"turns":1},{"damage":15,"enemies":"Gremlin Gang","floor":5,"turns":4},{"damage":20,"enemies":"3 Sentries","floor":7,"turns":9},{"damage":0,"enemies":"Exordium Thugs","floor":10,"turns":3},{"damage":5,"enemies":"Looter","floor":11,"turns":3},{"damage":2,"enemies":"Blue Slaver","floor":13,"turns":3},{"damage":0,"enemies":"Red Slaver","floor":14,"turns":3},{"damage":23,"enemies":"Slime Boss","floor":16,"turns":10},{"damage":6,"enemies":"Shell Parasite","floor":18,"turns":9},{"damage":0,"enemies":"Chosen","floor":20,"turns":5},{"damage":10,"enemies":"Snecko","floor":21,"turns":6},{"damage":0,"enemies":"3 Cultists","floor":24,"turns":4},{"damage":5,"enemies":"Snake Plant","floor":28,"turns":6},{"damage":10,"enemies":"Snecko","floor":30,"turns":6},{"damage":4,"enemies":"Book of Stabbing","floor":31,"turns":6},{"damage":18,"enemies":"Collector","floor":33,"turns":10},{"damage":20,"enemies":"Orb Walker","floor":35,"turns":5},{"damage":10,"enemies":"3 Shapes","floor":36,"turns":2},{"damage":1,"enemies":"Transient","floor":37,"turns":5},{"damage":0,"enemies":"Jaw Worm Horde","floor":39,"turns":4},{"damage":14,"enemies":"Sphere and 2 Shapes","floor":42,"turns":5},{"damage":40,"enemies":"Writhing Mass","floor":45,"turns":6},{"damage":70,"enemies":"Spire Growth","floor":48,"turns":5},{"damage":68,"enemies":"Awakened One","floor":50,"turns":21}],"seed_played":"5091378899291307034","potions_obtained":[{"floor":3,"key":"Explosive Potion"},{"floor":11,"key":"EssenceOfSteel"},{"floor":13,"key":"GamblersBrew"},{"floor":16,"key":"FocusPotion"},{"floor":24,"key":"LiquidBronze"},{"floor":30,"key":"PotionOfCapacity"},{"floor":31,"key":"AttackPotion"},{"floor":33,"key":"Fruit Juice"},{"floor":35,"key":"Dexterity Potion"},{"floor":37,"key":"AttackPotion"},{"floor":48,"key":"Weak Potion"}],"is_trial":false,"path_per_floor":["M","M","M","$","M","R","E","?","T","M","M","R","M","M","R","B",null,"M","?","M","M","$","R","M","R","T","?","M","R","M","E","R","B",null,"M","M","M","?","M","R","T","M","T","R","M","?","R","M","R","B",null],"character_chosen":"DEFECT","items_purchased":["Lantern","Creative AI","PowerPotion"],"campfire_rested":2,"item_purchase_floors":[4,22,22],"current_hp_per_floor":[75,75,75,75,60,60,54,54,54,54,56,56,61,68,68,66,89,89,89,89,79,79,79,86,86,86,86,88,88,85,90,90,87,98,92,84,92,92,101,101,101,96,96,96,65,65,97,36,69,26],"gold":12,"neow_bonus":"THREE_ENEMY_KILL","is_daily":false,"chose_seed":false,"campfire_upgraded":9,"win_rate":0.0,"timestamp":1611625873,"path_taken":["M","M","M","?","?","R","E","?","T","?","M","R","M","M","R","BOSS","M","?","M","M","$","R","M","R","T","?","M","R","M","E","R","BOSS","M","M","M","?","?","R","?","M","T","R","M","?","R","M","R","BOSS"],"items_purchased_type":["Relic","Card","Potion"],"build_version":"2020-12-22","purchased_purges":0,"victory":true,"max_hp_per_floor":[75,75,75,75,75,75,89,89,89,89,89,89,89,89,89,89,89,89,89,89,89,89,89,89,89,89,89,89,89,89,91,91,98,98,98,100,102,102,104,104,104,106,106,106,108,108,108,110,110,110],"relic_stats":{"Busted Crown":14,"Singing Bowl":16,"counters":[26,142],"Sundial":[10],"Pantograph":47,"Astrolabe":["Go for the Eyes","Glacier","Electrodynamics"],"Letter Opener":[24],"obtain_stats":[{"Lantern":4,"Busted Crown":34,"NeowsBlessing":0,"Singing Bowl":31,"Sundial":19,"Pantograph":9,"Astrolabe":17,"Mango":7,"Red Mask":46,"Letter Opener":41,"Bottled Lightning":43,"Cracked Core":0},{"Lantern":3,"Busted Crown":18,"NeowsBlessing":0,"Singing Bowl":17,"Sundial":11,"Pantograph":5,"Astrolabe":10,"Mango":5,"Red Mask":24,"Letter Opener":22,"Bottled Lightning":23,"Cracked Core":0},{"Lantern":3,"Busted Crown":90,"NeowsBlessing":0,"Singing Bowl":80,"Sundial":47,"Pantograph":16,"Astrolabe":38,"Mango":16,"Red Mask":117,"Letter Opener":106,"Bottled Lightning":111,"Cracked Core":0}]},"card_choices":[{"not_picked":["Rebound","Hologram"],"picked":"Ball Lightning","floor":1},{"not_picked":["Auto Shields","Streamline"],"picked":"Compile Driver","floor":2},{"not_picked":["Ball Lightning","Hologram"],"picked":"Glacier","floor":3},{"not_picked":["Ball Lightning","Turbo"],"picked":"Sweeping Beam","floor":5},{"not_picked":["Biased Cognition","Hologram"],"picked":"Echo Form","floor":7},{"not_picked":["Sweeping Beam","Conserve Battery"],"picked":"Go for the Eyes","floor":10},{"not_picked":["Coolheaded","Chaos","Multi-Cast"],"picked":"SKIP","floor":11},{"not_picked":["Leap","Rebound"],"picked":"Defragment","floor":13},{"not_picked":["Rip and Tear","Barrage"],"picked":"Chill","floor":14},{"not_picked":["Multi-Cast","Biased Cognition"],"picked":"Amplify","floor":16},{"not_picked":["Cold Snap","Genetic Algorithm+1"],"picked":"Go for the Eyes+1","floor":18},{"not_picked":["Ball Lightning","Hologram","Reinforced Body"],"picked":"SKIP","floor":20},{"not_picked":["Fusion","Conserve Battery"],"picked":"Redo+1","floor":21},{"not_picked":["Barrage","White Noise+1"],"picked":"Streamline+1","floor":24},{"not_picked":["Beam Cell","Barrage"],"picked":"Capacitor","floor":28},{"not_picked":["Loop","Leap"],"picked":"Barrage","floor":30},{"not_picked":["BootSequence","Lockon","Conserve Battery"],"picked":"Singing Bowl","floor":31},{"not_picked":["Thunder Strike","Biased Cognition","Rainbow"],"picked":"Singing Bowl","floor":33},{"not_picked":[],"picked":"Go for the Eyes+1","floor":35},{"not_picked":["Conserve Battery"],"picked":"Singing Bowl","floor":36},{"not_picked":["Gash"],"picked":"Singing Bowl","floor":37},{"not_picked":["Tempest+1"],"picked":"Singing Bowl","floor":39},{"not_picked":["Steam"],"picked":"Singing Bowl","floor":42},{"not_picked":["Rebound"],"picked":"Singing Bowl","floor":45},{"not_picked":["Conserve Battery"],"picked":"Singing Bowl","floor":48}],"player_experience":220400,"relics_obtained":[{"floor":7,"key":"Mango"},{"floor":9,"key":"Pantograph"},{"floor":31,"key":"Singing Bowl"},{"floor":41,"key":"Letter Opener"},{"floor":43,"key":"Bottled Lightning"}],"event_choices":[{"damage_healed":0,"gold_gain":0,"cards_transformed":["Echo Form"],"player_choice":"Transformed","damage_taken":0,"max_hp_gain":0,"max_hp_loss":0,"event_name":"Transmorgrifier","floor":8,"gold_loss":0,"cards_obtained":["Self Repair"]},{"damage_healed":0,"gold_gain":0,"player_choice":"Obtained Relic","damage_taken":0,"relics_obtained":["Sundial"],"max_hp_gain":0,"max_hp_loss":0,"event_name":"Addict","floor":19,"gold_loss":85},{"cards_removed":["Strike_B"],"damage_healed":0,"gold_gain":0,"player_choice":"Gave Gold","damage_taken":0,"max_hp_gain":0,"max_hp_loss":0,"event_name":"Beggar","floor":27,"gold_loss":75},{"cards_removed":["Defend_B"],"damage_healed":0,"gold_gain":0,"player_choice":"Offered Basic","damage_taken":0,"max_hp_gain":0,"max_hp_loss":0,"event_name":"Bonfire Elementals","floor":38,"gold_loss":0},{"damage_healed":0,"gold_gain":0,"player_choice":"Paid","damage_taken":0,"relics_obtained":["Red Mask"],"max_hp_gain":0,"max_hp_loss":0,"event_name":"Tomb of Lord Red Mask","floor":46,"gold_loss":288}],"is_beta":false,"boss_relics":[{"not_picked":["Philosopher\u0027s Stone","SlaversCollar"],"picked":"Astrolabe"},{"not_picked":["Fusion Hammer","SacredBark"],"picked":"Busted Crown"}],"items_purged_floors":[],"is_endless":false,"potions_floor_spawned":[3,11,13,16,24,30,31,33,35,37,48],"ascension_level":0}}