{"host":"zqowyf7xxb4s9ib0","time":1611626211,"event":{"mods":["BaseMod","Better Note","Colored Map","Colored Powertips","Downfall","Highlight Path","Minty Spire (QoL Compilation)","Permanent Neow","Quick Restart","StSLib"],"gold_per_floor":[99,117,136,155,155,165,165,179,179,196,207,72,72,83,93,93,93,93],"floor_reached":16,"language":"ENG","playtime":628,"items_purged":["bronze:Strike"],"score":123,"play_id":"f4f03a48-8249-4675-b545-8ee0b7215192","local_time":"20210125175651","is_ascension_mode":false,"campfire_choices":[{"floor":1,"key":"RECALL"},{"data":"bronze:DelayedSlice","floor":13,"key":"SMITH"}],"circlet_count":0,"master_deck":["bronze:Strike","bronze:Strike","bronze:Defend","bronze:Defend","bronze:Defend","bronze:Defend","bronze:Replicate","bronze:Goto+1","bronze:CloningBeam","bronze:FineTuning","bronze:DelayedSlice+1","bronze:DelayedSlice+1","bronze:DelayedSlice+1","bronze:ThunderWave+1","bronze:WhirlingStrike+1","bronze:BronzeOrb+1","bronze:DelayedSlice+1"],"relics":["bronze:BronzeCore","Molten Egg 2"],"acts_visited":["Exordium"],"potions_floor_usage":[16,16],"damage_taken":[{"damage":0,"enemies":"Cultist","floor":2,"turns":5},{"damage":7,"enemies":"Small Slimes","floor":3,"turns":4},{"damage":9,"enemies":"Jaw Worm","floor":4,"turns":4},{"damage":6,"enemies":"Red Slaver","floor":6,"turns":5},{"damage":0,"enemies":"3 Louse","floor":8,"turns":1},{"damage":4,"enemies":"2 Fungi Beasts","floor":10,"turns":2},{"damage":7,"enemies":"Exordium Thugs","floor":11,"turns":3},{"damage":5,"enemies":"downfall:FleeingMerchant","floor":12,"turns":4},{"damage":0,"enemies":"Lots of Slimes","floor":14,"turns":1},{"damage":0,"enemies":"Large Slime","floor":15,"turns":3},{"damage":37,"enemies":"SI_SHIV_ARCHETYPE","floor":16,"turns":3}],"seed_played":"-3690213112466601034","potions_obtained":[{"floor":2,"key":"champ:CounterPotion"},{"floor":6,"key":"SkillPotion"},{"floor":11,"key":"Strength Potion"},{"floor":15,"key":"LiquidBronze"}],"is_trial":false,"path_per_floor":["R","M","M","M","?","M","T","M","?","M","M","$","R","M","M","B"],"character_chosen":"THE_AUTOMATON","items_purchased":["bronze:WhirlingStrike+1"],"campfire_rested":0,"item_purchase_floors":[12],"current_hp_per_floor":[70,70,63,54,59,53,53,53,53,49,42,37,37,37,37,0,0,0],"gold":93,"neow_bonus":"UPGRADE_CARD","is_daily":false,"chose_seed":false,"campfire_upgraded":1,"win_rate":0.0,"timestamp":1611626211,"path_taken":["R","M","M","?","?","M","T","M","?","M","M","$","R","M","M","BOSS"],"items_purchased_type":["Card"],"build_version":"2020-12-22","purchased_purges":1,"victory":false,"max_hp_per_floor":[70,70,70,70,75,75,75,75,75,75,75,75,75,75,75,75,75,75],"card_choices":[{"not_picked":["bronze:FineTuning","bronze:Overheat"],"picked":"bronze:CloningBeam","floor":2},{"not_picked":["bronze:DelayedGuard","bronze:ChosenStrike"],"picked":"bronze:FineTuning","floor":3},{"not_picked":["bronze:NullPointer","bronze:Backtrace"],"picked":"bronze:DelayedSlice","floor":4},{"not_picked":["bronze:BugBarrage","bronze:Allocate","bronze:Safeguard"],"picked":"SKIP","floor":6},{"not_picked":["bronze:OilSpill+1","bronze:Turbo"],"picked":"bronze:DelayedSlice+1","floor":8},{"not_picked":["bronze:ItsAFeature","bronze:Separator+1"],"picked":"bronze:DelayedSlice+1","floor":10},{"not_picked":["bronze:Philosophize","bronze:Shield"],"picked":"bronze:ThunderWave+1","floor":11},{"not_picked":["bronze:Allocate","bronze:Backtrace+1","bronze:Deprecate"],"picked":"SKIP","floor":12},{"not_picked":["bronze:Return","bronze:Boost"],"picked":"bronze:BronzeOrb+1","floor":14},{"not_picked":["bronze:ForceShield","bronze:BronzeOrb+1"],"picked":"bronze:DelayedSlice+1","floor":15}],"player_experience":509472,"relics_obtained":[{"floor":7,"key":"Molten Egg 2"}],"event_choices":[{"damage_healed":0,"gold_gain":0,"player_choice":"Donut","damage_taken":0,"max_hp_gain":5,"max_hp_loss":0,"event_name":"Big Fish","floor":5,"gold_loss":0}],"is_beta":false,"boss_relics":[],"items_purged_floors":[12],"is_endless":false,"potions_floor_spawned":[2,6,11,15],"killed_by":"SI_SHIV_ARCHETYPE","ascension_level":0}}