{"host":"hfxahm4y1ssattqc","time":1611630338,"event":{"mods":["2.2 Compatiblity","Act Like it!","Aspiration","BaseMod","Beaked The Cultist","Better Third Choice","BetterRewards","Colored Map","Colored Powertips","Custom Start","Googly Eyes","Halation","Hallownest","Hermit","Highlight Path","Hubris","Mimic Mod","Minty Spire (QoL Compilation)","Reorder Act Four","Shop Mod","Spikes Relics","StSLib","The Bug Knight","The IronCluck","The Jungle","Unknown Chances","slay the spire mod where everything is the same but ironclad has a cowboy hat"],"gold_per_floor":[109,109,109,79,79,79,108,120,143,143,163,193,193,211,211,316,316,330,330,352,359,359],"floor_reached":21,"language":"ENG","playtime":603,"items_purged":[],"score":237,"play_id":"27c71c9d-6382-48c9-a0bc-525cc45b894b","local_time":"20210125190538","is_ascension_mode":false,"campfire_choices":[{"data":"hermit:Deadeye","floor":6.0,"key":"SMITH"},{"floor":10,"key":"REST"},{"data":"hermit:EternalForm","floor":13,"key":"SMITH"},{"floor":15,"key":"REST"}],"circlet_count":0,"master_deck":["hermit:Strike_Hermit","hermit:Strike_Hermit","hermit:Strike_Hermit","hermit:Strike_Hermit","hermit:Defend_Hermit","hermit:Defend_Hermit","hermit:Defend_Hermit","hermit:Defend_Hermit","hermit:Snapshot+1","hermit:Covet","hermit:Deadeye+1","hermit:Grudge","hermit:EternalForm+1","hermit:SprayPray","hermit:OverwhelmingPower","hermit:Scavenge+1","hermit:Roulette+1"],"relics":["hermit:Momento","halation:PinkSoulGem","betterThird:SlimedRelic","HollowMod:StagPassRelic","aspiration:Lifesprig","Art of War","SlaversCollar"],"acts_visited":["Exordium","TheCity"],"potions_floor_usage":[],"damage_taken":[{"damage":1.0,"enemies":"Jaw Worm","floor":1.0,"turns":3.0},{"damage":40,"enemies":"Gremlin Nob","floor":7,"turns":5},{"damage":2,"enemies":"Small Slimes","floor":8,"turns":3},{"damage":0,"enemies":"2 Louse","floor":11,"turns":2},{"damage":2,"enemies":"3 Sentries","floor":12,"turns":6},{"damage":8,"enemies":"Red Slaver","floor":14,"turns":5},{"damage":0,"enemies":"Slime Boss","floor":16,"turns":5},{"damage":21,"enemies":"Spheric Guardian","floor":18,"turns":4},{"damage":21,"enemies":"Shell Parasite","floor":20,"turns":7},{"damage":34,"enemies":"Cultist and Chosen","floor":21,"turns":4}],"seed_played":"-2674746545750373883","potions_obtained":[{"floor":1.0,"key":"SkillPotion"},{"floor":12,"key":"hermit:Eclipse"},{"floor":14,"key":"CultistPotion"}],"is_trial":false,"path_per_floor":["M","?","$","?","$","R","E","M","T","R","M","E","R","M","R","B",null,"M","?","M","M"],"character_chosen":"HERMIT","items_purchased":[],"campfire_rested":2,"item_purchase_floors":[],"current_hp_per_floor":[74,74,74,63,63,63,23,21,21,43,43,41,41,33,55,55,75,54,54,33,0,0],"gold":359,"neow_bonus":"UPGRADE_CARD","is_daily":false,"chose_seed":false,"campfire_upgraded":2,"win_rate":0.0,"timestamp":1611630338,"path_taken":["M","?","$","?","?","R","E","?","T","R","?","E","R","M","R","BOSS","M","?","?","M"],"items_purchased_type":[],"build_version":"2020-12-22","purchased_purges":0,"victory":false,"max_hp_per_floor":[75,75,75,75,75,75,75,75,75,75,75,75,75,75,75,75,75,75,75,75,75,75],"card_choices":[{"not_picked":["hermit:Misfire","hermit:Enervate"],"picked":"hermit:Deadeye","floor":1.0},{"not_picked":["hermit:Spite","hermit:ItchyTrigger"],"picked":"hermit:Grudge","floor":7},{"not_picked":["hermit:Spite","hermit:Gestalt","hermit:ItchyTrigger"],"picked":"SKIP","floor":8},{"not_picked":["hermit:Cheat","hermit:Roulette","hermit:Misfire"],"picked":"SKIP","floor":11},{"not_picked":["hermit:GhostlyPresence","hermit:Misfire"],"picked":"hermit:EternalForm","floor":12},{"not_picked":["hermit:Grudge","hermit:Vantage"],"picked":"hermit:SprayPray","floor":14},{"not_picked":["hermit:BlackWind","hermit:Magnum"],"picked":"hermit:OverwhelmingPower","floor":16},{"not_picked":["hermit:Manifest","hermit:TrackingShot+1"],"picked":"hermit:Scavenge+1","floor":18},{"not_picked":["hermit:LowProfile","hermit:WideOpen"],"picked":"hermit:Roulette+1","floor":20}],"player_experience":911137,"relics_obtained":[{"floor":7,"key":"HollowMod:StagPassRelic"},{"floor":9,"key":"aspiration:Lifesprig"},{"floor":12,"key":"Art of War"}],"event_choices":[{"damage_healed":0.0,"max_hp_gain":0.0,"max_hp_loss":0.0,"gold_gain":0.0,"event_name":"betterThird:BetterGoop","player_choice":"Slimed","floor":4.0,"gold_loss":30.0,"damage_taken":11.0},{"damage_healed":0,"gold_gain":0,"player_choice":"Bought 0 Potions","damage_taken":0,"max_hp_gain":0,"max_hp_loss":0,"event_name":"The Woman in Blue","floor":19,"gold_loss":0}],"is_beta":false,"boss_relics":[{"not_picked":["halation:PlatinumPhoenix","CosmicIsotope"],"picked":"SlaversCollar"}],"items_purged_floors":[],"is_endless":false,"potions_floor_spawned":[1,12,14,18],"killed_by":"Cultist and Chosen","ascension_level":0}}