{"host":"hwrdjx5eod2cxh09","time":1611649404,"event":{"mods":["AchievementEnabler","BaseMod","Bestiary","Minty Spire (QoL Compilation)","Relic Stats"],"gold_per_floor":[111,130,405,423,229,257,269,302,326,359,378,378,396,396,396,517,517,517],"floor_reached":17,"language":"ENG","playtime":508,"items_purged":["Regret"],"score":227,"play_id":"2dd40329-e2ef-48c1-a225-6eea3a71bb34","local_time":"20210126172324","is_ascension_mode":false,"campfire_choices":[{"data":"Sunder","floor":12.0,"key":"SMITH"},{"data":"Beam Cell","floor":15.0,"key":"SMITH"}],"circlet_count":0,"master_deck":["Strike_B","Strike_B","Strike_B","Strike_B","Defend_B","Defend_B","Defend_B","Defend_B","Zap","Dualcast","Rip and Tear","FTL","Beam Cell+1","Sunder+1","All For One","Hologram","Go for the Eyes","Auto Shields","Echo Form"],"relics":["Cracked Core","Golden Idol"],"acts_visited":["Exordium","TheCity"],"potions_floor_usage":[16],"damage_taken":[{"damage":0.0,"enemies":"2 Louse","floor":1.0,"turns":3.0},{"damage":0.0,"enemies":"Cultist","floor":2.0,"turns":3.0},{"damage":8.0,"enemies":"Jaw Worm","floor":4.0,"turns":2.0},{"damage":6.0,"enemies":"Gremlin Nob","floor":6.0,"turns":3.0},{"damage":11.0,"enemies":"Large Slime","floor":7.0,"turns":3.0},{"damage":21.0,"enemies":"Lagavulin","floor":8.0,"turns":5.0},{"damage":14.0,"enemies":"Gremlin Nob","floor":10.0,"turns":3.0},{"damage":1.0,"enemies":"Exordium Thugs","floor":11.0,"turns":4.0},{"damage":4.0,"enemies":"Blue Slaver","floor":13.0,"turns":3.0},{"damage":0,"enemies":"Slime Boss","floor":16,"turns":5}],"seed_played":"1666968766084785027","potions_obtained":[{"floor":1.0,"key":"PowerPotion"},{"floor":2.0,"key":"FairyPotion"},{"floor":8.0,"key":"Strength Potion"},{"floor":16,"key":"Strength Potion"}],"is_trial":false,"path_per_floor":["M","M","?","M","$","E","M","E","T","E","M","R","M","?","R","B",null],"character_chosen":"DEFECT","items_purchased":["Sunder","Fire Potion"],"campfire_rested":0,"item_purchase_floors":[5,5],"current_hp_per_floor":[82,82,82,74,74,68,57,36,36,22,21,21,17,17,17,17,76,76],"gold":517,"neow_bonus":"TEN_PERCENT_HP_BONUS","is_daily":false,"chose_seed":false,"campfire_upgraded":2,"win_rate":0.0,"timestamp":1611649404,"path_taken":["M","M","?","M","$","E","M","E","T","E","M","R","M","?","R","BOSS"],"items_purchased_type":["Card","Potion"],"build_version":"2020-12-22","purchased_purges":1,"victory":false,"max_hp_per_floor":[82,82,82,82,82,82,82,82,82,82,82,82,82,76,76,76,76,76],"relic_stats":{"counters":[10,34],"Golden Idol":24,"obtain_stats":[{"Golden Idol":14,"Cracked Core":0},{"Golden Idol":9,"Cracked Core":0},{"Golden Idol":29,"Cracked Core":0}]},"card_choices":[{"not_picked":["Steam Power","Steam"],"picked":"Rip and Tear","floor":1.0},{"not_picked":["Stack","Rebound"],"picked":"FTL","floor":2.0},{"not_picked":["Reinforced Body","Gash"],"picked":"Beam Cell","floor":4.0},{"not_picked":["Cold Snap","Redo"],"picked":"All For One","floor":6.0},{"not_picked":["Compile Driver","Darkness"],"picked":"Hologram","floor":7.0},{"not_picked":["Meteor Strike","Force Field","Lockon"],"picked":"SKIP","floor":8.0},{"not_picked":["Recycle","Fusion"],"picked":"Go for the Eyes","floor":10.0},{"not_picked":["Skim","Glacier"],"picked":"Auto Shields","floor":11.0},{"not_picked":["Conserve Battery","Auto Shields","Glacier"],"picked":"SKIP","floor":13.0},{"not_picked":["Meteor Strike","Buffer"],"picked":"Echo Form","floor":16}],"player_experience":308436,"relics_obtained":[],"event_choices":[{"damage_healed":0.0,"max_hp_gain":0.0,"max_hp_loss":0.0,"gold_gain":275.0,"event_name":"Golden Shrine","player_choice":"Desecrate","floor":3.0,"gold_loss":0.0,"damage_taken":0.0,"cards_obtained":["Regret"]},{"damage_healed":0.0,"max_hp_gain":0.0,"max_hp_loss":6.0,"gold_gain":0.0,"event_name":"Golden Idol","player_choice":"Lose Max HP","floor":14.0,"gold_loss":0.0,"damage_taken":0.0,"relics_obtained":["Golden Idol"]}],"is_beta":false,"boss_relics":[{"not_picked":[]}],"items_purged_floors":[5],"is_endless":false,"potions_floor_spawned":[1,2,8,10,13,16],"ascension_level":0}}