{"host":"8am31i0j9qpslrrv","time":1611692878,"event":{"mods":["BaseMod","Curses Come First","Minty Spire (QoL Compilation)","Quick Restart","Replay The Spire","StSLib"],"gold_per_floor":[112,62,137,137,137,468,468,488,514,514,190,190,190,203,203,103,103,207,207,197,197,216,131,146,179,195,214,214,214,214,154,104,123,123,221,221,231,317,317,336,237,272,272,304,327,327,338,365,139,155,155,155,155,155,78,112,112],"floor_reached":58,"language":"ENG","playtime":4647,"items_purged":["Strike_B","Strike_B","Strike_B","Coolheaded","Coolheaded"],"score":1133,"play_id":"c173ca6f-9966-4c44-9c92-e6021ac1eb3c","local_time":"20210126152758","is_ascension_mode":false,"campfire_choices":[{"data":"Crystallizer","floor":7.0,"key":"SMITH"},{"data":"Zap","floor":10.0,"key":"SMITH"},{"data":"BasicCrystalCard","floor":15.0,"key":"SMITH"},{"data":"Dualcast","floor":17.0,"key":"SMITH"},{"data":"Biased Cognition","floor":30.0,"key":"SMITH"},{"floor":34.0,"key":"RECALL"},{"data":"ReplaySort","floor":43.0,"key":"SMITH"},{"data":"Time Bomb","floor":46.0,"key":"SMITH"},{"floor":51.0,"key":"REST"},{"data":"Darkness","floor":54.0,"key":"SMITH"}],"circlet_count":0,"master_deck":["Zap+1","Dualcast+1","Crystallizer+1","BasicCrystalCard+1","Biased Cognition+1","Crystallizer+1","Creative AI","ReplaySort+1","Time Bomb+1","Darkness+1","Multi-Cast+1","Impatience+1","ReplayTheSpireMod:Calculation Training+1"],"relics":["FrozenCore","FaceOfCleric","Old Coin","Replay:Antivirus Software","Matryoshka","Bag of Marbles","DataDisk","Smiling Mask","Gremlin Horn","Carrot","Pandora\u0027s Box","CeramicFish","Blue Doll","Replay:Ringing Soul","Bronze Scales","War Paint"],"acts_visited":["Exordium","TheCity","TheBeyond","TheEnding"],"potions_floor_usage":[57,57,57],"damage_taken":[{"damage":0.0,"enemies":"Small Slimes","floor":1.0,"turns":3.0},{"damage":38.0,"enemies":"3 Sentries","floor":6.0,"turns":7.0},{"damage":6.0,"enemies":"Jaw Worm","floor":8.0,"turns":3.0},{"damage":0.0,"enemies":"2 Louse","floor":14.0,"turns":2.0},{"damage":14.0,"enemies":"Hexaghost","floor":18.0,"turns":10.0},{"damage":13.0,"enemies":"2 Thieves","floor":20.0,"turns":5.0},{"damage":4.0,"enemies":"3 Byrds","floor":22.0,"turns":4.0},{"damage":6.0,"enemies":"Snake Plant","floor":24.0,"turns":6.0},{"damage":21.0,"enemies":"Slavers","floor":25.0,"turns":8.0},{"damage":0.0,"enemies":"Cultist and Chosen","floor":26.0,"turns":6.0},{"damage":4.0,"enemies":"Centurion and Healer","floor":27.0,"turns":9.0},{"damage":2.0,"enemies":"Snake Plant","floor":33.0,"turns":27.0},{"damage":0.0,"enemies":"Collector","floor":35.0,"turns":11.0},{"damage":0.0,"enemies":"Orb Walker","floor":37.0,"turns":6.0},{"damage":0.0,"enemies":"3 Shapes","floor":40.0,"turns":3.0},{"damage":0.0,"enemies":"R_Hoarder","floor":42.0,"turns":9.0},{"damage":8.0,"enemies":"Reptomancer","floor":44.0,"turns":4.0},{"damage":18.0,"enemies":"Jaw Worm Horde","floor":47.0,"turns":3.0},{"damage":6.0,"enemies":"Transient","floor":48.0,"turns":5.0},{"damage":0.0,"enemies":"Spire Growth","floor":50.0,"turns":4.0},{"damage":29.0,"enemies":"Replay:Hell Engine","floor":52.0,"turns":11.0},{"damage":20.0,"enemies":"Shield and Spear","floor":56.0,"turns":5.0},{"damage":44,"enemies":"The Heart","floor":57,"turns":8}],"seed_played":"4074388754052221820","potions_obtained":[{"floor":1.0,"key":"GamblersBrew"},{"floor":6.0,"key":"AttackPotion"},{"floor":22.0,"key":"Swift Potion"},{"floor":24.0,"key":"Block Potion"},{"floor":27.0,"key":"FocusPotion"},{"floor":33.0,"key":"Strength Potion"},{"floor":42.0,"key":"SteroidPotion"},{"floor":44.0,"key":"Fruit Juice"},{"floor":48.0,"key":"Energy Potion"}],"is_trial":false,"path_per_floor":["M","?","?","?","?","E","R","M","T","R","$","PTL","PTL","M","R","$","R","B",null,"M","?","M","?","M","E","M","M","T","T","R","?","$","M","R","B",null,"M","?","?","M","$","E","R","E","T","R","M","M","$","M","R","B",null,"R","$","E","B",null],"character_chosen":"DEFECT","items_purchased":["Matryoshka","Swift Potion","Multi-Cast+1","Impatience","Regen Potion"],"campfire_rested":1,"item_purchase_floors":[11,41,49,49,55],"current_hp_per_floor":[82,82,71,71,71,34,34,29,29,29,29,29,29,30,30,30,30,17,86,74,74,71,71,66,46,47,44,44,44,44,44,44,43,43,44,94,95,72,72,73,73,74,74,72,72,72,55,53,56,57,90,62,113,113,113,97,69],"gold":112,"neow_bonus":"TEN_PERCENT_HP_BONUS","is_daily":false,"chose_seed":false,"campfire_upgraded":8,"win_rate":0.0,"timestamp":1611692878,"path_taken":["M","?","?","?","?","E","R","?","T","R","$","PTL","PTL","M","R","$","R","BOSS","M","?","?","?","M","E","M","M","T","?","R","?","$","M","R","BOSS","M","?","?","M","$","E","R","E","T","R","M","?","?","M","R","BOSS","R","$","E","BOSS"],"items_purchased_type":["Relic","Potion","Card","Card","Potion"],"build_version":"2020-12-22","purchased_purges":5,"victory":true,"max_hp_per_floor":[82,82,82,82,82,83,83,84,84,84,84,84,84,85,85,85,85,86,86,87,87,88,88,89,90,91,92,92,92,92,92,92,93,93,94,94,95,95,95,96,96,97,97,103,103,103,104,108,111,112,112,113,113,113,113,117,118],"card_choices":[{"not_picked":["Stack","ReplaySort"],"picked":"Crystallizer","floor":1.0},{"not_picked":["Panic Button","Turbo","All For One"],"picked":"SKIP","floor":6.0},{"not_picked":["FTL","Beam Cell","Rip and Tear"],"picked":"SKIP","floor":8.0},{"not_picked":["Barrage","Panic Button"],"picked":"BasicCrystalCard","floor":14.0},{"not_picked":["Hyperbeam","ReplayTheSpireMod:Fabricate Wheel"],"picked":"Biased Cognition","floor":18.0},{"not_picked":["Doom and Gloom","Sweeping Beam+1","Stack"],"picked":"SKIP","floor":20.0},{"not_picked":["Aggregate","Beam Cell+1","Steam"],"picked":"SKIP","floor":22.0},{"not_picked":["Heatsinks","Stack","ReplayTheSpireMod:Repulse"],"picked":"SKIP","floor":24.0},{"not_picked":["Go for the Eyes","Chaos","Rip and Tear"],"picked":"SKIP","floor":25.0},{"not_picked":["Cold Snap+1","Rebound","Panic Button+1"],"picked":"SKIP","floor":26.0},{"not_picked":["Cold Snap","Sweeping Beam","Rebound"],"picked":"SKIP","floor":27.0},{"not_picked":["Chill","Steam","BootSequence"],"picked":"SKIP","floor":33.0},{"not_picked":["ReplayTheSpireMod:Fabricate Wheel","Echo Form"],"picked":"Creative AI","floor":35.0},{"not_picked":["Glacier+1","Compile Driver+1","Capacitor"],"picked":"SKIP","floor":37.0},{"not_picked":["Rebound+1","Recycle"],"picked":"Time Bomb","floor":40.0},{"not_picked":["ReplaySort","Turbo","Lockon"],"picked":"SKIP","floor":42.0},{"not_picked":["Panic Button+1","Barrage+1","Go for the Eyes+1"],"picked":"SKIP","floor":44.0},{"not_picked":["Hello World+1","Redo+1","BasicCrystalCard+1"],"picked":"SKIP","floor":47.0},{"not_picked":["Crystallizer+1","Sweeping Beam+1"],"picked":"Darkness","floor":48.0},{"not_picked":["Redo","Machine Learning","Sweeping Beam"],"picked":"SKIP","floor":50.0},{"not_picked":["Fusion+1","Reprogram+1"],"picked":"ReplayTheSpireMod:Calculation Training","floor":56}],"player_experience":769446,"relics_obtained":[{"floor":6.0,"key":"Old Coin"},{"floor":9.0,"key":"Replay:Antivirus Software"},{"floor":25.0,"key":"DataDisk"},{"floor":28.0,"key":"Smiling Mask"},{"floor":29.0,"key":"Gremlin Horn"},{"floor":29.0,"key":"Carrot"},{"floor":38.0,"key":"CeramicFish"},{"floor":42.0,"key":"Blue Doll"},{"floor":44.0,"key":"Replay:Ringing Soul"},{"floor":45.0,"key":"Bronze Scales"},{"floor":56,"key":"War Paint"}],"event_choices":[{"cards_removed":["Strike_B"],"damage_healed":0.0,"max_hp_gain":0.0,"max_hp_loss":0.0,"gold_gain":0.0,"event_name":"The Cleric","player_choice":"Card Removal","floor":2.0,"gold_loss":50.0,"damage_taken":0.0},{"damage_healed":0.0,"max_hp_gain":0.0,"max_hp_loss":0.0,"gold_gain":75.0,"event_name":"World of Goop","player_choice":"Gather Gold","floor":3.0,"gold_loss":0.0,"damage_taken":11.0},{"cards_removed":["Defend_B"],"damage_healed":0.0,"max_hp_gain":0.0,"max_hp_loss":0.0,"gold_gain":0.0,"event_name":"Living Wall","player_choice":"Forget","floor":4.0,"gold_loss":0.0,"damage_taken":0.0},{"damage_healed":0.0,"max_hp_gain":0.0,"max_hp_loss":0.0,"gold_gain":0.0,"event_name":"FaceTrader","player_choice":"Trade","floor":5.0,"gold_loss":0.0,"damage_taken":0.0,"relics_obtained":["FaceOfCleric"]},{"damage_healed":0.0,"max_hp_gain":0.0,"max_hp_loss":0.0,"gold_gain":0.0,"event_name":"Duplicator","player_choice":"Copied","floor":21.0,"gold_loss":0.0,"damage_taken":0.0,"cards_obtained":["Crystallizer"]},{"damage_healed":0.0,"max_hp_gain":0.0,"max_hp_loss":0.0,"gold_gain":0.0,"event_name":"Addict","player_choice":"Obtained Relic","floor":23.0,"gold_loss":85.0,"damage_taken":0.0,"relics_obtained":["Bag of Marbles"]},{"damage_healed":0.0,"max_hp_gain":0.0,"max_hp_loss":0.0,"gold_gain":0.0,"event_name":"Match and Keep!","player_choice":"0 cards matched","floor":39.0,"gold_loss":0.0,"damage_taken":0.0,"cards_obtained":[]}],"is_beta":false,"boss_relics":[{"not_picked":["Tiny House","Nuclear Battery"],"picked":"FrozenCore"},{"not_picked":["Sozu","Replay:Bronze Core"],"picked":"Pandora\u0027s Box"}],"items_purged_floors":[11,16,32,41,49],"is_endless":false,"potions_floor_spawned":[1,6,22,24,27,33,42,44,48],"ascension_level":0}}