{"host":"dpbezu80jg8zk7un","time":1611659982,"event":{"mods":["BaseMod","Colored Map","Colored Powertips","Custom Start","DeckTracker","Minty Spire (QoL Compilation)","Quick Restart","StSLib","SuperFastMode"],"gold_per_floor":[16,16,36,51,51,51,51,51,51,76,114,133,164,89,89,179,179,203,203,218,218,268,297,317,317,317,317,46,62,82,107,107,181,181,195,70,0,47,72,72,103,120,120,148,148,148,178,191,191,191,191,191,191,41,68,68],"floor_reached":57,"language":"KOR","playtime":2761,"items_purged":["Strike_P","Defend_P","Strike_P+1","Defend_P+1"],"score":3247,"play_id":"2c7a2cf0-f585-407b-8088-35039713b5b9","local_time":"20210126201942","is_ascension_mode":true,"campfire_choices":[{"data":"Eruption","floor":6.0,"key":"SMITH"},{"floor":8.0,"key":"RECALL"},{"floor":15.0,"key":"REST"},{"data":"Vault","floor":25.0,"key":"SMITH"},{"floor":32.0,"key":"REST"},{"floor":40,"key":"REST"},{"data":"Purity","floor":49,"key":"SMITH"},{"floor":53,"key":"REST"}],"circlet_count":0,"master_deck":["AscendersBane","Eruption+1","Vigilance+1","Thinking Ahead+1","EmptyMind+1","FearNoEvil+1","FlurryOfBlows+1","MentalFortress+1","Vault+1","WheelKick+1","InnerPeace+1","Conclude+1","DeceiveReality+1","Brilliance+1","Purity+1"],"relics":["PureWater","Bloody Idol","Sundial","Eternal Feather","Cursed Key","Matryoshka","Medical Kit","Ornamental Fan","Astrolabe","Red Mask","CloakClasp","InkBottle","Lantern","Strawberry","Nunchaku"],"acts_visited":["Exordium","TheCity","TheBeyond","TheEnding"],"potions_floor_usage":[33,41,56,56],"damage_taken":[{"damage":1.0,"enemies":"Small Slimes","floor":1.0,"turns":4.0},{"damage":2.0,"enemies":"Jaw Worm","floor":3.0,"turns":3.0},{"damage":0.0,"enemies":"Cultist","floor":4.0,"turns":3.0},{"damage":0.0,"enemies":"2 Fungi Beasts","floor":10.0,"turns":3.0},{"damage":29.0,"enemies":"Lagavulin","floor":11.0,"turns":8.0},{"damage":0.0,"enemies":"Blue Slaver","floor":12.0,"turns":3.0},{"damage":14.0,"enemies":"Gremlin Nob","floor":13.0,"turns":4.0},{"damage":35.0,"enemies":"The Guardian","floor":16.0,"turns":15.0},{"damage":0.0,"enemies":"Spheric Guardian","floor":18.0,"turns":3.0},{"damage":0.0,"enemies":"Chosen","floor":20.0,"turns":2.0},{"damage":15.0,"enemies":"Slavers","floor":23.0,"turns":7.0},{"damage":0.0,"enemies":"3 Cultists","floor":24.0,"turns":4.0},{"damage":18.0,"enemies":"Snake Plant","floor":29.0,"turns":2.0},{"damage":15.0,"enemies":"Centurion and Healer","floor":30.0,"turns":3.0},{"damage":7.0,"enemies":"Book of Stabbing","floor":31.0,"turns":5.0},{"damage":17,"enemies":"Collector","floor":33,"turns":7},{"damage":3,"enemies":"Orb Walker","floor":35,"turns":4},{"damage":2,"enemies":"2 Orb Walkers","floor":38,"turns":5},{"damage":0,"enemies":"Mind Bloom Boss Battle","floor":39,"turns":5},{"damage":0,"enemies":"Reptomancer","floor":41,"turns":3},{"damage":0,"enemies":"3 Shapes","floor":42,"turns":2},{"damage":0,"enemies":"Giant Head","floor":44,"turns":4},{"damage":0,"enemies":"Nemesis","floor":47,"turns":7},{"damage":0,"enemies":"Spire Growth","floor":48,"turns":3},{"damage":0,"enemies":"Awakened One","floor":50,"turns":6},{"damage":0,"enemies":"Donu and Deca","floor":51,"turns":4},{"damage":0,"enemies":"Shield and Spear","floor":55,"turns":2},{"damage":46,"enemies":"The Heart","floor":56,"turns":8}],"seed_played":"2056116550061759443","potions_obtained":[{"floor":1.0,"key":"LiquidBronze"},{"floor":11.0,"key":"SkillPotion"},{"floor":16.0,"key":"StancePotion"},{"floor":20.0,"key":"PowerPotion"},{"floor":23.0,"key":"Weak Potion"},{"floor":29.0,"key":"SteroidPotion"},{"floor":30.0,"key":"GamblersBrew"},{"floor":38,"key":"LiquidMemories"},{"floor":44,"key":"Ancient Potion"}],"is_trial":false,"path_per_floor":["M","?","M","M","?","R","?","R","T","M","E","M","E","$","R","B",null,"M","?","M","?","?","E","M","R","T","T","$","M","M","E","R","B",null,"M","$","?","?","?","R","E","M","T","E","?","?","E","M","R","B","B",null,"R","$","E","B",null],"character_chosen":"WATCHER","items_purchased":["Medical Kit"],"campfire_rested":4,"item_purchase_floors":[28],"current_hp_per_floor":[60,60,58,58,58,58,58,58,58,58,29,29,15,15,39,4,48,48,48,48,48,53,43,48,57,57,57,57,44,34,32,59,47,58,60,60,60,62,62,62,62,62,62,62,52,52,64,69,69,69,69,69,69,69,69,23],"gold":68,"neow_bonus":"RANDOM_COLORLESS_2","is_daily":false,"chose_seed":false,"campfire_upgraded":3,"win_rate":0.0,"timestamp":1611659982,"path_taken":["M","?","M","M","?","R","?","R","T","?","E","M","E","$","R","BOSS","M","?","M","?","?","E","M","R","T","?","$","M","M","E","R","BOSS","M","$","?","?","?","R","E","M","T","E","?","?","E","M","R","BOSS","BOSS","R","$","E","BOSS"],"items_purchased_type":["Relic"],"build_version":"2020-12-22","purchased_purges":4,"victory":true,"max_hp_per_floor":[68,68,68,68,62,62,62,62,62,62,62,62,62,62,62,62,62,62,62,62,62,62,62,62,62,62,62,62,62,62,62,62,62,62,62,62,62,62,62,62,62,62,62,62,62,62,69,69,69,69,69,69,69,69,69,69],"card_choices":[{"not_picked":["Secret Weapon","Panache"],"picked":"Thinking Ahead","floor":0.0},{"not_picked":["ThirdEye","Evaluate","EmptyBody"],"picked":"SKIP","floor":1.0},{"not_picked":["Conclude","Evaluate","Wallop"],"picked":"SKIP","floor":3.0},{"not_picked":["JustLucky","CutThroughFate"],"picked":"EmptyMind","floor":4.0},{"not_picked":["SashWhip","Conclude"],"picked":"FearNoEvil","floor":11.0},{"not_picked":["EmptyFist","Vengeance","Evaluate"],"picked":"SKIP","floor":12.0},{"not_picked":["Wallop","Sanctity","CarveReality"],"picked":"SKIP","floor":13.0},{"not_picked":["Prostrate","CutThroughFate"],"picked":"FlurryOfBlows","floor":18.0},{"not_picked":["Study","BattleHymn"],"picked":"MentalFortress","floor":20.0},{"not_picked":["Wallop","Study"],"picked":"Vault","floor":23.0},{"not_picked":["JustLucky","FlyingSleeves"],"picked":"WheelKick","floor":24.0},{"not_picked":["FollowUp","Halt","Wireheading"],"picked":"SKIP","floor":29.0},{"not_picked":["SandsOfTime","Crescendo","Prostrate"],"picked":"SKIP","floor":30.0},{"not_picked":["PathToVictory","Weave"],"picked":"InnerPeace","floor":31.0},{"not_picked":["FlurryOfBlows","LikeWater","Consecrate"],"picked":"SKIP","floor":35},{"not_picked":["ClearTheMind","DeusExMachina","Devotion"],"picked":"SKIP","floor":41},{"not_picked":["FlyingSleeves","Crescendo","Evaluate+1"],"picked":"SKIP","floor":42},{"not_picked":["FlurryOfBlows","Halt+1","Wallop+1"],"picked":"SKIP","floor":44},{"not_picked":["Madness","Flash of Steel"],"picked":"Purity","floor":45},{"not_picked":["CutThroughFate","Crescendo","Halt"],"picked":"SKIP","floor":47},{"not_picked":["FlyingSleeves","WheelKick+1","BowlingBash"],"picked":"SKIP","floor":48},{"not_picked":["Worship","FlyingSleeves+1","ThirdEye"],"picked":"SKIP","floor":55}],"player_experience":2930495,"relics_obtained":[{"floor":11.0,"key":"Sundial"},{"floor":13.0,"key":"Eternal Feather"},{"floor":23.0,"key":"Matryoshka"},{"floor":31.0,"key":"Ornamental Fan"},{"floor":39,"key":"CloakClasp"},{"floor":41,"key":"InkBottle"},{"floor":44,"key":"Lantern"},{"floor":47,"key":"Strawberry"},{"floor":55,"key":"Nunchaku"}],"event_choices":[{"damage_healed":0.0,"max_hp_gain":0.0,"max_hp_loss":0.0,"gold_gain":0.0,"cards_transformed":["Defend_P"],"event_name":"Living Wall","player_choice":"Change","floor":2.0,"gold_loss":0.0,"damage_taken":0.0,"cards_obtained":["LessonLearned"]},{"damage_healed":0.0,"max_hp_gain":0.0,"max_hp_loss":6.0,"gold_gain":0.0,"event_name":"Golden Idol","player_choice":"Lose Max HP","floor":5.0,"gold_loss":0.0,"damage_taken":0.0,"relics_obtained":["Golden Idol"]},{"damage_healed":0.0,"max_hp_gain":0.0,"max_hp_loss":0.0,"gold_gain":0.0,"event_name":"Accursed Blacksmith","player_choice":"Forge","floor":7.0,"gold_loss":0.0,"damage_taken":0.0,"cards_upgraded":["EmptyMind"]},{"damage_healed":0.0,"max_hp_gain":0.0,"max_hp_loss":0.0,"gold_gain":0.0,"event_name":"Vampires","player_choice":"Ignored","floor":19.0,"gold_loss":0.0,"damage_taken":0.0},{"damage_healed":0.0,"max_hp_gain":0.0,"max_hp_loss":0.0,"gold_gain":0.0,"event_name":"Forgotten Altar","player_choice":"Gave Idol","floor":21.0,"relics_lost":["Golden Idol"],"gold_loss":0.0,"damage_taken":0.0,"relics_obtained":["Bloody Idol"]},{"damage_healed":0.0,"max_hp_gain":0.0,"max_hp_loss":0.0,"gold_gain":50.0,"event_name":"Nest","player_choice":"Stole From Cult","floor":22.0,"gold_loss":0.0,"damage_taken":0.0},{"damage_healed":0,"gold_gain":0,"player_choice":"Paid","damage_taken":0,"relics_obtained":["Red Mask"],"max_hp_gain":0,"max_hp_loss":0,"event_name":"Tomb of Lord Red Mask","floor":37,"gold_loss":70},{"damage_healed":0,"gold_gain":0,"player_choice":"Fight","damage_taken":0,"max_hp_gain":0,"max_hp_loss":0,"event_name":"Mysterious Sphere","floor":38,"gold_loss":0},{"damage_healed":0,"gold_gain":0,"player_choice":"Fight","damage_taken":0,"max_hp_gain":0,"max_hp_loss":0,"event_name":"MindBloom","floor":39,"gold_loss":0},{"damage_healed":0,"gold_gain":0,"player_choice":"Memory 3","damage_taken":10,"max_hp_gain":0,"max_hp_loss":0,"event_name":"SensoryStone","floor":45,"gold_loss":0},{"cards_removed":["LessonLearned"],"damage_healed":0,"gold_gain":0,"player_choice":"Removed Attack","damage_taken":0,"max_hp_gain":0,"max_hp_loss":0,"event_name":"Falling","floor":46,"gold_loss":0}],"is_beta":false,"boss_relics":[{"not_picked":["Snecko Eye","Philosopher\u0027s Stone"],"picked":"Cursed Key"},{"not_picked":["Busted Crown","Runic Dome"],"picked":"Astrolabe"}],"items_purged_floors":[14,28,36,54],"is_endless":false,"potions_floor_spawned":[1,11,12,16,20,23,29,30,38,44,47],"ascension_level":20}}