{"host":"f0gpob8hq9vgebej","time":1611658313,"event":{"mods":["AchievementEnabler","BaseMod","Minty Spire (QoL Compilation)","Quick Restart","SuperFastMode"],"gold_per_floor":[109,33,45,120,134,163,176,201,225,4,4,4,37,55,55,127,127,138,154,167,167,167,167],"floor_reached":22,"language":"KOR","playtime":417,"items_purged":["Strike_R"],"score":340,"play_id":"26f6c1bf-93bf-48f3-9b19-8240ee803ddf","local_time":"20210126195153","is_ascension_mode":true,"campfire_choices":[{"data":"Metamorphosis","floor":11.0,"key":"SMITH"},{"data":"Inflame","floor":15.0,"key":"SMITH"}],"circlet_count":0,"master_deck":["AscendersBane","Strike_R","Strike_R","Strike_R","Defend_R","Defend_R","Defend_R","Bash","Writhe","Metamorphosis+1","Ghostly Armor","Carnage","Inflame+1","Sword Boomerang","Battle Trance","Juggernaut","Sword Boomerang"],"relics":["Burning Blood","Meat on the Bone","Regal Pillow","Bag of Preparation","Vajra","Toy Ornithopter","Empty Cage","Enchiridion"],"acts_visited":["Exordium","TheCity"],"potions_floor_usage":[],"damage_taken":[{"damage":9.0,"enemies":"2 Louse","floor":1.0,"turns":4.0},{"damage":12.0,"enemies":"Small Slimes","floor":3.0,"turns":4.0},{"damage":1.0,"enemies":"Cultist","floor":5.0,"turns":4.0},{"damage":28.0,"enemies":"Gremlin Nob","floor":6.0,"turns":5.0},{"damage":26.0,"enemies":"Exordium Thugs","floor":7.0,"turns":4.0},{"damage":20.0,"enemies":"Lagavulin","floor":8.0,"turns":5.0},{"damage":26.0,"enemies":"Gremlin Nob","floor":13.0,"turns":4.0},{"damage":2.0,"enemies":"Looter","floor":14.0,"turns":3.0},{"damage":32.0,"enemies":"Hexaghost","floor":16.0,"turns":6.0},{"damage":21.0,"enemies":"Spheric Guardian","floor":18.0,"turns":4.0},{"damage":37.0,"enemies":"2 Thieves","floor":19.0,"turns":4.0},{"damage":31.0,"enemies":"Cultist and Chosen","floor":20.0,"turns":5.0},{"damage":11,"enemies":"Snake Plant","floor":22,"turns":2}],"seed_played":"4575057782022933535","potions_obtained":[{"floor":1.0,"key":"ElixirPotion"},{"floor":5.0,"key":"Weak Potion"},{"floor":6.0,"key":"Block Potion"},{"floor":8.0,"key":"BloodPotion"},{"floor":19.0,"key":"ColorlessPotion"}],"is_trial":false,"path_per_floor":["M","$","M","?","M","E","M","E","T","$","R","?","E","M","R","B",null,"M","M","M","?","M"],"character_chosen":"IRONCLAD","items_purchased":["Carnage","Vajra"],"campfire_rested":0,"item_purchase_floors":[2,10],"current_hp_per_floor":[69,69,63,52,57,35,27,25,25,25,25,51,43,47,47,54,74,59,40,27,11,0,0],"gold":167,"neow_bonus":"RANDOM_COLORLESS_2","is_daily":false,"chose_seed":false,"campfire_upgraded":2,"win_rate":0.0,"timestamp":1611658313,"path_taken":["M","$","M","?","M","E","M","E","T","$","R","?","E","M","R","BOSS","M","M","M","?","M"],"items_purchased_type":["Card","Relic"],"build_version":"2020-12-22","purchased_purges":1,"victory":false,"max_hp_per_floor":[80,80,80,80,80,80,80,80,80,80,80,80,80,80,80,80,80,80,80,80,80,80,80],"card_choices":[{"not_picked":["Secret Technique","Transmutation"],"picked":"Metamorphosis","floor":0.0},{"not_picked":["Wild Strike","Dark Embrace"],"picked":"Ghostly Armor","floor":1.0},{"not_picked":["Burning Pact","Bloodletting"],"picked":"Inflame","floor":3.0},{"not_picked":["True Grit","Iron Wave"],"picked":"Sword Boomerang","floor":5.0},{"not_picked":["Sever Soul","Thunderclap","Entrench"],"picked":"SKIP","floor":6.0},{"not_picked":["Clothesline","Blood for Blood","Rage"],"picked":"SKIP","floor":7.0},{"not_picked":["Dual Wield","Ghostly Armor","Heavy Blade"],"picked":"SKIP","floor":8.0},{"not_picked":["Rupture","Dark Embrace"],"picked":"Battle Trance","floor":13.0},{"not_picked":["Shockwave","Intimidate","Entrench"],"picked":"SKIP","floor":14.0},{"not_picked":["Bludgeon","Corruption"],"picked":"Juggernaut","floor":16.0},{"not_picked":["Thunderclap","Rampage","Evolve"],"picked":"SKIP","floor":18.0},{"not_picked":["Dropkick","Disarm","Perfected Strike"],"picked":"SKIP","floor":19.0},{"not_picked":["Bloodletting","Clash"],"picked":"Sword Boomerang","floor":20.0}],"player_experience":255780,"relics_obtained":[{"floor":6.0,"key":"Meat on the Bone"},{"floor":8.0,"key":"Regal Pillow"},{"floor":9.0,"key":"Bag of Preparation"},{"floor":13.0,"key":"Toy Ornithopter"},{"floor":21.0,"key":"Enchiridion"}],"event_choices":[{"damage_healed":0.0,"max_hp_gain":0.0,"max_hp_loss":0.0,"gold_gain":75.0,"event_name":"World of Goop","player_choice":"Gather Gold","floor":4.0,"gold_loss":0.0,"damage_taken":11.0},{"damage_healed":26.0,"max_hp_gain":0.0,"max_hp_loss":0.0,"gold_gain":0.0,"event_name":"Big Fish","player_choice":"Banana","floor":12.0,"gold_loss":0.0,"damage_taken":0.0},{"damage_healed":0.0,"max_hp_gain":0.0,"max_hp_loss":0.0,"gold_gain":0.0,"event_name":"Cursed Tome","player_choice":"Obtained Book","floor":21.0,"gold_loss":0.0,"damage_taken":16.0}],"is_beta":false,"boss_relics":[{"not_picked":["Ectoplasm","Philosopher\u0027s Stone"],"picked":"Empty Cage"}],"items_purged_floors":[10],"is_endless":false,"potions_floor_spawned":[1,5,6,8,19],"killed_by":"Snake Plant","ascension_level":13}}