{"host":"q1gs7pmqdidxkuxt","time":1611653045,"event":{"mods":["AchievementEnabler","Aspiration","Bard","BaseMod","Beaked The Cultist","Better Altar","Better Match","Better Note","Better Sensory Stone","Better Skull","Better Third Choice","BetterRewards","CCEM2","Clawfect","Colored Map","Conspire","Downfall","GifTheSpireLib","Googly Eyes","Halation","Hermit","Highlight Path","Hubris","Hunter ??","Infinite Spire","Jedi Mod","Jorbs\u0027s Wanderer Trilogy","Mad Scientist","Marisa????????","Mimic Mod","Minty Spire (QoL Compilation)","Permanent Neow","Replay The Spire","Shade Mod","Shop Mod","Spicy Shops","StSLib","Stuff the Spire","The Administrix","The Blackbeard","The Bug Knight","The Construct","The Cursed","The Disciple","The Gatherer","The Hierophant","The IronCluck","The Jungle","The Mystic","The Necromancer","The Problem Sleuth","The Runesmith","The Servant 0.9.4","The Spell Scribe","The Witch","Unceasing Turn Reminder","[IsaacMod]????","everything is the same but u backflip on backflip","slay the spire mod where everything is the same but ironclad has a cowboy hat"],"gold_per_floor":[109,0,12,29,29,29,55,55,55,75,95,114,114,134,134,238,238,251,271,271,271,289,289,302,337,386,401,414,434,434,453,453,551,551,564,574,28,45,56,56,56,56,56,56,91,117,117,117],"floor_reached":47,"language":"ENG","playtime":2992,"items_purged":["Fiend Fire","Bash","Strike_R"],"score":560,"play_id":"b892af5e-f8a1-4785-8690-858084f46831","local_time":"20210126032405","is_ascension_mode":false,"campfire_choices":[{"data":"Infernal Blade","floor":6,"key":"SMITH"},{"data":"Inflame","floor":8,"key":"SMITH"},{"floor":15,"key":"REST"},{"data":"hubris:InfiniteBlow","floor":23,"key":"SMITH"},{"data":"infinitespire:Punishment","floor":30,"key":"SMITH"},{"floor":32,"key":"REST"},{"floor":40,"key":"REST"},{"floor":42,"key":"REST"}],"circlet_count":0,"master_deck":["Strike_R","Strike_R","Strike_R","Strike_R","Defend_R","Defend_R","Defend_R","Defend_R","Infernal Blade+1","Enlightenment","Inflame+1","infinitespire:OneForAll+1","Cleave","Flex","Replay:Undeath\u0027s Touch","Iron Wave","Anger","Anger","Anger","hubris:InfiniteBlow+1","infinitespire:Punishment+1","Finesse+1","mysticmod:AllIn+1","hierophant:ThreeLashes+1","Inflame","Gash","Parasite","hermit:Quickdraw+1","jedi:pocketpoison+1"],"relics":["beaked:MendingPlumage","HushsDoor","aspiration:Nostalgia","bard:PitchPipe","BelialBook","CCEMRelics:TeddyBear","Anchor","infinitespire:Cubic Diamond","SlaversCollar","aspiration:MobileForge","PrismaticShard","UnicornStump","Red Skull","CCEMRelics:DefectiveTurbocharger","GuppysPaw","hubris:BottledRain","ReplayTheSpireMod:TigerMarble","hubris:Icosahedron","Bird Faced Urn","Eternal Feather"],"acts_visited":["Exordium","TheCity","TheBeyond"],"potions_floor_usage":[33,38,38,39],"damage_taken":[{"damage":0,"enemies":"Small Slimes","floor":1,"turns":4},{"damage":1,"enemies":"Jaw Worm","floor":3,"turns":6},{"damage":11,"enemies":"conspire:RoseBush","floor":4,"turns":3},{"damage":21,"enemies":"3 Sentries","floor":7,"turns":4},{"damage":18,"enemies":"Large Slime","floor":10,"turns":5},{"damage":10,"enemies":"Looter","floor":11,"turns":3},{"damage":12,"enemies":"Gremlin Gang","floor":12,"turns":3},{"damage":7,"enemies":"Blue Slaver","floor":14,"turns":3},{"damage":6,"enemies":"Slime Boss","floor":16,"turns":6},{"damage":22,"enemies":"3 Byrds","floor":18,"turns":6},{"damage":7,"enemies":"2 Thieves","floor":19,"turns":4},{"damage":14,"enemies":"Centurion and Healer","floor":22,"turns":4},{"damage":8,"enemies":"Snecko","floor":24,"turns":3},{"damage":17,"enemies":"Gremlin Leader","floor":25,"turns":4},{"damage":8,"enemies":"3 Cultists","floor":27,"turns":4},{"damage":35,"enemies":"conspire:HollyBat","floor":28,"turns":9},{"damage":12,"enemies":"Centurion and Healer","floor":29,"turns":3},{"damage":72,"enemies":"Snake Plant","floor":31,"turns":8},{"damage":0,"enemies":"Automaton","floor":33,"turns":2},{"damage":65,"enemies":"3 Darklings","floor":35,"turns":6},{"damage":0,"enemies":"Orb Walker","floor":36,"turns":4},{"damage":53,"enemies":"Sphere and 2 Shapes","floor":38,"turns":5},{"damage":40,"enemies":"Writhing Mass","floor":39,"turns":5},{"damage":27,"enemies":"4 Shapes","floor":45,"turns":4},{"damage":42,"enemies":"Giant Head","floor":46,"turns":7}],"seed_played":"1715991107908745513","potions_obtained":[{"floor":7,"key":"FearPotion"},{"floor":10,"key":"BlessingOfTheForge"},{"floor":14,"key":"Swift Potion"},{"floor":16,"key":"Swift Potion"},{"floor":18,"key":"BloodPotion"},{"floor":19,"key":"AttackPotion"},{"floor":35,"key":"Fruit Juice"},{"floor":38,"key":"FearPotion"},{"floor":45,"key":"bronze:BurnAndBuffPotion"},{"floor":46,"key":"jedi:holywater"}],"is_trial":false,"path_per_floor":["M","?","M","M","?","R","E","R","T","M","M","M","?","M","R","B",null,"M","M","AVR","?","M","R","M","E","T","M","M","M","R","M","R","B",null,"M","M","$","M","M","R","?","R","T","?","M","E","M"],"character_chosen":"IRONCLAD","items_purchased":["GuppysPaw","Inflame","hubris:BottledRain","ReplayTheSpireMod:TigerMarble"],"campfire_rested":4,"item_purchase_floors":[34,37,37,37],"current_hp_per_floor":[80,86,86,81,81,81,66,66,66,54,50,44,44,47,72,86,86,74,83,83,83,85,85,80,75,75,85,72,71,71,18,43,55,71,23,41,41,30,12,31,31,50,50,50,41,43,0,0],"gold":117,"neow_bonus":"NOSTALGIA","is_daily":false,"chose_seed":false,"campfire_upgraded":4,"win_rate":0.0,"timestamp":1611653045,"path_taken":["M","?","M","M","?","R","E","R","T","M","M","M","?","M","R","BOSS","M","?","AVR","?","M","R","M","E","T","M","M","M","R","M","R","BOSS","M","M","$","M","M","R","?","R","T","?","M","E","M"],"items_purchased_type":["Relic","Card","Relic","Relic"],"build_version":"2020-12-22","purchased_purges":3,"victory":false,"max_hp_per_floor":[80,86,86,86,86,86,86,86,86,86,86,86,86,86,86,86,86,86,86,86,86,86,86,86,86,86,86,86,86,86,86,86,86,71,68,59,59,64,64,64,64,64,64,64,64,64,64,64],"card_choices":[{"not_picked":[],"picked":"Bomb","floor":0},{"not_picked":["hubris:SharpeningStone","Carnage"],"picked":"Infernal Blade","floor":1},{"not_picked":["Bomb","jedi:bloodyhammer"],"picked":"Inflame","floor":3},{"not_picked":["Iron Wave","Wild Strike"],"picked":"infinitespire:OneForAll","floor":4},{"not_picked":["Perfected Strike","Demonic Infusion"],"picked":"Cleave","floor":7},{"not_picked":["ReplayTheSpireMod:Strike From Hell","Clothesline"],"picked":"Flex","floor":10},{"not_picked":["conspire:ExplosiveBarrier","Cleave"],"picked":"Replay:Undeath\u0027s Touch","floor":11},{"not_picked":["True Grit","StuffTheSpire:BloodClot"],"picked":"Iron Wave","floor":12},{"not_picked":["Twin Strike","Second Wind"],"picked":"Anger","floor":14},{"not_picked":["Demonic Infusion","jedi:strikingstrike"],"picked":"Fiend Fire","floor":16},{"not_picked":["StuffTheSpire:Resist","Warcry"],"picked":"Anger","floor":18},{"not_picked":["True Grit","ReplayTheSpireMod:Strike From Hell"],"picked":"Anger","floor":19},{"not_picked":["Self Repair","stsjorbsmod:Channeling","theScribe:Divination+1"],"picked":"SKIP","floor":22},{"not_picked":["theScribe:EnchantedStrike+1","theextravagant:CutTheDeck","AdministrixMod:QuietConspiracy"],"picked":"SKIP","floor":24},{"not_picked":["KarmaDrain","Runesmith:EnergizedChisel","Crippling Poison"],"picked":"SKIP","floor":25},{"not_picked":["Perfected Strike","theSleuth:ClubClubClub","Shade:Premonition+1"],"picked":"SKIP","floor":27},{"not_picked":["AdministrixMod:MixOfMercury","AdministrixMod:NewWardrobe","Redo"],"picked":"SKIP","floor":28},{"not_picked":["hermit:Dive","bard:DervishDance+1"],"picked":"Finesse+1","floor":29},{"not_picked":["HollowMod:CornifersMapStart","ReplaySolidLightProjector","GalacticHalo"],"picked":"SKIP","floor":31},{"not_picked":["stsjorbsmod:ForcedPresence+1","Shrug It Off+1"],"picked":"mysticmod:AllIn+1","floor":35},{"not_picked":["Guardian:RevengeProtocol","theScribe:WeirdToxin"],"picked":"hierophant:ThreeLashes+1","floor":36},{"not_picked":["TakeAction_Giant+1","aspiration:UnbridledHammer"],"picked":"Gash","floor":38},{"not_picked":["sneckomod:UnknownClassCULL_RED_COLOR+1","HollowMod:InfectedCysts"],"picked":"hermit:Quickdraw+1","floor":39},{"not_picked":["Blood_Whip","Runesmith:FieryHammer+1"],"picked":"jedi:pocketpoison+1","floor":45},{"not_picked":["Trace_Giant+1","bard:Greatness","hexamod:HexaLevel"],"picked":"SKIP","floor":46}],"player_experience":173880,"relics_obtained":[{"floor":7,"key":"CCEMRelics:TeddyBear"},{"floor":9,"key":"Anchor"},{"floor":25,"key":"UnicornStump"},{"floor":26,"key":"Red Skull"},{"floor":43,"key":"Bird Faced Urn"},{"floor":46,"key":"Eternal Feather"}],"event_choices":[{"damage_healed":0,"gold_gain":0,"player_choice":"RENOUNCE","damage_taken":109,"max_hp_gain":0,"max_hp_loss":0,"event_name":"betterThird:BetterSerpent","floor":2,"gold_loss":109,"cards_obtained":["Enlightenment"]},{"damage_healed":0,"gold_gain":0,"player_choice":"Got Potions","damage_taken":0,"max_hp_gain":0,"max_hp_loss":0,"event_name":"Lab","floor":21,"gold_loss":0}],"is_beta":false,"boss_relics":[{"not_picked":["Calling Bell","Snecko Eye"],"picked":"SlaversCollar"},{"not_picked":[]},{"not_picked":["jedi:paperlyon","Replay:Drink Me"],"picked":"CCEMRelics:DefectiveTurbocharger"},{"not_picked":[]}],"items_purged_floors":[20,34,37],"is_endless":false,"potions_floor_spawned":[7,10,14,16,18,19,24,27,35,38,45,46],"killed_by":"Sphere and 2 Shapes","ascension_level":0}}