{"host":"0fro2zsghd18gsf6","time":1611668757,"event":{"mods":["Act Like it!","Arknights The Spire","BaseMod","Better Third Choice","CapriCore","Minty Spire (QoL Compilation)","StSLib","The Immortal","Waifu the Spire"],"gold_per_floor":[117,117,45,61,61,93,93,109,109,134,134,104,104,179,179,179,179],"floor_reached":16,"language":"ZHS","playtime":436,"items_purged":[],"score":131,"play_id":"f63df2eb-3ed8-4d56-bd3f-841bfde173eb","local_time":"20210126214557","is_ascension_mode":false,"campfire_choices":[{"data":"ats:Emotion Absorption","floor":7,"key":"SMITH"},{"floor":13,"key":"REST"},{"floor":15,"key":"REST"}],"circlet_count":0,"master_deck":["ats:Strike C","ats:Strike G","ats:Strike S","ats:Strike V","ats:Defend","ats:Defend","ats:Defend","ats:Defend","ats:Emotion Absorption+1","ats:Support Order","ats:Spore Proliferation","ats:Hook Shot","ats:Cat Scratch","ats:Sword Rain","ats:Absolute Focus","ats:Healing Strengthening"],"relics":["ats:Sanity","NeowsBlessing","Letter Opener","ats:Originium","Turnip","Sundial","Juzu Bracelet","Bag of Marbles"],"acts_visited":["Exordium"],"potions_floor_usage":[],"damage_taken":[{"damage":0,"enemies":"Small Slimes","floor":1,"turns":1},{"damage":0,"enemies":"Cultist","floor":4,"turns":1},{"damage":0,"enemies":"Gremlin Nob","floor":6,"turns":1},{"damage":6,"enemies":"Jaw Worm","floor":8,"turns":6},{"damage":30,"enemies":"3 Sentries","floor":10,"turns":10},{"damage":0,"enemies":"Slime Boss","floor":16,"turns":1}],"seed_played":"5120963563293421154","potions_obtained":[{"floor":4,"key":"SpeedPotion"},{"floor":12,"key":"FearPotion"},{"floor":12,"key":"DistilledChaos"}],"is_trial":false,"path_per_floor":["M","?","$","M","?","E","R","M","T","E","?","?","R","?","R","B"],"character_chosen":"DOCTOR_CLASS","items_purchased":["ats:Hook Shot"],"campfire_rested":2,"item_purchase_floors":[3],"current_hp_per_floor":[72,72,72,72,65,65,65,59,59,29,29,29,50,39,60,60,60],"gold":179,"neow_bonus":"THREE_ENEMY_KILL","is_daily":false,"chose_seed":false,"campfire_upgraded":1,"win_rate":0.0,"timestamp":1611668757,"path_taken":["M","?","?","M","?","E","R","M","T","E","?","?","R","?","R","BOSS"],"items_purchased_type":["Card"],"build_version":"2020-12-22","purchased_purges":0,"victory":false,"max_hp_per_floor":[72,72,72,72,72,72,72,72,72,72,72,72,72,72,72,72,72],"card_choices":[{"not_picked":["ats:Blood Oath","ats:Revitalization"],"picked":"ats:Support Order","floor":1},{"not_picked":["ats:Composite Medical Shells","ats:LN2 Cannon"],"picked":"ats:Cat Scratch","floor":4},{"not_picked":["ats:Healing Strengthening","ats:Consecutive Shot Auto"],"picked":"ats:Sword Rain","floor":6},{"not_picked":["ats:Shell Defense","ats:Explosion Area Strengthen"],"picked":"ats:Absolute Focus","floor":8},{"not_picked":["ats:Leaping Hammer","ats:Demon Strength"],"picked":"ats:Healing Strengthening","floor":10}],"player_experience":202440,"relics_obtained":[{"floor":6,"key":"ats:Originium"},{"floor":6,"key":"Turnip"},{"floor":9,"key":"Sundial"},{"floor":10,"key":"ats:Originium"},{"floor":10,"key":"Juzu Bracelet"}],"event_choices":[{"damage_healed":0,"gold_gain":0,"cards_transformed":["ats:Armor Crushing Shot"],"player_choice":"Transformed","damage_taken":0,"max_hp_gain":0,"max_hp_loss":0,"event_name":"Transmorgrifier","floor":2,"gold_loss":0,"cards_obtained":["ats:Spore Proliferation"]},{"damage_healed":0,"gold_gain":0,"player_choice":"Relic ","damage_taken":7,"max_hp_gain":0,"max_hp_loss":0,"event_name":"betterThird:BetterScrap","floor":5,"gold_loss":0,"cards_obtained":["Seeing Red"]},{"damage_healed":0,"gold_gain":0,"player_choice":"Searched \u00272\u0027 times","damage_taken":0,"relics_obtained":["Bag of Marbles"],"max_hp_gain":0,"max_hp_loss":0,"event_name":"Dead Adventurer","floor":11,"gold_loss":0},{"damage_healed":0,"gold_gain":0,"player_choice":"Bought 2 Potions","damage_taken":0,"max_hp_gain":0,"max_hp_loss":0,"event_name":"The Woman in Blue","floor":12,"gold_loss":0},{"damage_healed":0,"gold_gain":75,"player_choice":"Gold","damage_taken":11,"max_hp_gain":0,"max_hp_loss":0,"event_name":"betterThird:BetterGoop","floor":14,"gold_loss":0}],"is_beta":false,"boss_relics":[],"items_purged_floors":[],"is_endless":false,"potions_floor_spawned":[4],"killed_by":"Slime Boss","ascension_level":0}}