{"host":"hwrdjx5eod2cxh09","time":1611666975,"event":{"mods":["AchievementEnabler","BaseMod","Bestiary","Minty Spire (QoL Compilation)","Relic Stats"],"gold_per_floor":[117,130,146,158,178,208,218,243,243,243,243,261,271,271,271,367,367,378,388,273,273,273,273,307,307,307,318,182,182,182,182],"floor_reached":30,"language":"ENG","playtime":1366,"items_purged":["Strike_P","Strike_P"],"score":337,"play_id":"4ee638d2-475b-42d5-a237-cdd7514c161b","local_time":"20210126221615","is_ascension_mode":false,"campfire_choices":[{"data":"Tantrum","floor":10.0,"key":"SMITH"},{"data":"Eruption","floor":15.0,"key":"SMITH"},{"data":"Judgement","floor":23.0,"key":"SMITH"},{"data":"Establishment","floor":29.0,"key":"SMITH"}],"circlet_count":0,"master_deck":["Defend_P","Defend_P","Defend_P","Defend_P","Eruption+1","Vigilance","InnerPeace+1","CutThroughFate","Tantrum+1","DeusExMachina","CutThroughFate","CrushJoints","ThirdEye","Perseverance","ThirdEye","Weave+1","EmptyBody","Judgement+1","MentalFortress+1","SandsOfTime","Weave","ClearTheMind","Establishment+1","MentalFortress"],"relics":["HolyWater"],"acts_visited":["Exordium","TheCity"],"potions_floor_usage":[],"damage_taken":[{"damage":0.0,"enemies":"Small Slimes","floor":1.0,"turns":3.0},{"damage":0.0,"enemies":"Cultist","floor":2.0,"turns":5.0},{"damage":2.0,"enemies":"2 Louse","floor":3.0,"turns":4.0},{"damage":11.0,"enemies":"Exordium Wildlife","floor":4.0,"turns":4.0},{"damage":0.0,"enemies":"2 Fungi Beasts","floor":5.0,"turns":2.0},{"damage":0.0,"enemies":"Gremlin Nob","floor":6.0,"turns":3.0},{"damage":0.0,"enemies":"Looter","floor":7.0,"turns":1.0},{"damage":17.0,"enemies":"3 Sentries","floor":8.0,"turns":8.0},{"damage":6.0,"enemies":"Red Slaver","floor":12.0,"turns":3.0},{"damage":2.0,"enemies":"2 Fungi Beasts","floor":13.0,"turns":4.0},{"damage":0.0,"enemies":"Slime Boss","floor":16.0,"turns":5.0},{"damage":0.0,"enemies":"Spheric Guardian","floor":18.0,"turns":3.0},{"damage":2.0,"enemies":"Chosen","floor":19.0,"turns":3.0},{"damage":10.0,"enemies":"Gremlin Leader","floor":24.0,"turns":5.0},{"damage":0.0,"enemies":"Snake Plant","floor":27.0,"turns":1.0},{"damage":38,"enemies":"Book of Stabbing","floor":30,"turns":7}],"seed_played":"-4269012704014624013","potions_obtained":[{"floor":1.0,"key":"GamblersBrew"},{"floor":3.0,"key":"Regen Potion"},{"floor":4.0,"key":"BottledMiracle"},{"floor":13.0,"key":"Block Potion"}],"is_trial":false,"path_per_floor":["M","M","M","M","M","E","M","E","T","R","?","M","M","?","R","B",null,"M","M","$","?","?","R","E","?","T","M","$","R","E"],"character_chosen":"WATCHER","items_purchased":["Weave","MentalFortress"],"campfire_rested":0,"item_purchase_floors":[20,28],"current_hp_per_floor":[79,79,77,66,66,66,66,49,49,49,49,43,41,25,25,25,79,79,77,77,77,77,77,67,67,67,67,67,67,29,29],"gold":182,"neow_bonus":"TEN_PERCENT_HP_BONUS","is_daily":false,"chose_seed":false,"campfire_upgraded":4,"win_rate":0.0,"timestamp":1611666975,"path_taken":["M","M","M","M","M","E","M","E","T","R","?","M","?","?","R","BOSS","M","M","$","?","?","R","E","?","T","M","$","R","E"],"items_purchased_type":["Card","Card"],"build_version":"2020-12-22","purchased_purges":2,"victory":false,"max_hp_per_floor":[79,79,79,79,79,79,79,79,79,79,79,79,79,79,79,79,79,79,79,79,79,79,79,79,79,79,79,79,79,79,79],"relic_stats":{"counters":[16,61],"obtain_stats":[{"HolyWater":17,"PureWater":0},{"HolyWater":11,"PureWater":0},{"HolyWater":42,"PureWater":0}]},"card_choices":[{"not_picked":["FlyingSleeves","FlurryOfBlows"],"picked":"InnerPeace","floor":1.0},{"not_picked":["WaveOfTheHand","BowlingBash"],"picked":"CutThroughFate","floor":2.0},{"not_picked":["EmptyBody","TalkToTheHand"],"picked":"Tantrum","floor":3.0},{"not_picked":["Halt","PathToVictory"],"picked":"DeusExMachina","floor":4.0},{"not_picked":["ThirdEye","EmptyMind"],"picked":"CutThroughFate","floor":5.0},{"not_picked":["Prostrate","Crescendo"],"picked":"CrushJoints","floor":6.0},{"not_picked":["Crescendo","Swivel"],"picked":"ThirdEye","floor":7.0},{"not_picked":["PathToVictory","FearNoEvil"],"picked":"Perseverance","floor":8.0},{"not_picked":["Crescendo","Wish"],"picked":"Weave","floor":12.0},{"not_picked":["Swivel","Halt"],"picked":"EmptyBody","floor":13.0},{"not_picked":["DeusExMachina","DevaForm"],"picked":"Judgement","floor":16.0},{"not_picked":["Prostrate","Protect+1"],"picked":"MentalFortress+1","floor":18.0},{"not_picked":["CarveReality","FlyingSleeves"],"picked":"SandsOfTime","floor":19.0},{"not_picked":["FlyingSleeves","Crescendo+1"],"picked":"ClearTheMind","floor":24.0},{"not_picked":["Halt+1","Sanctity"],"picked":"Establishment","floor":27.0}],"player_experience":310163,"relics_obtained":[],"event_choices":[{"damage_healed":0.0,"max_hp_gain":0.0,"max_hp_loss":0.0,"gold_gain":0.0,"cards_transformed":["Strike_P"],"event_name":"Transmorgrifier","player_choice":"Transformed","floor":11.0,"gold_loss":0.0,"damage_taken":0.0,"cards_obtained":["ThirdEye"]},{"damage_healed":0.0,"max_hp_gain":0.0,"max_hp_loss":0.0,"gold_gain":0.0,"event_name":"Shining Light","player_choice":"Entered Light","floor":14.0,"gold_loss":0.0,"damage_taken":16.0,"cards_upgraded":["Weave","InnerPeace"]},{"damage_healed":0.0,"max_hp_gain":0.0,"max_hp_loss":0.0,"gold_gain":0.0,"event_name":"Ghosts","player_choice":"Ignored","floor":21.0,"gold_loss":0.0,"damage_taken":0.0},{"cards_removed":["Strike_P"],"damage_healed":0.0,"max_hp_gain":0.0,"max_hp_loss":0.0,"gold_gain":0.0,"event_name":"Back to Basics","player_choice":"Elegance","floor":25.0,"gold_loss":0.0,"damage_taken":0.0}],"is_beta":false,"boss_relics":[{"not_picked":["Cursed Key","SlaversCollar"],"picked":"HolyWater"}],"items_purged_floors":[20,28],"is_endless":false,"potions_floor_spawned":[1,3,4,13,16,18],"killed_by":"Book of Stabbing","ascension_level":0}}