{"host":"0iuhrgzkozzv273x","time":1611619378,"event":{"mods":["2.2 Compatiblity","BaseMod","Colored Map","Curses Come First","Downfall","Minty Spire (QoL Compilation)","Spire Arcade","StSLib","The Construct","Unceasing Turn Reminder"],"gold_per_floor":[99,117,135,154,154,179,258,273,173,207,307,366,18,36,82,188,188,188,226,247,347,64,107,132,166,210,224,283,290,90,90,97,224,224,224,234,274,274,324,373,373,373,394,394,148,179,179,179,225,227,227,287,39,39,56,85],"floor_reached":57,"language":"ENG","playtime":8460,"items_purged":["downfall:Malfunctioning","sneckomod:Strike+1"],"score":1825,"play_id":"5d125b56-6074-4b1a-a6e4-7552b6fc23f8","local_time":"20210125190258","is_ascension_mode":true,"campfire_choices":[{"floor":1.0,"key":"RECALL"},{"data":"sneckomod:TailWhip","floor":9.0,"key":"SMITH"},{"data":"expansioncontent:StudyTheSpire","floor":18.0,"key":"SMITH"},{"data":"sneckomod:SoulRoll","floor":30.0,"key":"SMITH"},{"data":"sneckomod:UnknownRarePower","floor":35.0,"key":"SMITH"},{"data":"sneckomod:UnknownDraw","floor":42.0,"key":"SMITH"},{"data":"sneckomod:UnlimitedRolls","floor":47.0,"key":"SMITH"},{"floor":54,"key":"REST"}],"circlet_count":0,"master_deck":["sneckomod:Defend+1","sneckomod:Defend","sneckomod:TailWhip+1","sneckomod:SnekBite+1","sneckomod:Unknown+1","sneckomod:Unknown","sneckomod:GlitteringGambit","sneckomod:UnknownDraw+1","expansioncontent:StudyTheSpire+1","sneckomod:MixItUp","sneckomod:SerpentMind","sneckomod:Unknown3Cost+1","sneckomod:UnknownRareAttack+1","sneckomod:Unknown3Cost+1","sneckomod:SoulRoll+1","sneckomod:SnakeSap+1","sneckomod:SoulCleanse+1","sneckomod:IronFang+1","sneckomod:UnknownExhaust+1","sneckomod:UnknownDraw+1","sneckomod:UnknownRarePower+1","sneckomod:QuickMove+1","sneckomod:Mudshield","sneckomod:UnlimitedRolls+1","Slimebound:FormOfPuddle"],"relics":["Busted Crown","Omamori","Pantograph","downfall:HeartBlessingRed","Dead Branch","Meat on the Bone","Astrolabe","sneckomod:SleevedAce","Turnip","Whetstone","downfall:HeartBlessingGreen","downfall:HeartBlessingBlue","sneckomod:BabySnecko","Cursed Key","Pear","Juzu Bracelet","Dream Catcher","ClockworkSouvenir","Bag of Marbles","construct:FoamFinger","Gremlin Horn"],"acts_visited":["Exordium","TheCity","TheBeyond","TheEnding"],"potions_floor_usage":[56,56],"damage_taken":[{"damage":0.0,"enemies":"Cultist","floor":2.0,"turns":3.0},{"damage":0.0,"enemies":"Small Slimes","floor":3.0,"turns":1.0},{"damage":0.0,"enemies":"Jaw Worm","floor":4.0,"turns":4.0},{"damage":30.0,"enemies":"Gremlin Nob","floor":6.0,"turns":4.0},{"damage":18.0,"enemies":"Large Slime","floor":8.0,"turns":4.0},{"damage":24.0,"enemies":"3 Sentries","floor":10.0,"turns":10.0},{"damage":6.0,"enemies":"Gremlin Nob","floor":12.0,"turns":3.0},{"damage":0.0,"enemies":"downfall:FleeingMerchant","floor":13.0,"turns":4.0},{"damage":0.0,"enemies":"3 Louse","floor":14.0,"turns":3.0},{"damage":18.0,"enemies":"Red Slaver","floor":15.0,"turns":4.0},{"damage":25.0,"enemies":"IC_STATUS_ARCHETYPE","floor":16.0,"turns":5.0},{"damage":3.0,"enemies":"Shell Parasite","floor":19.0,"turns":4.0},{"damage":0.0,"enemies":"Chosen and Byrds","floor":20.0,"turns":4.0},{"damage":20.0,"enemies":"downfall:FleeingMerchant","floor":22.0,"turns":4.0},{"damage":0.0,"enemies":"Snecko","floor":23.0,"turns":3.0},{"damage":9.0,"enemies":"Book of Stabbing","floor":25.0,"turns":2.0},{"damage":11.0,"enemies":"Shelled Parasite and Fungi","floor":26.0,"turns":4.0},{"damage":0.0,"enemies":"Sentry and Sphere","floor":27.0,"turns":3.0},{"damage":0.0,"enemies":"Gremlin Leader","floor":28.0,"turns":2.0},{"damage":0.0,"enemies":"Centurion and Healer","floor":29.0,"turns":3.0},{"damage":0.0,"enemies":"Snecko","floor":32.0,"turns":2.0},{"damage":16.0,"enemies":"SI_MIRROR_ARCHETYPE","floor":33.0,"turns":6.0},{"damage":0.0,"enemies":"3 Shapes","floor":36.0,"turns":2.0},{"damage":4.0,"enemies":"3 Darklings","floor":37.0,"turns":2.0},{"damage":20.0,"enemies":"Sphere and 2 Shapes","floor":39.0,"turns":4.0},{"damage":15.0,"enemies":"Giant Head","floor":40.0,"turns":3.0},{"damage":6.0,"enemies":"Reptomancer","floor":43.0,"turns":6.0},{"damage":15.0,"enemies":"Giant Head","floor":46.0,"turns":7.0},{"damage":19.0,"enemies":"Writhing Mass","floor":49.0,"turns":4.0},{"damage":85.0,"enemies":"WA_ARCHETYPE_DIVINITY","floor":50.0,"turns":14.0},{"damage":5,"enemies":"downfall:CharBossMerchant","floor":52,"turns":5},{"damage":0,"enemies":"downfall:NeowBoss","floor":55,"turns":7},{"damage":26,"enemies":"downfall:NeowBossFinal","floor":56,"turns":4}],"seed_played":"-2024861573428603119","potions_obtained":[{"floor":3.0,"key":"LiquidBronze"},{"floor":4.0,"key":"GamblersBrew"},{"floor":6.0,"key":"Regen Potion"},{"floor":12.0,"key":"Regen Potion"},{"floor":15.0,"key":"DuplicationPotion"},{"floor":23.0,"key":"Regen Potion"},{"floor":25.0,"key":"construct:ShiftPotion"},{"floor":26.0,"key":"DuplicationPotion"},{"floor":36.0,"key":"ColorlessPotion"},{"floor":39.0,"key":"SkillPotion"},{"floor":44.0,"key":"Regen Potion"},{"floor":44.0,"key":"FairyPotion"},{"floor":49.0,"key":"Guardian:BlockOnCardUsePotion"},{"floor":52,"key":"Explosive Potion"}],"is_trial":false,"path_per_floor":["R","M","M","M","?","E","T","M","R","E","?","E","$","M","M","B",null,"R","M","M","?","$","M","T","E","M","M","E","M","R","?","M","B",null,"R","M","M","?","M","E","T","R","E","?","$","E","R","$","M","B",null,"E","$","R","B","B",null],"character_chosen":"THE_SNECKO","items_purchased":["expansioncontent:StudyTheSpire","sneckomod:MixItUp","sneckomod:SleevedAce","sneckomod:SnakeSap","sneckomod:SoulCleanse","Turnip","ColorlessPotion","ClockworkSouvenir","Gremlin Horn"],"campfire_rested":1,"item_purchase_floors":[13,13,22,22,22,22,22,45,53],"current_hp_per_floor":[81,81,81,81,81,51,51,45,45,21,21,15,27,48,42,59,86,86,83,83,83,63,63,63,83,72,83,83,83,93,93,93,99,111,111,111,112,112,92,102,102,102,96,96,96,110,110,110,96,48,113,113,113,135,135,114],"gold":85,"neow_bonus":"BOSS_RELIC","is_daily":false,"chose_seed":false,"campfire_upgraded":6,"win_rate":0.0,"timestamp":1611619378,"path_taken":["R","?","M","M","?","E","T","M","R","E","?","E","$","?","M","BOSS","R","M","M","?","$","M","T","E","M","M","E","M","R","?","M","BOSS","R","M","M","?","?","E","T","R","E","?","$","E","R","?","M","BOSS","E","$","R","BOSS","BOSS"],"items_purchased_type":["Card","Card","Relic","Card","Card","Relic","Potion","Relic","Relic"],"build_version":"2020-12-22","purchased_purges":2,"victory":true,"max_hp_per_floor":[90,90,90,90,90,90,90,90,90,90,90,90,90,90,90,95,95,95,95,95,95,95,95,95,100,100,105,105,105,115,115,115,115,115,115,115,120,120,120,130,130,130,130,130,130,130,130,130,135,135,135,135,135,135,135,140],"card_choices":[{"not_picked":["sneckomod:DiceBlock"],"picked":"SKIP","floor":2.0},{"not_picked":["sneckomod:UnknownCommonAttack"],"picked":"SKIP","floor":3.0},{"not_picked":["sneckomod:UnknownVulnerable"],"picked":"SKIP","floor":4.0},{"not_picked":["sneckomod:ImprovisedGuard"],"picked":"SKIP","floor":6.0},{"not_picked":["sneckomod:MasterEye"],"picked":"SKIP","floor":8.0},{"not_picked":[],"picked":"sneckomod:GlitteringGambit","floor":10.0},{"not_picked":[],"picked":"sneckomod:UnknownDraw","floor":12.0},{"not_picked":["sneckomod:Unknown1Cost"],"picked":"SKIP","floor":13.0},{"not_picked":["sneckomod:UnendingSupply"],"picked":"SKIP","floor":14.0},{"not_picked":["sneckomod:SnekBeam"],"picked":"SKIP","floor":15.0},{"not_picked":[],"picked":"sneckomod:SerpentMind","floor":16.0},{"not_picked":["sneckomod:UnknownCommonAttack"],"picked":"SKIP","floor":19.0},{"not_picked":["sneckomod:IronFang"],"picked":"SKIP","floor":20.0},{"not_picked":[],"picked":"sneckomod:SoulRoll","floor":22.0},{"not_picked":["sneckomod:WideSting"],"picked":"SKIP","floor":23.0},{"not_picked":[],"picked":"sneckomod:IronFang","floor":25.0},{"not_picked":[],"picked":"sneckomod:UnknownExhaust+1","floor":26.0},{"not_picked":["sneckomod:UnknownVulnerable"],"picked":"SKIP","floor":27.0},{"not_picked":[],"picked":"sneckomod:UnknownUncommonSkill+1","floor":28.0},{"not_picked":["sneckomod:UnknownClassSLIMEBOUND+1"],"picked":"SKIP","floor":29.0},{"not_picked":[],"picked":"sneckomod:UnknownDraw+1","floor":32.0},{"not_picked":[],"picked":"sneckomod:UnknownRarePower","floor":33.0},{"not_picked":["sneckomod:DiceBoulder"],"picked":"SKIP","floor":36.0},{"not_picked":[],"picked":"sneckomod:QuickMove+1","floor":37.0},{"not_picked":["sneckomod:RainOfDice+1"],"picked":"SKIP","floor":39.0},{"not_picked":["sneckomod:UnknownBlock"],"picked":"SKIP","floor":40.0},{"not_picked":[],"picked":"sneckomod:UnlimitedRolls","floor":43.0},{"not_picked":["sneckomod:MixItUp+1"],"picked":"SKIP","floor":46.0},{"not_picked":["sneckomod:UnknownCommonAttack"],"picked":"SKIP","floor":49.0},{"not_picked":["sneckomod:SerpentIdol+1"],"picked":"SKIP","floor":52}],"player_experience":777356,"relics_obtained":[{"floor":6.0,"key":"Omamori"},{"floor":7.0,"key":"Pantograph"},{"floor":10.0,"key":"Dead Branch"},{"floor":12.0,"key":"Meat on the Bone"},{"floor":25.0,"key":"Whetstone"},{"floor":28.0,"key":"War Paint"},{"floor":40.0,"key":"Pear"},{"floor":41.0,"key":"Juzu Bracelet"},{"floor":43.0,"key":"Dream Catcher"},{"floor":46.0,"key":"Bag of Marbles"},{"floor":52,"key":"construct:FoamFinger"}],"event_choices":[{"damage_healed":0.0,"max_hp_gain":0.0,"max_hp_loss":0.0,"gold_gain":0.0,"event_name":"Lab","player_choice":"Got Potions","floor":44.0,"gold_loss":0.0,"damage_taken":0.0}],"is_beta":false,"boss_relics":[{"not_picked":["sneckomod:SneckoTalon","Pandora\u0027s Box"],"picked":"Astrolabe"},{"not_picked":["Runic Pyramid","Black Star"],"picked":"Cursed Key"}],"items_purged_floors":[13,45],"is_endless":false,"potions_floor_spawned":[3,4,6,12,15,23,25,26,36,39,49,52],"ascension_level":6}}