{"host":"8xqrs3rh9uxfv7nb","time":1611669960,"event":{"mods":["AchievementEnabler","BaseMod","Colored Powertips","FruityMod","Koishi","Minty Spire (QoL Compilation)","Permanent Neow","StSLib"],"gold_per_floor":[113,133,146,165,175,175,175,175,175,45,65,93,104,104,104,209,209,227,227,155,168,180,208,219,219,219,219,239,259,259,291,291,389,389,399,419,641,135,115,115,144,144,169,184,218,228,240,171,171,171,171,171,96,129,129],"floor_reached":56,"language":"ENG","playtime":8590,"items_purged":[],"score":1231,"play_id":"a6bd036f-c74c-4b47-ae97-836e0562fd2d","local_time":"20210126150600","is_ascension_mode":false,"campfire_choices":[{"data":"Koishi:MassHysteria","floor":6,"key":"SMITH"},{"data":"Koishi:JumpScare","floor":8,"key":"SMITH"},{"floor":15,"key":"REST"},{"data":"Koishi:PredatoryInstincts","floor":25,"key":"SMITH"},{"data":"Koishi:JumpScare","floor":32,"key":"SMITH"},{"data":"Koishi:UnconsciousUrges","floor":40,"key":"SMITH"},{"data":"Koishi:UnconsciousUrges","floor":42,"key":"SMITH"},{"floor":49,"key":"RECALL"},{"data":"Koishi:Untouchable","floor":52,"key":"SMITH"}],"circlet_count":0,"master_deck":["Koishi:BasicStrike+1","Koishi:BasicStrike+1","Koishi:BasicStrike+1","Koishi:BasicStrike+1","Koishi:BasicDefend+1","Koishi:BasicDefend+1","Koishi:BasicDefend+1","Koishi:BasicDefend+1","Koishi:Provoke","Koishi:HauntingSlash","Koishi:Untouchable+1","Koishi:JumpScare+1","Koishi:MassHysteria+1","Koishi:HeartfeltFancy","Koishi:SubterraneanRose","Koishi:PhantomStrike","Koishi:BramblyRoseGarden","Koishi:PredatoryInstincts+1","Koishi:Untouchable+1","Koishi:CatchAndRose","Koishi:SilentAndRestless","Koishi:SubconsciousSweep","Koishi:UnconsciousUrges+1","Koishi:Untouchable","Koishi:PhantomBarrier","Koishi:DanmakuParanoia+1","Koishi:JumpScare+1","Koishi:ReleaseOfTheId+1","Koishi:UnconsciousUprising","Koishi:JumpScare","Koishi:ConfinedInnocent","Koishi:UnconsciousUrges+1","Koishi:DreadfulBlow","Koishi:RacingHeart","Koishi:FreudianInstinct+1","Koishi:CatchAndRose+1","Koishi:Untouchable+1","Koishi:CatchAndRose+1","Koishi:FidgetySnatcher+1","Koishi:FreudianInstinct+1"],"relics":["Koishi:ImaginaryFriend","Meat on the Bone","Mummified Hand","Black Star","Question Card","Lantern","Sundial","Red Mask","SacredBark","Koishi:BloodstainedWhiteRose","Potion Belt","MealTicket","Frozen Egg 2","Lizard Tail","Vajra","Pocketwatch","White Beast Statue"],"acts_visited":["Exordium","TheCity","TheBeyond","TheEnding"],"potions_floor_usage":[5,23,41,50,55,55,55,55,55,55,55,55,55,55],"damage_taken":[{"damage":2,"enemies":"Cultist","floor":1,"turns":5},{"damage":0,"enemies":"Jaw Worm","floor":2,"turns":8},{"damage":0,"enemies":"2 Louse","floor":3,"turns":5},{"damage":5,"enemies":"Large Slime","floor":4,"turns":5},{"damage":13,"enemies":"2 Fungi Beasts","floor":5,"turns":6},{"damage":0,"enemies":"3 Louse","floor":11,"turns":1},{"damage":16,"enemies":"3 Sentries","floor":12,"turns":6},{"damage":15,"enemies":"Gremlin Gang","floor":13,"turns":2},{"damage":20,"enemies":"The Guardian","floor":16,"turns":13},{"damage":16,"enemies":"2 Thieves","floor":18,"turns":4},{"damage":11,"enemies":"Shell Parasite","floor":21,"turns":6},{"damage":10,"enemies":"Shelled Parasite and Fungi","floor":22,"turns":9},{"damage":29,"enemies":"Book of Stabbing","floor":23,"turns":9},{"damage":0,"enemies":"Snecko","floor":24,"turns":6},{"damage":15,"enemies":"Centurion and Healer","floor":28,"turns":11},{"damage":9,"enemies":"Snake Plant","floor":29,"turns":6},{"damage":0,"enemies":"Masked Bandits","floor":31,"turns":3},{"damage":15,"enemies":"Champ","floor":33,"turns":20},{"damage":2,"enemies":"Orb Walker","floor":35,"turns":7},{"damage":0,"enemies":"3 Shapes","floor":36,"turns":8},{"damage":0,"enemies":"Reptomancer","floor":41,"turns":10},{"damage":18,"enemies":"Writhing Mass","floor":44,"turns":8},{"damage":26,"enemies":"Giant Head","floor":45,"turns":15},{"damage":0,"enemies":"Spire Growth","floor":46,"turns":9},{"damage":5,"enemies":"3 Darklings","floor":47,"turns":10},{"damage":58,"enemies":"Awakened One","floor":50,"turns":16},{"damage":5,"enemies":"Shield and Spear","floor":54,"turns":9},{"damage":2,"enemies":"The Heart","floor":55,"turns":9}],"seed_played":"-626971138262345714","potions_obtained":[{"floor":1,"key":"EntropicBrew"},{"floor":3,"key":"Strength Potion"},{"floor":4,"key":"LiquidMemories"},{"floor":16,"key":"SteroidPotion"},{"floor":22,"key":"Strength Potion"},{"floor":24,"key":"DuplicationPotion"},{"floor":39,"key":"ColorlessPotion"},{"floor":44,"key":"FearPotion"},{"floor":45,"key":"AttackPotion"},{"floor":54,"key":"SkillPotion"}],"is_trial":false,"path_per_floor":["M","M","M","M","M","R","?","R","T","$","M","E","M","?","R","B",null,"M","?","$","M","M","E","M","R","T","?","M","M","?","?","R","B",null,"M","M","?","$","?","R","E","R","T","M","E","M","M","$","R","B",null,"R","$","E","B",null],"character_chosen":"KOISHI","items_purchased":["Koishi:SubterraneanRose","Koishi:PhantomStrike","Koishi:BramblyRoseGarden","Koishi:UnconsciousUrges","Koishi:BloodstainedWhiteRose","Potion Belt","Koishi:UnconsciousUrges","Koishi:DreadfulBlow","DistilledChaos","Koishi:FidgetySnatcher+1","Koishi:FreudianInstinct+1"],"campfire_rested":1,"item_purchase_floors":[10,10,10,20,38,38,38,38,38,48,53],"current_hp_per_floor":[60,60,60,59,50,50,50,50,50,50,50,38,39,27,45,36,60,52,52,52,50,49,41,50,50,50,40,46,49,49,65,65,51,65,65,65,65,65,65,65,65,65,65,65,65,65,65,65,65,52,65,65,65,65,65],"gold":129,"neow_bonus":"THREE_CARDS","is_daily":false,"chose_seed":false,"campfire_upgraded":7,"win_rate":0.0,"timestamp":1611669960,"path_taken":["M","?","?","M","M","R","?","R","T","$","M","E","?","?","R","BOSS","M","?","$","M","M","E","M","R","T","?","M","M","?","?","R","BOSS","M","M","?","$","?","R","E","R","T","?","E","?","M","?","R","BOSS","R","$","E","BOSS"],"items_purchased_type":["Card","Card","Card","Card","Relic","Relic","Card","Card","Potion","Card","Card"],"build_version":"2020-12-22","purchased_purges":0,"victory":true,"max_hp_per_floor":[60,60,60,60,60,60,60,60,60,60,60,60,60,60,60,60,60,60,60,60,60,60,60,60,60,60,65,65,65,65,65,65,65,65,65,65,65,65,65,65,65,65,65,65,65,65,65,65,65,65,65,65,65,65,65],"card_choices":[{"not_picked":["Koishi:ReflexRadar","Koishi:Prune"],"picked":"Koishi:DreadfulBlow","floor":0.0},{"not_picked":["Koishi:IdleWhim","Koishi:StrangeCloudFist"],"picked":"Koishi:Untouchable","floor":1},{"not_picked":["Koishi:DreadfulBlow","Koishi:BramblyRoseGarden"],"picked":"Koishi:JumpScare","floor":2},{"not_picked":["Koishi:ReflexRadar","Koishi:CatchAndRose"],"picked":"Koishi:MassHysteria","floor":3},{"not_picked":["Koishi:StingingMind","Koishi:GeneticsOfTheUnconscious"],"picked":"Koishi:HeartfeltFancy","floor":4},{"not_picked":["Koishi:FleetingPhantom","Koishi:Bloodlust","Koishi:ConditionedTeleport"],"picked":"SKIP","floor":5},{"not_picked":["Koishi:EmbryosDream","Koishi:BloodcurdlingScream"],"picked":"Koishi:PredatoryInstincts","floor":11},{"not_picked":["Koishi:ConditionedTeleport","Koishi:StrangeCloudFist"],"picked":"Koishi:Untouchable","floor":12},{"not_picked":["Koishi:EmbryosDream","Koishi:FleetingPhantom"],"picked":"Koishi:CatchAndRose","floor":13},{"not_picked":["Koishi:Heartbroken","Koishi:GrowingPain"],"picked":"Koishi:SilentAndRestless","floor":16},{"not_picked":["Koishi:GeneticsOfTheUnconscious+1","Koishi:EmbryosDream"],"picked":"Koishi:SubconsciousSweep","floor":18},{"not_picked":["Koishi:LastRemote+1","Koishi:HeartfeltFancy"],"picked":"Koishi:Untouchable","floor":21},{"not_picked":["Koishi:SpiritedAway+1","Koishi:FormlessExistence"],"picked":"Koishi:PhantomBarrier","floor":22},{"not_picked":["Koishi:GeneticsOfTheUnconscious","Koishi:ReflexRadar"],"picked":"Koishi:DanmakuParanoia+1","floor":23},{"not_picked":["Koishi:FourthEye","Koishi:DNAsFlaw+1","Koishi:Possession"],"picked":"Koishi:JumpScare","floor":24},{"not_picked":["Koishi:ReflexRadar","Koishi:SpiritedAway","Koishi:LastRemote"],"picked":"Koishi:ReleaseOfTheId+1","floor":28},{"not_picked":["Koishi:FleetingPhantom+1","Koishi:StingingMind","Koishi:ReflexRadar+1"],"picked":"Koishi:UnconsciousUprising","floor":29},{"not_picked":["Koishi:LastRemote","Koishi:FreudianInstinct","Koishi:RorschachInDanmaku+1"],"picked":"Koishi:JumpScare","floor":31},{"not_picked":["Koishi:RuptureMind","Koishi:Heartbroken","Koishi:HeartStoppingHorror"],"picked":"Koishi:ConfinedInnocent","floor":33},{"not_picked":["Koishi:HeartfeltFancy+1","Koishi:BramblyRoseGarden","Koishi:EmbersOfLove+1","Koishi:BloodcurdlingScream"],"picked":"SKIP","floor":35},{"not_picked":["Koishi:StingingMind","Koishi:PhantomBarrier","Koishi:MassHysteria+1","Koishi:GhostParty"],"picked":"SKIP","floor":36},{"not_picked":["Koishi:PhilosophyOfTheDespised+1","Koishi:SpiritedAway","Koishi:ReflexRadar+1"],"picked":"Koishi:RacingHeart","floor":41},{"not_picked":["Koishi:SubterraneanRose","Koishi:PhantomStrike","Koishi:Whimsy+1"],"picked":"Koishi:FreudianInstinct+1","floor":44},{"not_picked":["Koishi:UnansweredLove","Koishi:RollingInRichesHeart","Koishi:EmbryosDream"],"picked":"Koishi:CatchAndRose+1","floor":45},{"not_picked":["Koishi:MassHysteria+1","Koishi:GeneticsOfTheUnconscious+1","Koishi:HeartfeltFancy+1"],"picked":"Koishi:Untouchable+1","floor":46},{"not_picked":["Koishi:RacingHeart","Koishi:UnansweredLove","Koishi:TraumaticStroke"],"picked":"Koishi:CatchAndRose+1","floor":47},{"not_picked":["Koishi:RorschachInDanmaku","Koishi:ConditionedTeleport","Koishi:GeneticsOfTheUnconscious+1","Koishi:UnconsciousUprising"],"picked":"SKIP","floor":54}],"player_experience":148838,"relics_obtained":[{"floor":9,"key":"Meat on the Bone"},{"floor":12,"key":"Mummified Hand"},{"floor":23,"key":"Question Card"},{"floor":23,"key":"Lantern"},{"floor":26,"key":"Sundial"},{"floor":31,"key":"Red Mask"},{"floor":41,"key":"MealTicket"},{"floor":41,"key":"Frozen Egg 2"},{"floor":45,"key":"Lizard Tail"},{"floor":45,"key":"Vajra"},{"floor":54,"key":"Pocketwatch"},{"floor":54,"key":"White Beast Statue"}],"event_choices":[{"cards_removed":["Iron Wave"],"damage_healed":0,"gold_gain":0,"player_choice":"Took Card","damage_taken":0,"max_hp_gain":0,"max_hp_loss":0,"event_name":"NoteForYourself","floor":7,"gold_loss":0,"cards_obtained":["Iron Wave"]},{"damage_healed":0,"gold_gain":0,"player_choice":"Entered Light","damage_taken":12,"max_hp_gain":0,"max_hp_loss":0,"event_name":"Shining Light","floor":14,"gold_loss":0,"cards_upgraded":["Koishi:Untouchable","Koishi:BasicDefend"]},{"damage_healed":0,"gold_gain":0,"player_choice":"Ignored","damage_taken":0,"max_hp_gain":0,"max_hp_loss":0,"event_name":"Beggar","floor":19,"gold_loss":0},{"damage_healed":0,"gold_gain":0,"player_choice":"Shed Blood","damage_taken":15,"max_hp_gain":5,"max_hp_loss":0,"event_name":"Forgotten Altar","floor":27,"gold_loss":0},{"damage_healed":0,"gold_gain":0,"player_choice":"Simplicity","damage_taken":0,"max_hp_gain":0,"max_hp_loss":0,"event_name":"Back to Basics","floor":30,"gold_loss":0,"cards_upgraded":["Koishi:BasicStrike","Koishi:BasicStrike","Koishi:BasicStrike","Koishi:BasicStrike","Koishi:BasicDefend","Koishi:BasicDefend","Koishi:BasicDefend"]},{"damage_healed":0,"gold_gain":0,"player_choice":"Fought Bandits","damage_taken":0,"max_hp_gain":0,"max_hp_loss":0,"event_name":"Masked Bandits","floor":31,"gold_loss":0},{"damage_healed":0,"gold_gain":222,"player_choice":"Wore Mask","damage_taken":0,"max_hp_gain":0,"max_hp_loss":0,"event_name":"Tomb of Lord Red Mask","floor":37,"gold_loss":0},{"damage_healed":0,"gold_gain":0,"player_choice":"Bought 1 Potion","damage_taken":0,"max_hp_gain":0,"max_hp_loss":0,"event_name":"The Woman in Blue","floor":39,"gold_loss":0}],"is_beta":false,"boss_relics":[{"not_picked":["Empty Cage","Runic Pyramid"],"picked":"Black Star"},{"not_picked":["Snecko Eye","Pandora\u0027s Box"],"picked":"SacredBark"}],"items_purged_floors":[],"is_endless":false,"potions_floor_spawned":[1,3,4,16,22,24,28,29,44,45,47,54],"ascension_level":0}}