{"host":"uv5ws9rdk87e8i5k","time":1611642962,"event":{"mods":["AchievementEnabler","BaseMod","Colored Map","Minty Spire (QoL Compilation)","Permanent Neow","Quick Restart","StSLib","SuperFastMode","The Animator","The Cursed","The Hierophant","The Necromancer"],"gold_per_floor":[117,42,60,70,81,81,107,124,172,199,213,248,276,299,311,420,432,460,372,401,433,445,445],"floor_reached":22,"language":"ENG","playtime":626,"items_purged":["animator:Curse_Nutcracker"],"score":332,"play_id":"225098a8-7e7d-4f62-ad14-3c9d710f3248","local_time":"20210126003602","is_ascension_mode":true,"campfire_choices":[{"data":"Limit Break","floor":6.0,"key":"SMITH"},{"data":"Heavy Blade","floor":15.0,"key":"SMITH"}],"circlet_count":0,"master_deck":["Strike_R","Strike_R","Strike_R","Strike_R","Strike_R","Defend_R","Defend_R","Defend_R","Defend_R","Bash+1","Limit Break+1","Iron Wave+1","Warcry","Anger","Battle Trance","Headbutt","Inflame","Twin Strike","Heavy Blade","Heavy Blade+1","Demon Form","Havoc","Spot Weakness","Rage"],"relics":["Burning Blood","Pen Nib","Whetstone","Meat on the Bone","MawBank","Cursed Key","Bird Faced Urn"],"acts_visited":["Exordium","TheCity"],"potions_floor_usage":[],"damage_taken":[{"damage":6.0,"enemies":"Cultist","floor":1.0,"turns":3.0},{"damage":8.0,"enemies":"Jaw Worm","floor":3.0,"turns":4.0},{"damage":0.0,"enemies":"Small Slimes","floor":4.0,"turns":4.0},{"damage":14.0,"enemies":"3 Louse","floor":5.0,"turns":3.0},{"damage":31.0,"enemies":"Lagavulin","floor":7.0,"turns":8.0},{"damage":16.0,"enemies":"Exordium Thugs","floor":8.0,"turns":4.0},{"damage":6.0,"enemies":"Gremlin Nob","floor":10.0,"turns":2.0},{"damage":6.0,"enemies":"Red Slaver","floor":11.0,"turns":3.0},{"damage":13.0,"enemies":"Lagavulin","floor":12.0,"turns":5.0},{"damage":5.0,"enemies":"Looter","floor":13.0,"turns":3.0},{"damage":11.0,"enemies":"Exordium Wildlife","floor":14.0,"turns":4.0},{"damage":46.0,"enemies":"Hexaghost","floor":16.0,"turns":8.0},{"damage":19.0,"enemies":"2 Thieves","floor":18.0,"turns":3.0},{"damage":6.0,"enemies":"3 Byrds","floor":20.0,"turns":3.0},{"damage":36.0,"enemies":"Cultist and Chosen","floor":21.0,"turns":5.0},{"damage":44,"enemies":"3 Cultists","floor":22,"turns":4}],"seed_played":"-6952326905064190574","potions_obtained":[{"floor":3.0,"key":"SpeedPotion"},{"floor":5.0,"key":"Weak Potion"},{"floor":7.0,"key":"SkillPotion"},{"floor":8.0,"key":"Strength Potion"},{"floor":10.0,"key":"Ancient Potion"},{"floor":11.0,"key":"SteroidPotion"},{"floor":18.0,"key":"LiquidBronze"}],"is_trial":false,"path_per_floor":["M","$","M","M","M","R","E","M","T","E","M","E","M","M","R","B",null,"M","?","M","M","M"],"character_chosen":"IRONCLAD","items_purchased":[],"campfire_rested":0,"item_purchase_floors":[],"current_hp_per_floor":[72,72,70,76,68,68,43,33,33,33,45,50,51,58,58,30,68,55,55,57,43,0,0],"gold":445,"neow_bonus":"THREE_RARE_CARDS","is_daily":false,"chose_seed":false,"campfire_upgraded":2,"win_rate":0.0,"timestamp":1611642962,"path_taken":["M","$","M","M","?","R","E","M","T","E","M","E","M","M","R","BOSS","M","?","M","M","M"],"items_purchased_type":[],"build_version":"2020-12-22","purchased_purges":1,"victory":false,"max_hp_per_floor":[80,80,80,80,80,80,80,80,80,80,80,80,80,80,80,80,80,80,80,80,80,80,80],"card_choices":[{"not_picked":["Barricade","Reaper"],"picked":"Limit Break","floor":0.0},{"not_picked":["Body Slam","Carnage"],"picked":"Iron Wave","floor":1.0},{"not_picked":["Armaments","Power Through"],"picked":"Warcry","floor":3.0},{"not_picked":["Ghostly Armor","Shockwave"],"picked":"Anger","floor":4.0},{"not_picked":["Seeing Red","Thunderclap"],"picked":"Battle Trance","floor":5.0},{"not_picked":["Anger","Carnage"],"picked":"Headbutt","floor":7.0},{"not_picked":["Carnage","Hemokinesis"],"picked":"Inflame","floor":8.0},{"not_picked":["Rupture","Evolve"],"picked":"Twin Strike","floor":10.0},{"not_picked":["Feel No Pain","Twin Strike","Clash"],"picked":"SKIP","floor":11.0},{"not_picked":["Blood for Blood","Reckless Charge","Exhume"],"picked":"SKIP","floor":12.0},{"not_picked":["Cleave","Twin Strike"],"picked":"Heavy Blade","floor":13.0},{"not_picked":["Flex","Thunderclap"],"picked":"Heavy Blade","floor":14.0},{"not_picked":["Immolate","Double Tap"],"picked":"Demon Form","floor":16.0},{"not_picked":["Anger","Cleave+1"],"picked":"Havoc","floor":18.0},{"not_picked":["Sword Boomerang","Body Slam+1"],"picked":"Spot Weakness","floor":20.0},{"not_picked":["Spot Weakness","Pommel Strike+1"],"picked":"Rage","floor":21.0}],"player_experience":286930,"relics_obtained":[{"floor":7.0,"key":"Pen Nib"},{"floor":9.0,"key":"Whetstone"},{"floor":10.0,"key":"Meat on the Bone"},{"floor":12.0,"key":"MawBank"}],"event_choices":[{"damage_healed":0.0,"max_hp_gain":0.0,"max_hp_loss":0.0,"gold_gain":0.0,"event_name":"WeMeetAgain","player_choice":"Paid Gold","floor":19.0,"gold_loss":100.0,"damage_taken":0.0,"relics_obtained":["Bird Faced Urn"]}],"is_beta":false,"boss_relics":[{"not_picked":["Fusion Hammer","Busted Crown"],"picked":"Cursed Key"}],"items_purged_floors":[2],"is_endless":false,"potions_floor_spawned":[3,5,7,8,10,11,18],"killed_by":"3 Cultists","ascension_level":8}}