{"host":"ooa7gbxz3ilj1hm6","time":1611633683,"event":{"mods":["BaseMod","Colored Map","Downfall","Highlight Path","Minty Spire (QoL Compilation)","StSLib"],"gold_per_floor":[99,117,128,59,72,97,97,97,113,113,140,140,154,67,79,178,178,178,189,199,210,210,210,210],"floor_reached":22,"language":"ENG","playtime":1005,"items_purged":[],"score":188,"play_id":"ad699a0e-c0ea-4069-bc9f-3323aa7677fe","local_time":"20210125210123","is_ascension_mode":false,"campfire_choices":[{"data":"Slimebound:Split","floor":1,"key":"SMITH"},{"floor":10,"key":"REST"},{"data":"Slimebound:SplitSpecialist","floor":12,"key":"SMITH"},{"floor":18,"key":"RECALL"}],"circlet_count":0,"master_deck":["Slimebound:Strike_Slimebound","Slimebound:Strike_Slimebound","Slimebound:Tackle","Slimebound:Defend_Slimebound","Slimebound:Defend_Slimebound","Slimebound:Defend_Slimebound","Slimebound:Defend_Slimebound","Slimebound:Split+1","Slimebound:CorrosiveSpit","Slimebound:MassRepurpose","Slimebound:SplitMire","Slimebound:SplitAcid","Slimebound:SplitSpecialist+1","Slimebound:SplitBruiser","Slimebound:RainOfGoop","Slimebound:SplitLeeching","Slimebound:SplitBruiser","Slimebound:SplitSpecialist","Slimebound:LevelUp+1","Slimebound:SlimeSpikes","Slimebound:TagTeam","Slimebound:SplitBruiser","Slimebound:PressTheAttack+1"],"relics":["Slimebound:AbsorbEndCombat","Frozen Egg 2","Juzu Bracelet","Regal Pillow","Fusion Hammer"],"acts_visited":["Exordium","TheCity"],"potions_floor_usage":[],"damage_taken":[{"damage":1,"enemies":"2 Louse","floor":2,"turns":3},{"damage":8,"enemies":"Jaw Worm","floor":3,"turns":3},{"damage":0,"enemies":"downfall:FleeingMerchant","floor":4,"turns":4},{"damage":13,"enemies":"Small Slimes","floor":5,"turns":2},{"damage":26,"enemies":"Gremlin Nob","floor":6,"turns":4},{"damage":9,"enemies":"Blue Slaver","floor":9,"turns":4},{"damage":7,"enemies":"Red Slaver","floor":13,"turns":2},{"damage":4,"enemies":"downfall:FleeingMerchant","floor":14,"turns":4},{"damage":5,"enemies":"Blue Slaver","floor":15,"turns":4},{"damage":10,"enemies":"SI_SHIV_ARCHETYPE","floor":16,"turns":8},{"damage":26,"enemies":"3 Byrds","floor":19,"turns":4},{"damage":22,"enemies":"Snecko","floor":20,"turns":6},{"damage":3,"enemies":"Snake Plant","floor":21,"turns":3},{"damage":26,"enemies":"Shelled Parasite and Fungi","floor":22,"turns":3}],"seed_played":"881890669528270268","potions_obtained":[{"floor":2,"key":"sneckomod:MuddlingPotion"},{"floor":3,"key":"SteroidPotion"},{"floor":6,"key":"DuplicationPotion"}],"is_trial":false,"path_per_floor":["R","M","M","$","M","E","T","?","M","R","T","R","M","$","M","B",null,"R","M","M","M","M"],"character_chosen":"SLIMEBOUND","items_purchased":["Slimebound:SplitBruiser","Slimebound:LevelUp+1"],"campfire_rested":1,"item_purchase_floors":[4,14],"current_hp_per_floor":[65,65,61,65,52,30,30,30,23,42,42,42,39,41,38,32,65,65,41,23,24,0,0,0],"gold":210,"neow_bonus":"ONE_RANDOM_RARE_CARD","is_daily":false,"chose_seed":false,"campfire_upgraded":2,"win_rate":0.0,"timestamp":1611633683,"path_taken":["R","M","M","$","M","E","T","?","M","R","?","R","M","$","M","BOSS","R","M","M","M","M"],"items_purchased_type":["Card","Card"],"build_version":"2020-12-22","purchased_purges":0,"victory":false,"max_hp_per_floor":[65,65,65,65,65,65,65,65,65,65,65,65,65,65,65,65,65,65,65,65,65,65,65,65],"card_choices":[{"not_picked":["Slimebound:SlimeBrawl","Slimebound:RejuvenatingLick"],"picked":"Slimebound:SplitMire","floor":2},{"not_picked":["Slimebound:Chomp","Slimebound:ItLooksTasty"],"picked":"Slimebound:SplitAcid","floor":3},{"not_picked":["Slimebound:FinishingTackle","Slimebound:HungryTackle"],"picked":"Slimebound:SplitSpecialist","floor":4},{"not_picked":["Slimebound:RollThrough","Slimebound:GoopSpray"],"picked":"Slimebound:RainOfGoop","floor":5},{"not_picked":["Slimebound:RainOfGoop","Slimebound:Gluttony+1","Slimebound:ItLooksTasty"],"picked":"SKIP","floor":6},{"not_picked":["Slimebound:Grow+1","Slimebound:LivingWall"],"picked":"Slimebound:SplitLeeching","floor":9},{"not_picked":["Slimebound:SlimeTap","Slimebound:Prepare"],"picked":"Slimebound:SplitBruiser","floor":13},{"not_picked":["Slimebound:Nibble","Slimebound:BestDefense+1"],"picked":"Slimebound:SplitSpecialist","floor":14},{"not_picked":["Slimebound:SplitAcid","Slimebound:ItLooksTasty"],"picked":"Slimebound:SlimeSpikes","floor":15},{"not_picked":["Slimebound:MassFeed","Slimebound:DouseInSlime"],"picked":"Slimebound:TagTeam","floor":16},{"not_picked":["Slimebound:RollThrough","Slimebound:FormOfPuddle"],"picked":"Slimebound:SplitBruiser","floor":19},{"not_picked":["Slimebound:TongueLash","Slimebound:LeechEnergy"],"picked":"Slimebound:PressTheAttack+1","floor":20},{"not_picked":["Slimebound:GoopSpray+1","Slimebound:Prepare+1","Slimebound:Equalize"],"picked":"SKIP","floor":21}],"player_experience":36506,"relics_obtained":[{"floor":6,"key":"Frozen Egg 2"},{"floor":7,"key":"Juzu Bracelet"},{"floor":11,"key":"Regal Pillow"}],"event_choices":[],"is_beta":false,"boss_relics":[{"not_picked":["Runic Pyramid","Empty Cage"],"picked":"Fusion Hammer"}],"items_purged_floors":[],"is_endless":false,"potions_floor_spawned":[2,3,6,13,20],"killed_by":"Shelled Parasite and Fungi","ascension_level":0}}