{"host":"ELF","time":1611639370,"event":{"mods":["BaseMod","Bestiary","Minty Spire (QoL Compilation)","Relic Stats","Slay the Relics Exporter"],"gold_per_floor":[118,129,129,129,3,3,20,20,20,20,20,38,78,96,96,96,96],"floor_reached":16,"language":"ENG","playtime":447,"items_purged":[],"score":200,"play_id":"0dd746e7-89af-4895-a3f2-c2cecac05cfa","local_time":"20210125233610","is_ascension_mode":true,"campfire_choices":[{"floor":6,"key":"REST"},{"floor":10,"key":"REST"},{"floor":15,"key":"REST"}],"circlet_count":0,"master_deck":["AscendersBane","Strike_B","Strike_B","Strike_B","Defend_B","Defend_B+1","Defend_B","Defend_B+1","Zap+1","Dualcast","Hologram","Redo","Defragment","Consume","Conserve Battery+1","Injury","Leap","Cold Snap","Streamline"],"relics":["Cracked Core","Centennial Puzzle","Golden Idol","Potion Belt","War Paint"],"acts_visited":["Exordium"],"potions_floor_usage":[13,16],"damage_taken":[{"damage":6,"enemies":"Cultist","floor":1,"turns":3},{"damage":5,"enemies":"Small Slimes","floor":2,"turns":4},{"damage":11,"enemies":"Jaw Worm","floor":7,"turns":4},{"damage":13,"enemies":"3 Louse","floor":12,"turns":2},{"damage":37,"enemies":"Lagavulin","floor":13,"turns":8},{"damage":0,"enemies":"Looter","floor":14,"turns":4},{"damage":31,"enemies":"Hexaghost","floor":16,"turns":9}],"seed_played":"-2289925567734988545","potions_obtained":[{"floor":2,"key":"Strength Potion"},{"floor":14,"key":"Weak Potion"}],"is_trial":false,"path_per_floor":["M","M","?","?","$","R","M","?","T","R","$","M","E","M","R","B"],"character_chosen":"DEFECT","items_purchased":["Defragment","Consume"],"campfire_rested":3,"item_purchase_floors":[5,5],"current_hp_per_floor":[58,53,32,25,25,46,35,35,35,56,56,43,6,6,27,0,0],"gold":96,"neow_bonus":"RANDOM_COMMON_RELIC","is_daily":false,"chose_seed":false,"campfire_upgraded":0,"win_rate":0.0,"timestamp":1611639370,"path_taken":["M","M","?","?","?","R","M","?","T","R","$","M","E","M","R","BOSS"],"items_purchased_type":["Card","Card"],"build_version":"2020-12-18","purchased_purges":0,"victory":false,"max_hp_per_floor":[71,71,71,71,71,71,71,71,71,71,71,71,71,71,71,71,71],"relic_stats":{"Centennial Puzzle":[18],"counters":[7,34],"Golden Idol":16,"War Paint":["Zap","Conserve Battery"],"obtain_stats":[{"Potion Belt":9,"Centennial Puzzle":0,"Golden Idol":8,"War Paint":13,"Cracked Core":0},{"Potion Belt":3,"Centennial Puzzle":0,"Golden Idol":3,"War Paint":5,"Cracked Core":0},{"Potion Belt":11,"Centennial Puzzle":0,"Golden Idol":11,"War Paint":21,"Cracked Core":0}]},"card_choices":[{"not_picked":["Turbo","Melter"],"picked":"Hologram","floor":1},{"not_picked":["Scrape","Stack"],"picked":"Redo","floor":2},{"not_picked":["Go for the Eyes","Hologram"],"picked":"Conserve Battery","floor":7},{"not_picked":["FTL","Compile Driver"],"picked":"Leap","floor":12},{"not_picked":["Compile Driver","All For One"],"picked":"Cold Snap","floor":13},{"not_picked":["Hello World","Redo"],"picked":"Streamline","floor":14}],"player_experience":3286110,"relics_obtained":[{"floor":9,"key":"Potion Belt"},{"floor":13,"key":"War Paint"}],"event_choices":[{"damage_healed":0,"gold_gain":0,"player_choice":"Entered Light","damage_taken":21,"max_hp_gain":0,"max_hp_loss":0,"event_name":"Shining Light","floor":3,"gold_loss":0,"cards_upgraded":["Defend_B","Defend_B"]},{"cards_removed":["Strike_B"],"damage_healed":0,"gold_gain":0,"player_choice":"Card Removal","damage_taken":7,"max_hp_gain":0,"max_hp_loss":0,"event_name":"Golden Wing","floor":4,"gold_loss":0},{"damage_healed":0,"gold_gain":0,"player_choice":"Take Wound","damage_taken":0,"relics_obtained":["Golden Idol"],"max_hp_gain":0,"max_hp_loss":0,"event_name":"Golden Idol","floor":8,"gold_loss":0,"cards_obtained":["Injury"]}],"is_beta":true,"boss_relics":[],"items_purged_floors":[],"is_endless":false,"potions_floor_spawned":[2,14],"killed_by":"Hexaghost","ascension_level":20}}