{"host":"ow66nzv2xecjoor3","time":1611623805,"event":{"mods":["BaseMod","Bestiary","Block Reminder","Colored Powertips","Curses Come First","Highlight Path","Keyboard Shortcuts","Minty Spire (QoL Compilation)","Permanent Neow","Relic Stats","Reliquary","Spire Arcade","StSLib","UnlockEverythingMod"],"gold_per_floor":[116,131,146,156,156,156,61,61,85,120,131,131,166,186,186,263,263,234,251,251,268,268,268,268],"floor_reached":23,"language":"ENG","playtime":741,"items_purged":[],"score":610,"play_id":"222170e8-2d9d-42c4-928d-6e7bee14feae","local_time":"20210125191645","is_ascension_mode":true,"campfire_choices":[{"data":"Shockwave","floor":6.0,"key":"SMITH"},{"data":"Inflame","floor":8.0,"key":"SMITH"},{"data":"True Grit","floor":15.0,"key":"SMITH"}],"circlet_count":0,"master_deck":["AscendersBane","Strike_R+1","Strike_R","Strike_R","Strike_R+1","Strike_R","Defend_R","Defend_R","Defend_R+1","Defend_R","Bash","Flame Barrier+1","Shockwave+1","True Grit+1","Sword Boomerang","Inflame+1","Feel No Pain","Dual Wield","Barricade","Armaments","Demon Form","Sword Boomerang","Shrug It Off","Limit Break"],"relics":["Velvet Choker","PreservedInsect","Strawberry","Whetstone","Sozu","CultistMask"],"acts_visited":["Exordium","TheCity"],"potions_floor_usage":[],"damage_taken":[{"damage":3.0,"enemies":"Small Slimes","floor":1.0,"turns":3.0},{"damage":1.0,"enemies":"Cultist","floor":2.0,"turns":3.0},{"damage":0.0,"enemies":"2 Louse","floor":3.0,"turns":4.0},{"damage":14.0,"enemies":"Exordium Wildlife","floor":4.0,"turns":5.0},{"damage":0.0,"enemies":"Gremlin Nob","floor":10.0,"turns":3.0},{"damage":3.0,"enemies":"Looter","floor":11.0,"turns":4.0},{"damage":0.0,"enemies":"Lagavulin","floor":13.0,"turns":5.0},{"damage":0.0,"enemies":"Large Slime","floor":14.0,"turns":5.0},{"damage":0.0,"enemies":"The Guardian","floor":16.0,"turns":9.0},{"damage":18.0,"enemies":"2 Thieves","floor":18.0,"turns":4.0},{"damage":12.0,"enemies":"Chosen","floor":19.0,"turns":4.0},{"damage":10.0,"enemies":"Centurion and Healer","floor":21.0,"turns":7.0},{"damage":0.0,"enemies":"3 Cultists","floor":22.0,"turns":2.0},{"damage":31,"enemies":"Slavers","floor":23,"turns":4}],"seed_played":"-8569626096127922659","potions_obtained":[{"floor":3.0,"key":"EntropicBrew"},{"floor":11.0,"key":"BlessingOfTheForge"}],"is_trial":false,"path_per_floor":["M","M","M","M","?","R","$","R","T","E","M","?","E","M","R","B",null,"M","M","?","M","M","E"],"character_chosen":"IRONCLAD","items_purchased":["Inflame","Fire Potion"],"campfire_rested":0,"item_purchase_floors":[7,7],"current_hp_per_floor":[65,64,64,50,50,50,50,50,50,57,54,29,29,29,29,29,69,51,39,39,29,29,0,0],"gold":268,"neow_bonus":"BOSS_RELIC","is_daily":false,"chose_seed":false,"campfire_upgraded":3,"win_rate":0.0,"timestamp":1611623805,"path_taken":["M","M","M","M","?","R","$","R","T","E","M","?","E","M","R","BOSS","M","M","?","M","M","E"],"items_purchased_type":["Card","Potion"],"build_version":"2020-12-22","purchased_purges":0,"victory":false,"max_hp_per_floor":[75,75,75,75,75,75,75,75,75,82,82,82,82,82,82,82,82,82,82,82,82,82,82,82],"relic_stats":{"Sozu":1,"counters":[14,62],"PreservedInsect":90,"Whetstone":["Strike_R","Strike_R"],"obtain_stats":[{"Sozu":17,"Strawberry":10,"Velvet Choker":0,"PreservedInsect":9,"CultistMask":20,"Whetstone":13,"Burning Blood":0},{"Sozu":9,"Strawberry":5,"Velvet Choker":0,"PreservedInsect":4,"CultistMask":11,"Whetstone":7,"Burning Blood":0},{"Sozu":41,"Strawberry":18,"Velvet Choker":0,"PreservedInsect":15,"CultistMask":49,"Whetstone":27,"Burning Blood":0}]},"card_choices":[{"not_picked":["Twin Strike","Seeing Red"],"picked":"Flame Barrier","floor":1.0},{"not_picked":["Clash","Combust"],"picked":"Shockwave","floor":2.0},{"not_picked":["Fire Breathing","Entrench"],"picked":"True Grit","floor":3.0},{"not_picked":["Bloodletting","Wild Strike"],"picked":"Sword Boomerang","floor":4.0},{"not_picked":["Power Through","Entrench"],"picked":"Feel No Pain","floor":10.0},{"not_picked":["Bloodletting","Warcry"],"picked":"Dual Wield","floor":11.0},{"not_picked":["True Grit","Warcry"],"picked":"Barricade","floor":13.0},{"not_picked":["Rupture","Iron Wave"],"picked":"Armaments","floor":14.0},{"not_picked":["Brutality","Impervious"],"picked":"Demon Form","floor":16.0},{"not_picked":["Iron Wave","Headbutt"],"picked":"Sword Boomerang","floor":18.0},{"not_picked":["Wild Strike","Twin Strike"],"picked":"Shrug It Off","floor":19.0},{"not_picked":["Thunderclap","Headbutt"],"picked":"Limit Break","floor":21.0}],"player_experience":2722764,"relics_obtained":[{"floor":9.0,"key":"PreservedInsect"},{"floor":10.0,"key":"Strawberry"},{"floor":13.0,"key":"Whetstone"}],"event_choices":[{"damage_healed":0.0,"max_hp_gain":0.0,"max_hp_loss":0.0,"gold_gain":0.0,"event_name":"Liars Game","player_choice":"Ignored","floor":5.0,"gold_loss":0.0,"damage_taken":0.0},{"damage_healed":0.0,"max_hp_gain":0.0,"max_hp_loss":0.0,"gold_gain":0.0,"event_name":"Shining Light","player_choice":"Entered Light","floor":12.0,"gold_loss":0.0,"damage_taken":25.0,"cards_upgraded":["Defend_R","Flame Barrier"]},{"damage_healed":0.0,"max_hp_gain":0.0,"max_hp_loss":0.0,"gold_gain":0.0,"event_name":"FaceTrader","player_choice":"Trade","floor":20.0,"gold_loss":0.0,"damage_taken":0.0,"relics_obtained":["CultistMask"]}],"is_beta":false,"boss_relics":[{"not_picked":["SlaversCollar","Calling Bell"],"picked":"Sozu"}],"items_purged_floors":[],"is_endless":false,"potions_floor_spawned":[3,10,11,13,18],"killed_by":"Slavers","ascension_level":20}}