{"host":"vyjryxuuuxkt43k4","time":1611676333,"event":{"mods":["AchievementEnabler","BaseMod","Colored Map","DeckTracker","Keyboard Shortcuts","Minty Spire (QoL Compilation)","Permanent Neow","Quick Restart","Rare Cards Sparkle","StSLib","SuperFastMode","everything is the same but u backflip on backflip"],"gold_per_floor":[110,90,110,130,147,147,179,179,204,204,46,72,72,83,83,158,158,171,182,24,35,51,51,51,51,103,18,50,50,63,79,79,155,155,170,184,198,523,569,569,569],"floor_reached":40,"language":"KOR","playtime":1406,"items_purged":["Strike_R"],"score":861,"play_id":"3e011adc-f673-4a90-91d6-e7e38f2749aa","local_time":"20210127005213","is_ascension_mode":true,"campfire_choices":[{"data":"Bludgeon","floor":6.0,"key":"SMITH"},{"data":"Pommel Strike","floor":8.0,"key":"SMITH"},{"data":"Corruption","floor":13.0,"key":"SMITH"},{"data":"Blood for Blood","floor":15.0,"key":"SMITH"},{"floor":23.0,"key":"REST"},{"data":"Burning Pact","floor":25.0,"key":"SMITH"},{"floor":29.0,"key":"REST"},{"data":"Sentinel","floor":32.0,"key":"SMITH"}],"circlet_count":0,"master_deck":["AscendersBane","Strike_R+1","Strike_R+1","Strike_R+1","Strike_R+1","Defend_R+1","Defend_R+1","Defend_R+1","Defend_R+1","Bash","Bludgeon+1","Shrug It Off","Wild Strike","Pommel Strike+1","Blood for Blood+1","Shockwave","Second Wind","Corruption+1","Exhume","Perfected Strike+1","Perfected Strike+1","Perfected Strike","Burning Pact+1","Armaments+1","Sentinel+1","Impervious","Twin Strike","Perfected Strike+1","Flex+1","Flame Barrier"],"relics":["Burning Blood","Omamori","Happy Flower","Juzu Bracelet","Cursed Key","ClockworkSouvenir","Blood Vial","Nunchaku","Dream Catcher","Mark of Pain","Old Coin","Turnip"],"acts_visited":["Exordium","TheCity","TheBeyond"],"potions_floor_usage":[39],"damage_taken":[{"damage":5.0,"enemies":"Small Slimes","floor":1.0,"turns":3.0},{"damage":1.0,"enemies":"Cultist","floor":3.0,"turns":3.0},{"damage":4.0,"enemies":"2 Louse","floor":4.0,"turns":3.0},{"damage":22.0,"enemies":"Exordium Wildlife","floor":5.0,"turns":4.0},{"damage":8.0,"enemies":"Gremlin Nob","floor":7.0,"turns":3.0},{"damage":15.0,"enemies":"3 Sentries","floor":12.0,"turns":7.0},{"damage":3.0,"enemies":"2 Fungi Beasts","floor":14.0,"turns":3.0},{"damage":34.0,"enemies":"Slime Boss","floor":16.0,"turns":8.0},{"damage":21.0,"enemies":"Spheric Guardian","floor":18.0,"turns":4.0},{"damage":7.0,"enemies":"Shell Parasite","floor":19.0,"turns":2.0},{"damage":38.0,"enemies":"Snake Plant","floor":21.0,"turns":3.0},{"damage":7.0,"enemies":"3 Cultists","floor":22.0,"turns":4.0},{"damage":13.0,"enemies":"Slavers","floor":28.0,"turns":4.0},{"damage":1.0,"enemies":"Centurion and Healer","floor":30.0,"turns":3.0},{"damage":0.0,"enemies":"Chosen and Byrds","floor":31.0,"turns":4.0},{"damage":59.0,"enemies":"Champ","floor":33.0,"turns":10.0},{"damage":0,"enemies":"3 Shapes","floor":35,"turns":6},{"damage":0,"enemies":"Orb Walker","floor":36,"turns":2},{"damage":5,"enemies":"Sphere and 2 Shapes","floor":37,"turns":6},{"damage":29,"enemies":"Mind Bloom Boss Battle","floor":38,"turns":6},{"damage":19,"enemies":"2 Orb Walkers","floor":39,"turns":3},{"damage":55,"enemies":"Nemesis","floor":40,"turns":3}],"seed_played":"4743702334119344054","potions_obtained":[{"floor":1.0,"key":"Fire Potion"},{"floor":2.0,"key":"SneckoOil"},{"floor":7.0,"key":"DuplicationPotion"},{"floor":12.0,"key":"SpeedPotion"},{"floor":19.0,"key":"ElixirPotion"},{"floor":21.0,"key":"FearPotion"},{"floor":31.0,"key":"Fire Potion"},{"floor":33.0,"key":"Swift Potion"},{"floor":37,"key":"LiquidBronze"},{"floor":38,"key":"DistilledChaos"},{"floor":39,"key":"ElixirPotion"}],"is_trial":false,"path_per_floor":["M","?","M","M","M","R","E","R","T","?","$","E","R","M","R","B",null,"M","M","$","M","M","R","?","R","T","?","E","R","M","M","R","B",null,"M","M","M","?","?","E"],"character_chosen":"IRONCLAD","items_purchased":["Second Wind","ClockworkSouvenir"],"campfire_rested":2,"item_purchase_floors":[11,20],"current_hp_per_floor":[69,69,74,75,59,59,57,57,57,57,57,48,48,51,51,23,60,45,44,44,12,11,32,32,32,32,32,27,48,55,63,63,12,57,65,72,72,49,38,0,0],"gold":569,"neow_bonus":"THREE_RARE_CARDS","is_daily":false,"chose_seed":false,"campfire_upgraded":6,"win_rate":0.0,"timestamp":1611676333,"path_taken":["M","?","M","?","M","R","E","R","T","?","?","E","R","M","R","BOSS","M","M","$","M","M","R","?","R","T","?","E","R","M","M","R","BOSS","M","M","M","?","?","E"],"items_purchased_type":["Card","Relic"],"build_version":"2020-12-22","purchased_purges":1,"victory":false,"max_hp_per_floor":[75,75,75,75,75,75,75,75,75,72,72,72,72,72,72,72,72,72,72,72,72,72,72,72,72,72,72,72,72,72,72,72,72,72,72,72,72,72,72,72,72],"card_choices":[{"not_picked":["Double Tap","Brutality"],"picked":"Bludgeon","floor":0.0},{"not_picked":["Hemokinesis","Second Wind"],"picked":"Shrug It Off","floor":1.0},{"not_picked":["Flex","Thunderclap"],"picked":"Wild Strike","floor":3.0},{"not_picked":["Dropkick","Perfected Strike"],"picked":"Pommel Strike","floor":4.0},{"not_picked":["Perfected Strike","Flex"],"picked":"Blood for Blood","floor":5.0},{"not_picked":["Bloodletting","True Grit"],"picked":"Shockwave","floor":7.0},{"not_picked":["Clothesline","Spot Weakness"],"picked":"Corruption","floor":12.0},{"not_picked":["Sword Boomerang","Carnage","Armaments"],"picked":"SKIP","floor":14.0},{"not_picked":["Limit Break","Demon Form"],"picked":"Exhume","floor":16.0},{"not_picked":["Sword Boomerang","Clash"],"picked":"Perfected Strike+1","floor":18.0},{"not_picked":["Warcry","Searing Blow"],"picked":"Perfected Strike+1","floor":19.0},{"not_picked":["Clash","Flex"],"picked":"Perfected Strike","floor":21.0},{"not_picked":["Sword Boomerang+1","Shrug It Off"],"picked":"Burning Pact","floor":22.0},{"not_picked":["Heavy Blade","Juggernaut","Clothesline"],"picked":"SKIP","floor":28.0},{"not_picked":["Sever Soul","Shockwave"],"picked":"Armaments+1","floor":29.0},{"not_picked":["Rupture","Heavy Blade","Sword Boomerang"],"picked":"SKIP","floor":30.0},{"not_picked":["True Grit","Headbutt+1"],"picked":"Sentinel","floor":31.0},{"not_picked":["Reaper","Berserk"],"picked":"Impervious","floor":33.0},{"not_picked":["Headbutt","Carnage","Combust"],"picked":"SKIP","floor":35},{"not_picked":["Rupture","Rage"],"picked":"Twin Strike","floor":36},{"not_picked":["Clothesline","Sword Boomerang+1"],"picked":"Perfected Strike+1","floor":37},{"not_picked":["Heavy Blade","Headbutt"],"picked":"Flex+1","floor":38},{"not_picked":["True Grit","Headbutt"],"picked":"Flame Barrier","floor":39}],"player_experience":384510,"relics_obtained":[{"floor":7.0,"key":"Omamori"},{"floor":9.0,"key":"Happy Flower"},{"floor":12.0,"key":"Juzu Bracelet"},{"floor":26.0,"key":"Blood Vial"},{"floor":28.0,"key":"Dream Catcher"},{"floor":38,"key":"Old Coin"},{"floor":39,"key":"Turnip"}],"event_choices":[{"damage_healed":0.0,"max_hp_gain":0.0,"max_hp_loss":0.0,"gold_gain":0.0,"event_name":"The Woman in Blue","player_choice":"Bought 1 Potion","floor":2.0,"gold_loss":0.0,"damage_taken":0.0},{"cards_removed":["Parasite"],"damage_healed":0.0,"max_hp_gain":0.0,"max_hp_loss":0.0,"gold_gain":0.0,"event_name":"Living Wall","player_choice":"Forget","floor":10.0,"gold_loss":0.0,"damage_taken":0.0},{"damage_healed":0.0,"max_hp_gain":0.0,"max_hp_loss":0.0,"gold_gain":0.0,"event_name":"Back to Basics","player_choice":"Simplicity","floor":24.0,"gold_loss":0.0,"damage_taken":0.0,"cards_upgraded":["Strike_R","Strike_R","Strike_R","Strike_R","Defend_R","Defend_R","Defend_R","Defend_R"]},{"damage_healed":0.0,"max_hp_gain":0.0,"max_hp_loss":0.0,"gold_gain":0.0,"event_name":"Addict","player_choice":"Obtained Relic","floor":27.0,"gold_loss":85.0,"damage_taken":0.0,"relics_obtained":["Nunchaku"]},{"damage_healed":0,"gold_gain":0,"player_choice":"Fight","damage_taken":0,"max_hp_gain":0,"max_hp_loss":0,"event_name":"MindBloom","floor":38,"gold_loss":0},{"damage_healed":0,"gold_gain":0,"player_choice":"Fight","damage_taken":0,"max_hp_gain":0,"max_hp_loss":0,"event_name":"Mysterious Sphere","floor":39,"gold_loss":0}],"is_beta":false,"boss_relics":[{"not_picked":["Sozu","Coffee Dripper"],"picked":"Cursed Key"},{"not_picked":["SacredBark","Empty Cage"],"picked":"Mark of Pain"}],"items_purged_floors":[11],"is_endless":false,"potions_floor_spawned":[1,4,7,12,19,21,31,33,35,37,38,39],"killed_by":"Nemesis","ascension_level":20}}