{"host":"xmrw7jl1ir2912vf","time":1611668839,"event":{"mods":["BaseMod","Minty Spire (QoL Compilation)","Relic Stats"],"gold_per_floor":[119,132,147,72,142,175,189,218,218,236,250,250,250,277,277,350,350,367,367,367,381,115,143,143,177,177,208,208,225,61,77,77,156,156,170,185,201,201,201,201,201,51,51,85,96,165,64,74,74,74,74,74,74,104,104,104],"floor_reached":55,"language":"ENG","playtime":3716,"items_purged":["Strike_R","Defend_R","Strike_R","Clash"],"score":1560,"play_id":"8e789c8b-921a-4300-b5f7-e2f478b935bd","local_time":"20210126084719","is_ascension_mode":true,"campfire_choices":[{"data":"Uppercut","floor":12.0,"key":"SMITH"},{"data":"Cleave","floor":13.0,"key":"SMITH"},{"data":"Immolate","floor":15.0,"key":"SMITH"},{"data":"True Grit","floor":24.0,"key":"SMITH"},{"data":"Ghostly","floor":28.0,"key":"SMITH"},{"data":"Ghostly","floor":32,"key":"SMITH"},{"data":"Ghostly","floor":40,"key":"SMITH"},{"floor":49,"key":"RECALL"},{"data":"Feel No Pain","floor":52,"key":"SMITH"}],"circlet_count":0,"master_deck":["AscendersBane","Strike_R","Strike_R","Defend_R","Defend_R","Bash","Pommel Strike","Uppercut+1","Dropkick","Cleave+1","Immolate+1","Offering","Shrug It Off","Ghostly+1","Ghostly+1","Ghostly+1","Battle Trance","Seeing Red","True Grit+1","Feel No Pain+1","Shockwave","Fiend Fire","Feel No Pain+1","Pommel Strike+1","Purity"],"relics":["Sozu","PreservedInsect","Sundial","WingedGreaves","Lizard Tail","Empty Cage","Medical Kit","Tiny Chest","Oddly Smooth Stone","Lantern","MealTicket","Runic Pyramid","Gambling Chip","StrikeDummy","Potion Belt","Ornamental Fan","Centennial Puzzle"],"acts_visited":["Exordium","TheCity","TheBeyond","TheEnding"],"potions_floor_usage":[],"damage_taken":[{"damage":6.0,"enemies":"2 Louse","floor":1.0,"turns":3.0},{"damage":0.0,"enemies":"Small Slimes","floor":2.0,"turns":3.0},{"damage":4.0,"enemies":"Jaw Worm","floor":3.0,"turns":2.0},{"damage":15.0,"enemies":"Lagavulin","floor":6.0,"turns":6.0},{"damage":9.0,"enemies":"Red Slaver","floor":7.0,"turns":3.0},{"damage":0.0,"enemies":"Gremlin Nob","floor":8.0,"turns":2.0},{"damage":0.0,"enemies":"2 Fungi Beasts","floor":10.0,"turns":2.0},{"damage":1.0,"enemies":"Looter","floor":11.0,"turns":2.0},{"damage":10.0,"enemies":"Lagavulin","floor":14.0,"turns":3.0},{"damage":7.0,"enemies":"Slime Boss","floor":16.0,"turns":5.0},{"damage":25.0,"enemies":"Shell Parasite","floor":18.0,"turns":3.0},{"damage":6.0,"enemies":"Chosen","floor":21.0,"turns":3.0},{"damage":10.0,"enemies":"Book of Stabbing","floor":23.0,"turns":4.0},{"damage":3.0,"enemies":"Slavers","floor":25.0,"turns":3.0},{"damage":1.0,"enemies":"Gremlin Leader","floor":27.0,"turns":3.0},{"damage":1,"enemies":"Snake Plant","floor":29,"turns":4},{"damage":8,"enemies":"Snecko","floor":31,"turns":3},{"damage":20,"enemies":"Champ","floor":33,"turns":16},{"damage":0,"enemies":"Orb Walker","floor":35,"turns":3},{"damage":3,"enemies":"3 Darklings","floor":36,"turns":3},{"damage":6,"enemies":"Transient","floor":37,"turns":5},{"damage":2,"enemies":"Nemesis","floor":44,"turns":5},{"damage":14,"enemies":"Jaw Worm Horde","floor":45,"turns":3},{"damage":1,"enemies":"Maw","floor":48,"turns":5},{"damage":17,"enemies":"Awakened One","floor":50,"turns":7},{"damage":51,"enemies":"Shield and Spear","floor":54,"turns":6},{"damage":10,"enemies":"The Heart","floor":55,"turns":6}],"seed_played":"-7350599264613757903","potions_obtained":[],"is_trial":false,"path_per_floor":["M","M","M","$","?","E","M","E","T","M","M","R","R","E","R","B",null,"M","?","?","M","$","E","R","E","T","E","R","M","$","M","R","B",null,"M","M","M","T","?","R","T","$","T","E","M","T","$","M","R","B",null,"R","$","E","B"],"character_chosen":"IRONCLAD","items_purchased":["Medical Kit","Feel No Pain","Purity"],"campfire_rested":0,"item_purchase_floors":[22,30,47],"current_hp_per_floor":[62,62,58,58,58,43,34,34,34,34,33,33,33,23,23,16,60,35,35,35,29,29,19,19,16,16,15,15,14,29,21,21,1,28,28,25,19,19,19,19,19,34,34,32,18,18,33,32,32,15,32,32,37,9,0,0],"gold":104,"neow_bonus":"BOSS_RELIC","is_daily":false,"chose_seed":false,"campfire_upgraded":8,"win_rate":0.0,"timestamp":1611668839,"path_taken":["M","M","M","$","?","E","M","E","T","M","M","R","R","E","R","BOSS","M","?","?","M","$","E","R","E","T","E","R","?","$","M","R","BOSS","M","M","M","?","?","R","?","$","T","E","?","?","?","M","R","BOSS","R","$","E","BOSS"],"items_purchased_type":["Relic","Card","Card"],"build_version":"2020-12-22","purchased_purges":4,"victory":false,"max_hp_per_floor":[75,75,75,75,75,75,75,75,75,75,75,75,75,75,75,75,75,75,37,37,37,37,37,37,37,37,37,37,37,37,37,37,37,37,37,37,37,37,37,37,37,37,37,37,37,37,37,37,37,37,37,37,37,37,37,37],"relic_stats":{"Sozu":13,"Lizard Tail":18,"Centennial Puzzle":[3],"counters":[27,113],"Sundial":[142],"Ornamental Fan":[120],"Gambling Chip":[11],"Tiny Chest":1,"MealTicket":50,"PreservedInsect":309,"Medical Kit":[18],"obtain_stats":[{"Potion Belt":44,"Lantern":26,"Oddly Smooth Stone":25,"PreservedInsect":6,"Empty Cage":17,"Medical Kit":22,"Burning Blood":0,"Sozu":0,"Lizard Tail":14,"Centennial Puzzle":54,"Sundial":8,"Ornamental Fan":46,"Gambling Chip":38,"Tiny Chest":23,"MealTicket":27,"WingedGreaves":9,"StrikeDummy":41,"Runic Pyramid":34},{"Potion Belt":22,"Lantern":14,"Oddly Smooth Stone":14,"PreservedInsect":4,"Empty Cage":10,"Medical Kit":12,"Burning Blood":0,"Sozu":0,"Lizard Tail":9,"Centennial Puzzle":26,"Sundial":6,"Ornamental Fan":23,"Gambling Chip":21,"Tiny Chest":13,"MealTicket":15,"WingedGreaves":6,"StrikeDummy":21,"Runic Pyramid":18},{"Potion Belt":86,"Lantern":44,"Oddly Smooth Stone":44,"PreservedInsect":14,"Empty Cage":31,"Medical Kit":37,"Burning Blood":0,"Sozu":0,"Lizard Tail":26,"Centennial Puzzle":107,"Sundial":19,"Ornamental Fan":89,"Gambling Chip":81,"Tiny Chest":41,"MealTicket":47,"WingedGreaves":19,"StrikeDummy":81,"Runic Pyramid":70}]},"card_choices":[{"not_picked":["Second Wind","True Grit"],"picked":"Pommel Strike","floor":1.0},{"not_picked":["True Grit","Clash"],"picked":"Uppercut","floor":2.0},{"not_picked":["Thunderclap","True Grit","Havoc"],"picked":"SKIP","floor":3.0},{"not_picked":["Metallicize","Reckless Charge"],"picked":"Dropkick","floor":6.0},{"not_picked":["Thunderclap","Sentinel"],"picked":"Clash","floor":7.0},{"not_picked":["Headbutt","Anger","Body Slam"],"picked":"SKIP","floor":8.0},{"not_picked":["Body Slam","Clothesline"],"picked":"Cleave","floor":10.0},{"not_picked":["Bloodletting","Headbutt","Cleave"],"picked":"SKIP","floor":11.0},{"not_picked":["Body Slam","Clothesline"],"picked":"Immolate","floor":14.0},{"not_picked":["Reaper","Exhume"],"picked":"Offering","floor":16.0},{"not_picked":["Cleave","Body Slam"],"picked":"Shrug It Off","floor":18.0},{"not_picked":["Headbutt","Searing Blow"],"picked":"Seeing Red","floor":21.0},{"not_picked":["Anger","Infernal Blade"],"picked":"True Grit","floor":23.0},{"not_picked":["Second Wind","Havoc","Shrug It Off"],"picked":"SKIP","floor":25.0},{"not_picked":["Clothesline","Ghostly Armor","Rupture"],"picked":"SKIP","floor":27.0},{"not_picked":["Wild Strike","Bloodletting","Armaments"],"picked":"SKIP","floor":29},{"not_picked":["Clothesline","Heavy Blade"],"picked":"Shockwave","floor":31},{"not_picked":["Brutality","Limit Break"],"picked":"Fiend Fire","floor":33},{"not_picked":["Armaments","Headbutt","Rupture+1"],"picked":"SKIP","floor":35},{"not_picked":["Havoc+1","Dropkick"],"picked":"Feel No Pain+1","floor":36},{"not_picked":["Flex+1","Havoc+1"],"picked":"Pommel Strike+1","floor":37},{"not_picked":["Ghostly Armor","Shrug It Off","Clash"],"picked":"SKIP","floor":44},{"not_picked":["Flame Barrier","Perfected Strike","Anger+1"],"picked":"SKIP","floor":45},{"not_picked":["Cleave","Pommel Strike","Uppercut"],"picked":"SKIP","floor":48},{"not_picked":["Demon Form","Clash","Anger"],"picked":"SKIP","floor":54}],"player_experience":498109,"relics_obtained":[{"floor":6.0,"key":"PreservedInsect"},{"floor":8.0,"key":"Sundial"},{"floor":9.0,"key":"WingedGreaves"},{"floor":14.0,"key":"Lizard Tail"},{"floor":23.0,"key":"Tiny Chest"},{"floor":25.0,"key":"Oddly Smooth Stone"},{"floor":26.0,"key":"Lantern"},{"floor":27.0,"key":"MealTicket"},{"floor":38,"key":"Gambling Chip"},{"floor":41,"key":"StrikeDummy"},{"floor":44,"key":"Potion Belt"},{"floor":46,"key":"Ornamental Fan"},{"floor":54,"key":"Centennial Puzzle"}],"event_choices":[{"damage_healed":0.0,"max_hp_gain":0.0,"max_hp_loss":0.0,"gold_gain":70.0,"event_name":"Golden Wing","player_choice":"Gained Gold","floor":5.0,"gold_loss":0.0,"damage_taken":0.0},{"damage_healed":0.0,"max_hp_gain":0.0,"max_hp_loss":38.0,"gold_gain":0.0,"event_name":"Ghosts","player_choice":"Became a Ghost","floor":19.0,"gold_loss":0.0,"damage_taken":0.0,"cards_obtained":["Ghostly","Ghostly","Ghostly"]},{"damage_healed":0.0,"max_hp_gain":0.0,"max_hp_loss":0.0,"gold_gain":0.0,"event_name":"Match and Keep!","player_choice":"1 cards matched","floor":20.0,"gold_loss":0.0,"damage_taken":0.0,"cards_obtained":["Battle Trance"]},{"damage_healed":0.0,"max_hp_gain":0.0,"max_hp_loss":0.0,"gold_gain":0.0,"event_name":"Match and Keep!","player_choice":"1 cards matched","floor":20.0,"gold_loss":0.0,"damage_taken":0.0,"cards_obtained":["Battle Trance"]},{"damage_healed":0,"gold_gain":0,"player_choice":"Ignored","damage_taken":0,"max_hp_gain":0,"max_hp_loss":0,"event_name":"Tomb of Lord Red Mask","floor":39,"gold_loss":0}],"is_beta":false,"boss_relics":[{"not_picked":["SlaversCollar","Runic Dome"],"picked":"Empty Cage"},{"not_picked":["Calling Bell","SacredBark"],"picked":"Runic Pyramid"}],"items_purged_floors":[4,22,30,42],"is_endless":false,"potions_floor_spawned":[1,6,7,11,14,16,18,23,27,31,35,45,48,54],"killed_by":"The Heart","ascension_level":19}}