{"host":"44ptf306keujqm0c","time":1611659096,"event":{"mods":["Aspiration","BaseMod","Marisa（F雨　魔理沙）","Minty Spire (QoL Compilation)","StSLib","The Servant 0.9.4","WarShipGirlsR/战舰少女R mod"],"gold_per_floor":[115,129,129,155,174,218,143,167,240,267,311,348,374,399,399,482,482,502,502,157,175,187,203,203,226,277,286,307,307,37,66,66,146,146,164,39,66,97,112,112,148,148,228,241,281,298,314,328,328,402,402,402],"floor_reached":51,"language":"ZHS","playtime":4631,"items_purged":["rmod:defend","rmod:defend","rmod:strick"],"score":2291,"play_id":"f6be9603-c562-45ca-9429-153d3cd2f049","local_time":"20210126190456","daily_mods":["Diverse","DeadlyEvents"],"is_ascension_mode":true,"campfire_choices":[{"floor":15.0,"key":"REST"},{"data":"MysteriousBeam","floor":24.0,"key":"SMITH"},{"data":"MysteriousBeam","floor":29.0,"key":"SMITH"},{"data":"rmod:basicallowance","floor":32.0,"key":"SMITH"},{"data":"DevaForm","floor":40.0,"key":"SMITH"},{"data":"DoubleEdge","floor":42.0,"key":"SMITH"},{"floor":49,"key":"REST"}],"circlet_count":0,"master_deck":["AscendersBane","rmod:defend","rmod:defend","rmod:basicallowance+1","rmod:maingunfire","FastForward","DoubleEdge+1","ThirdEye+1","Havoc+1","rmod:unsinkable+1","Reset+1","MysteriousBeam+1","MysteriousBeam+1","Melter","GalacticHalo+1","Malaise+1","Perseverance+1","Finesse+1","rmod:guardianhero+1","Blasphemy+1","rmod:maintain+1","DevaForm+1","Bane","Endless Agony","Riddle With Holes","Bloodletting+1","rmod:sl+1"],"relics":["rmod:firstchargereward","Toxic Egg 2","CeramicFish","FossilizedHelix","InkBottle","Lantern","Ancient Tea Set","SlaversCollar","aspiration:Lifesprig","MealTicket","aspiration:KaomsHeart"],"acts_visited":["Exordium","TheCity","TheBeyond","Exordium"],"potions_floor_usage":[47,50,50],"damage_taken":[{"damage":0.0,"enemies":"Jaw Worm","floor":1.0,"turns":4.0},{"damage":0.0,"enemies":"Cultist","floor":2.0,"turns":3.0},{"damage":0.0,"enemies":"Small Slimes","floor":5.0,"turns":2.0},{"damage":21.0,"enemies":"Lagavulin","floor":6.0,"turns":5.0},{"damage":0.0,"enemies":"Exordium Wildlife","floor":8.0,"turns":4.0},{"damage":0.0,"enemies":"Large Slime","floor":10.0,"turns":6.0},{"damage":11.0,"enemies":"3 Sentries","floor":11.0,"turns":9.0},{"damage":0.0,"enemies":"Lagavulin","floor":12.0,"turns":5.0},{"damage":0.0,"enemies":"2 Fungi Beasts","floor":13.0,"turns":1.0},{"damage":0.0,"enemies":"3 Louse","floor":14.0,"turns":2.0},{"damage":29.0,"enemies":"Hexaghost","floor":16.0,"turns":8.0},{"damage":0.0,"enemies":"2 Thieves","floor":18.0,"turns":2.0},{"damage":0.0,"enemies":"Shell Parasite","floor":21.0,"turns":4.0},{"damage":0.0,"enemies":"Centurion and Healer","floor":22.0,"turns":4.0},{"damage":0.0,"enemies":"3 Cultists","floor":23.0,"turns":6.0},{"damage":0.0,"enemies":"Snecko","floor":25.0,"turns":8.0},{"damage":0.0,"enemies":"Centurion and Healer","floor":28.0,"turns":3.0},{"damage":4.0,"enemies":"Book of Stabbing","floor":31.0,"turns":5.0},{"damage":0.0,"enemies":"Champ","floor":33.0,"turns":8.0},{"damage":0.0,"enemies":"Orb Walker","floor":35.0,"turns":1.0},{"damage":0.0,"enemies":"Giant Head","floor":38.0,"turns":4.0},{"damage":22.0,"enemies":"3 Darklings","floor":39.0,"turns":4.0},{"damage":0.0,"enemies":"Nemesis","floor":41.0,"turns":5.0},{"damage":14.0,"enemies":"Jaw Worm Horde","floor":44.0,"turns":4.0},{"damage":6.0,"enemies":"Giant Head","floor":45.0,"turns":6.0},{"damage":0.0,"enemies":"Sphere and 2 Shapes","floor":46.0,"turns":2.0},{"damage":6,"enemies":"Writhing Mass","floor":47,"turns":5},{"damage":7,"enemies":"Transient","floor":48,"turns":6},{"damage":9,"enemies":"Time Eater","floor":50,"turns":5}],"seed_played":"5162133697259498407","potions_obtained":[{"floor":5.0,"key":"Fire Potion"},{"floor":6.0,"key":"BlessingOfTheForge"},{"floor":11.0,"key":"PowerPotion"},{"floor":13.0,"key":"Weak Potion"},{"floor":18.0,"key":"Ancient Potion"},{"floor":21.0,"key":"Fruit Juice"},{"floor":22.0,"key":"AttackPotion"},{"floor":28.0,"key":"SkillPotion"},{"floor":33.0,"key":"Energy Potion"},{"floor":45.0,"key":"PowerPotion"},{"floor":47,"key":"DuplicationPotion"}],"is_trial":true,"path_per_floor":["M","M","?","T","M","E","$","M","T","M","E","E","M","M","R","B",null,"M","?","$","M","M","M","R","M","T","?","M","R","$","E","R","B",null,"M","$","?","E","M","R","E","R","T","M","E","M","M","M","R","B",null],"character_chosen":"PRAEFECT","items_purchased":["aspiration:Lifesprig","Finesse+1","aspiration:KaomsHeart","aspiration:KMNothing","aspiration:KMNothing","aspiration:KMNothing"],"campfire_rested":2,"item_purchase_floors":[20,20,30,36,36,36],"current_hp_per_floor":[63,63,63,63,63,42,42,42,42,42,31,31,31,31,52,23,58,58,58,58,63,63,63,63,63,63,63,63,63,175,171,171,171,174,174,175,175,175,153,153,153,153,153,139,133,133,127,120,172,163,172,172],"gold":402,"neow_bonus":"","is_daily":false,"chose_seed":false,"campfire_upgraded":5,"win_rate":0.0,"timestamp":1611659096,"path_taken":["M","M","?","?","?","E","?","M","T","M","?","E","M","M","R","BOSS","M","?","$","M","M","M","R","M","T","?","M","R","?","?","R","BOSS","M","$","?","?","?","R","E","R","T","M","?","?","M","M","R","BOSS"],"items_purchased_type":["Relic","Card","Relic","Relic","Relic","Relic"],"build_version":"2020-12-22","purchased_purges":3,"victory":false,"max_hp_per_floor":[70,70,70,70,70,70,70,70,70,70,70,70,70,70,70,70,70,70,70,70,75,75,75,75,75,75,75,75,75,175,175,175,175,175,175,175,175,175,175,175,175,175,175,175,175,175,175,175,175,175,175,175],"card_choices":[{"not_picked":["Turbo","Potential"],"picked":"FastForward","floor":1.0},{"not_picked":["BottledTime","Clothesline"],"picked":"DoubleEdge","floor":2.0},{"not_picked":["Brilliance","ThirdEye+1","Capacitor"],"picked":"SKIP","floor":5.0},{"not_picked":["Brilliance","Capacitor"],"picked":"ThirdEye+1","floor":5.0},{"not_picked":["KillingDoll","Prostrate+1"],"picked":"Havoc+1","floor":6.0},{"not_picked":["Intimidate+1","WitchOfGreed"],"picked":"rmod:unsinkable+1","floor":8.0},{"not_picked":["Prostrate+1","Twin Strike"],"picked":"Reset+1","floor":10.0},{"not_picked":["Iron Wave","After Image"],"picked":"MysteriousBeam","floor":11.0},{"not_picked":["SashWhip","Reflex+1"],"picked":"MysteriousBeam","floor":12.0},{"not_picked":["Darkness+1","StarBarrage"],"picked":"Melter","floor":13.0},{"not_picked":["GrandCross","Catalyst+1"],"picked":"GalacticHalo+1","floor":14.0},{"not_picked":["Meteor Strike","TreasureHunter"],"picked":"Malaise+1","floor":16.0},{"not_picked":["Terror+1","Cloak And Dagger+1"],"picked":"Perseverance+1","floor":18.0},{"not_picked":["JustLucky","rmod:victimresponsibility+1","TalkToTheHand"],"picked":"SKIP","floor":21.0},{"not_picked":["Reflex+1","Ricochet","EmptyBody+1"],"picked":"SKIP","floor":22.0},{"not_picked":["DC","FlurryOfBlows","Body Slam"],"picked":"SKIP","floor":23.0},{"not_picked":["Blade Dance+1","6A"],"picked":"rmod:guardianhero+1","floor":25.0},{"not_picked":[],"picked":"Blasphemy","floor":27.0},{"not_picked":["Chill+1","Wild Strike"],"picked":"rmod:maintain+1","floor":28.0},{"not_picked":["Anger","Wild Strike","BestPractice"],"picked":"SKIP","floor":31.0},{"not_picked":["LightFlow","Vault+1"],"picked":"DevaForm","floor":33.0},{"not_picked":["Recycle+1","Force Field+1","Heel Hook"],"picked":"SKIP","floor":35.0},{"not_picked":["rmod:fletcherpendant","Eviscerate","CrushJoints"],"picked":"SKIP","floor":38.0},{"not_picked":["rmod:circuitoustactics+1","White Noise+1","Thunderclap"],"picked":"SKIP","floor":39.0},{"not_picked":["InstantArmor+1","JustLucky+1"],"picked":"Bloodletting+1","floor":41.0},{"not_picked":["Gash","Rearm+1","Well Laid Plans"],"picked":"SKIP","floor":44.0},{"not_picked":["Poisoned Stab+1","Consecrate+1"],"picked":"rmod:sl+1","floor":45.0},{"not_picked":["Bouncing Flask+1","DoubleEdge","FinalSpark"],"picked":"SKIP","floor":46.0},{"not_picked":["rmod:circuitoustactics+1","Twin Strike+1","FTL"],"picked":"SKIP","floor":47},{"not_picked":["Heatsinks","FanOfKnives+1","Quick Slash"],"picked":"SKIP","floor":48}],"player_experience":26846,"relics_obtained":[{"floor":4.0,"key":"CeramicFish"},{"floor":6.0,"key":"FossilizedHelix"},{"floor":9.0,"key":"InkBottle"},{"floor":11.0,"key":"Lantern"},{"floor":12.0,"key":"Ancient Tea Set"},{"floor":26.0,"key":"MealTicket"},{"floor":31.0,"key":"aspiration:KMNothing"},{"floor":38.0,"key":"aspiration:KMNothing"},{"floor":41.0,"key":"aspiration:KMNothing"},{"floor":43.0,"key":"aspiration:KMNothing"},{"floor":45.0,"key":"aspiration:KMNothing"}],"event_choices":[{"cards_removed":["Injury"],"damage_healed":0.0,"max_hp_gain":0.0,"max_hp_loss":0.0,"gold_gain":0.0,"event_name":"Back to Basics","player_choice":"Elegance","floor":19.0,"gold_loss":0.0,"damage_taken":0.0}],"is_beta":false,"boss_relics":[{"not_picked":["SacredBark","Coffee Dripper"],"picked":"SlaversCollar"},{"not_picked":["aspiration:KMNothing","aspiration:KMNothing"],"picked":"aspiration:KMNothing"},{"not_picked":["aspiration:KMNothing","aspiration:KMNothing"],"picked":"aspiration:KMNothing"}],"items_purged_floors":[7,20,36],"is_endless":true,"potions_floor_spawned":[5,6,11,13,16,18,21,22,28,33,41,45,46,47,48],"ascension_level":20}}