{"host":"5v9rfzf5qju8k9wy","time":1611655132,"event":{"mods":["Act Like it!","BaseMod","Downfall","Gensokyo","Hermit","Koishi","Marisa£®ÏF”Í°°ƒß¿Ì…≥£©","Minty Spire (QoL Compilation)","StSLib","The Cursed"],"gold_per_floor":[99,99,118,132,162,162,162,175,175,190,220,237,237,237,257,357,357,357,370,370,390,390,404,404,404,424,434,448,448,464,55,73,168,168,168,188,233,250,250,285,333,349,54,121,131,148,48,59,73,73,73,73],"floor_reached":50,"language":"ZHS","playtime":3610,"items_purged":["Slimebound:Defend_Slimebound","Slimebound:Defend_Slimebound","Slimebound:Defend_Slimebound"],"score":607,"play_id":"bfbe092d-8314-4825-b248-7e794f7f234a","local_time":"20210126175852","is_ascension_mode":false,"campfire_choices":[{"data":"Slimebound:Split","floor":1.0,"key":"SMITH"},{"data":"Slimebound:GoopSpray","floor":9.0,"key":"SMITH"},{"data":"Slimebound:Prepare","floor":13.0,"key":"SMITH"},{"data":"Slimebound:MassRepurpose","floor":18.0,"key":"SMITH"},{"data":"Slimebound:Gluttony","floor":29.0,"key":"SMITH"},{"floor":35.0,"key":"RECALL"},{"floor":47,"key":"REST"}],"circlet_count":0,"master_deck":["Slimebound:Tackle","Slimebound:Defend_Slimebound","Slimebound:Split+1","Slimebound:CorrosiveSpit","Slimebound:SplitLeeching","Slimebound:GoopSpray+1","Iron Wave","Slimebound:ForwardTackle","Slimebound:ViciousTackle","Slimebound:Prepare+1","Slimebound:SlimeSpikes","Slimebound:MassRepurpose+1","Slimebound:HauntingLick+1","Slimebound:Nibble","Slimebound:SplitBruiser","Slimebound:Gluttony+1","Bite","Bite","Bite","Bite","Bite","Slimebound:ComboTackle+1","Slimebound:SplitLeeching+1","Slimebound:LevelUp","Slimebound:Prepare+1","expansioncontent:StudyTheSpire","Slimebound:Nibble+1","Slimebound:OozeBath","Slimebound:SamplingLick+1","Slimebound:Prepare","Slimebound:FinishingTackle+1","Slimebound:SplitBruiser+1","Slimebound:SplitMire+1","expansioncontent:DashGenerateEvil","Slimebound:MassRepurpose","Slimebound:AcidTongue","Slimebound:RejuvenatingLick+1"],"relics":["Slimebound:AbsorbEndCombat","FossilizedHelix","Calipers","Sozu","Anchor","Medical Kit","Fusion Hammer","CaptainsWheel","Ornamental Fan","Orichalcum","Vajra","downfall:HeartBlessingRed"],"acts_visited":["Exordium","TheCity","TheBeyond"],"potions_floor_usage":[],"damage_taken":[{"damage":3.0,"enemies":"Small Slimes","floor":3.0,"turns":3.0},{"damage":2.0,"enemies":"Jaw Worm","floor":4.0,"turns":4.0},{"damage":0.0,"enemies":"2 Louse","floor":8.0,"turns":3.0},{"damage":0.0,"enemies":"Red Slaver","floor":10.0,"turns":3.0},{"damage":8.0,"enemies":"3 Sentries","floor":11.0,"turns":7.0},{"damage":0.0,"enemies":"2 Fungi Beasts","floor":12.0,"turns":3.0},{"damage":0.0,"enemies":"Large Slime","floor":15.0,"turns":4.0},{"damage":0.0,"enemies":"IC_STATUS_ARCHETYPE","floor":16.0,"turns":8.0},{"damage":0.0,"enemies":"Spheric Guardian","floor":19.0,"turns":4.0},{"damage":5.0,"enemies":"3 Byrds","floor":21.0,"turns":4.0},{"damage":0.0,"enemies":"Cultist and Chosen","floor":23.0,"turns":3.0},{"damage":21.0,"enemies":"Sentry and Sphere","floor":26.0,"turns":6.0},{"damage":3.0,"enemies":"Snake Plant","floor":27.0,"turns":4.0},{"damage":13.0,"enemies":"3 Cultists","floor":28.0,"turns":5.0},{"damage":6.0,"enemies":"Shelled Parasite and Fungi","floor":30.0,"turns":4.0},{"damage":0.0,"enemies":"downfall:FleeingMerchant","floor":31.0,"turns":4.0},{"damage":0.0,"enemies":"Snake Plant","floor":32.0,"turns":3.0},{"damage":25.0,"enemies":"DF_ARCHETYPE_CLAW","floor":33.0,"turns":8.0},{"damage":0.0,"enemies":"3 Shapes","floor":36.0,"turns":4.0},{"damage":24.0,"enemies":"2 Orb Walkers","floor":37.0,"turns":4.0},{"damage":0.0,"enemies":"3 Darklings","floor":38.0,"turns":4.0},{"damage":17.0,"enemies":"Reptomancer","floor":40.0,"turns":6.0},{"damage":5.0,"enemies":"4 Shapes","floor":42.0,"turns":3.0},{"damage":8.0,"enemies":"downfall:FleeingMerchant","floor":43.0,"turns":4.0},{"damage":0.0,"enemies":"downfall:FleeingMerchant","floor":44.0,"turns":1.0},{"damage":0.0,"enemies":"Transient","floor":45.0,"turns":5.0},{"damage":5,"enemies":"Sphere and 2 Shapes","floor":46,"turns":5},{"damage":24,"enemies":"3 Darklings","floor":48,"turns":5},{"damage":0,"enemies":"Writhing Mass","floor":49,"turns":4},{"damage":120,"enemies":"WA_ARCHETYPE_DIVINITY","floor":50,"turns":7}],"seed_played":"5773461816904562038","potions_obtained":[{"floor":3.0,"key":"EssenceOfSteel"},{"floor":4.0,"key":"SteroidPotion"},{"floor":11.0,"key":"SpeedPotion"},{"floor":15.0,"key":"ColorlessPotion"}],"is_trial":false,"path_per_floor":["R","?","M","M","?","?","T","M","R","M","E","M","R","?","M","B",null,"R","M","?","M","?","M","T","?","M","M","M","R","M","$","M","B",null,"R","M","?","M","T","E","T","M","$","$","M","M","R","M","M","B"],"character_chosen":"SLIMEBOUND","items_purchased":["Medical Kit","expansioncontent:StudyTheSpire","expansioncontent:DashGenerateEvil","Slimebound:MassRepurpose"],"campfire_rested":1,"item_purchase_floors":[31,31,43,44],"current_hp_per_floor":[71,71,68,70,70,70,70,71,71,71,69,71,71,71,71,71,71,71,71,71,70,70,71,71,71,58,69,64,64,67,71,71,56,71,71,71,51,65,65,62,62,61,69,69,71,71,71,55,65,0,0,0],"gold":73,"neow_bonus":"TEN_PERCENT_HP_BONUS","is_daily":false,"chose_seed":false,"campfire_upgraded":5,"win_rate":0.0,"timestamp":1611655132,"path_taken":["R","?","M","M","?","?","T","M","R","M","E","?","R","?","M","BOSS","R","M","?","?","?","M","T","?","M","M","M","R","M","$","M","BOSS","R","M","?","M","?","E","T","M","?","$","M","M","R","?","M","BOSS"],"items_purchased_type":["Relic","Card","Card","Card"],"build_version":"2020-12-22","purchased_purges":3,"victory":false,"max_hp_per_floor":[71,71,71,71,71,71,71,71,71,71,71,71,71,71,71,71,71,71,71,71,71,71,71,71,71,71,71,71,71,71,71,71,71,71,71,71,71,71,71,71,71,71,71,71,71,71,71,71,71,71,71,71],"card_choices":[{"not_picked":["Slimebound:SlimeBarrage","Slimebound:Replication"],"picked":"Slimebound:SplitLeeching","floor":3.0},{"not_picked":["Slimebound:GoopTackle","Slimebound:RainOfGoop"],"picked":"Slimebound:GoopSpray","floor":4.0},{"not_picked":["Slimebound:DisruptingSlam","Slimebound:SplitLeeching"],"picked":"Slimebound:ForwardTackle","floor":8.0},{"not_picked":["Slimebound:LeechEnergy","Slimebound:SplitAcid"],"picked":"Slimebound:ViciousTackle","floor":10.0},{"not_picked":["Slimebound:HauntingLick","Slimebound:LeechEnergy"],"picked":"Slimebound:Prepare","floor":11.0},{"not_picked":["Slimebound:Prepare","Slimebound:HauntingLick","Slimebound:GoopTackle"],"picked":"SKIP","floor":12.0},{"not_picked":["Slimebound:LeadByExample","Slimebound:RollThrough"],"picked":"Slimebound:SlimeSpikes","floor":15.0},{"not_picked":["Slimebound:PrepareCrush","Slimebound:OozeBath"],"picked":"Slimebound:MassRepurpose","floor":16.0},{"not_picked":["Slimebound:Nibble","Slimebound:GoopSpray"],"picked":"Slimebound:HauntingLick+1","floor":19.0},{"not_picked":["Slimebound:SlimeTap","Slimebound:RainOfGoop+1"],"picked":"Slimebound:Nibble","floor":21.0},{"not_picked":["Slimebound:ProtectTheBoss","Slimebound:Schlurp+1"],"picked":"Slimebound:Gluttony","floor":23.0},{"not_picked":["Slimebound:DisruptingSlam","Slimebound:LeechingTouch"],"picked":"Slimebound:ComboTackle+1","floor":26.0},{"not_picked":["Slimebound:Schlurp","Slimebound:Equalize","Slimebound:LivingWall"],"picked":"SKIP","floor":27.0},{"not_picked":["Slimebound:LivingWall","Slimebound:MegaLick"],"picked":"Slimebound:SplitLeeching+1","floor":28.0},{"not_picked":["Slimebound:PressTheAttack","Slimebound:AcidTongue+1"],"picked":"Slimebound:LevelUp","floor":30.0},{"not_picked":["Slimebound:FinishingTackle","Slimebound:RollThrough+1"],"picked":"Slimebound:Prepare+1","floor":31.0},{"not_picked":["Slimebound:PressTheAttack+1","Slimebound:BestDefense"],"picked":"Slimebound:Nibble+1","floor":32.0},{"not_picked":["Slimebound:Teamwork","Slimebound:Overexert"],"picked":"Slimebound:OozeBath","floor":33.0},{"not_picked":["Slimebound:SplitLeeching+1","Slimebound:FinishingTackle"],"picked":"Slimebound:SamplingLick+1","floor":36.0},{"not_picked":["Slimebound:SamplingLick","Slimebound:FlameTackle+1"],"picked":"Slimebound:Prepare","floor":37.0},{"not_picked":["Slimebound:SplitBruiser+1","Slimebound:LeechingTouch+1"],"picked":"Slimebound:FinishingTackle+1","floor":38.0},{"not_picked":["Slimebound:SplitLeeching+1","Slimebound:AcidTongue+1","Slimebound:Dissolve"],"picked":"SKIP","floor":40.0},{"not_picked":["Slimebound:DouseInSlime","Slimebound:DisruptingSlam"],"picked":"Slimebound:SplitBruiser+1","floor":42.0},{"not_picked":["Slimebound:LivingWall","Slimebound:Prepare"],"picked":"Slimebound:SplitMire+1","floor":43.0},{"not_picked":["Slimebound:HauntingLick","Slimebound:LevelUp","Slimebound:ComboTackle"],"picked":"SKIP","floor":44.0},{"not_picked":["Slimebound:LivingWall+1","Slimebound:GoopTackle","Slimebound:LeechingTouch"],"picked":"SKIP","floor":45.0},{"not_picked":["Slimebound:SplitBruiser","Slimebound:FormOfPuddle"],"picked":"Slimebound:AcidTongue","floor":46},{"not_picked":["Slimebound:ItLooksTasty+1","Slimebound:ViciousTackle"],"picked":"Slimebound:RejuvenatingLick+1","floor":48},{"not_picked":["Slimebound:SlimeSpikes","Slimebound:SplitMire","Slimebound:LeechingTouch"],"picked":"SKIP","floor":49}],"player_experience":107913,"relics_obtained":[{"floor":7.0,"key":"Blood Vial"},{"floor":11.0,"key":"Calipers"},{"floor":24.0,"key":"Anchor"},{"floor":37.0,"key":"CaptainsWheel"},{"floor":39.0,"key":"Ornamental Fan"},{"floor":40.0,"key":"Orichalcum"},{"floor":41.0,"key":"Vajra"}],"event_choices":[{"cards_removed":["Slimebound:Strike_Slimebound"],"damage_healed":0.0,"max_hp_gain":0.0,"max_hp_loss":0.0,"gold_gain":0.0,"event_name":"NoteForYourself","player_choice":"Took Card","floor":6.0,"gold_loss":0.0,"damage_taken":0.0,"cards_obtained":["Iron Wave"]},{"damage_healed":0.0,"max_hp_gain":0.0,"max_hp_loss":0.0,"gold_gain":0.0,"event_name":"Lab","player_choice":"Got Potions","floor":20.0,"gold_loss":0.0,"damage_taken":0.0},{"damage_healed":0.0,"max_hp_gain":0.0,"max_hp_loss":0.0,"gold_gain":0.0,"event_name":"The Library","player_choice":"Read","floor":22.0,"gold_loss":0.0,"damage_taken":0.0,"cards_obtained":["Slimebound:SplitBruiser"]},{"damage_healed":0.0,"max_hp_gain":0.0,"max_hp_loss":0.0,"gold_gain":0.0,"event_name":"Vampires","player_choice":"Became a vampire (Vial)","floor":25.0,"relics_lost":["Blood Vial"],"gold_loss":0.0,"damage_taken":0.0,"cards_obtained":["Bite","Bite","Bite","Bite","Bite"]},{"damage_healed":0.0,"max_hp_gain":0.0,"max_hp_loss":0.0,"gold_gain":0.0,"event_name":"Mysterious Sphere","player_choice":"Fight","floor":37.0,"gold_loss":0.0,"damage_taken":0.0}],"is_beta":false,"boss_relics":[{"not_picked":["Runic Pyramid","Empty Cage"],"picked":"Sozu"},{"not_picked":["Snecko Eye","Velvet Choker"],"picked":"Fusion Hammer"}],"items_purged_floors":[31,43,44],"is_endless":false,"potions_floor_spawned":[3,4,11,15,21,27,30,32,33,40,42,45,49],"killed_by":"WA_ARCHETYPE_DIVINITY","ascension_level":0}}