{"host":"syozzdlzcqop4jia","time":1611695442,"event":{"mods":["BaseMod","Colored Map","Colored Powertips","Minty Spire (QoL Compilation)","Quick Restart"],"gold_per_floor":[109,123,136,152,164,196,196,208,235,235,246,281,281,300,300,400,400,420,420,406,331,57,57,57,75,75,92,92,70,70,80,80,181,231,248,267,287,287,337,337,363,363,363,22,32,32,51,66,66,66,66],"floor_reached":50,"language":"ENG","playtime":4606,"items_purged":["Strike_R"],"score":614,"play_id":"f6a560be-cd26-467e-97ac-5e19829703f0","local_time":"20210126221042","is_ascension_mode":true,"campfire_choices":[{"data":"Carnage","floor":7,"key":"SMITH"},{"data":"Perfected Strike","floor":10,"key":"SMITH"},{"data":"Shrug It Off","floor":15,"key":"SMITH"},{"data":"Heavy Blade","floor":23,"key":"SMITH"},{"floor":28,"key":"DIG"},{"data":"Flex","floor":30,"key":"SMITH"},{"data":"Inflame","floor":32,"key":"SMITH"},{"data":"Wild Strike","floor":40,"key":"SMITH"},{"floor":49,"key":"REST"}],"circlet_count":0,"master_deck":["Strike_R","Strike_R","Strike_R","Strike_R","Defend_R","Defend_R","Defend_R","Defend_R+1","Feed","Perfected Strike+1","Heavy Blade+1","Cleave","Flex+1","Carnage+1","Warcry","Impervious","Shrug It Off+1","Reaper","CurseOfTheBell","Inflame+1","Ghostly Armor","Headbutt","Cleave","Pummel+1","Twin Strike","Wild Strike+1","Berserk","Iron Wave+1","Carnage+1","Shrug It Off","Writhe","Enlightenment","Secret Technique","Flame Barrier+1"],"relics":["Burning Blood","FossilizedHelix","Bag of Preparation","Happy Flower","Calling Bell","PreservedInsect","Darkstone Periapt","Shovel","Lee\u0027s Waffle","Mercury Hourglass","Strawberry","Tiny House","Charon\u0027s Ashes","Blood Vial","HornCleat","Centennial Puzzle"],"acts_visited":["Exordium","TheCity","TheBeyond"],"potions_floor_usage":[6,8,37,47,47,50,50],"damage_taken":[{"damage":3,"enemies":"Small Slimes","floor":1,"turns":4},{"damage":8,"enemies":"Jaw Worm","floor":2,"turns":4},{"damage":0,"enemies":"Cultist","floor":3,"turns":4},{"damage":17,"enemies":"2 Fungi Beasts","floor":4,"turns":4},{"damage":12,"enemies":"3 Louse","floor":5,"turns":2},{"damage":16,"enemies":"3 Sentries","floor":6,"turns":6},{"damage":0,"enemies":"Large Slime","floor":8,"turns":4},{"damage":11,"enemies":"Looter","floor":11,"turns":3},{"damage":0,"enemies":"Gremlin Nob","floor":12,"turns":3},{"damage":0,"enemies":"Red Slaver","floor":14,"turns":3},{"damage":69,"enemies":"Hexaghost","floor":16,"turns":10},{"damage":41,"enemies":"3 Byrds","floor":18,"turns":9},{"damage":12,"enemies":"2 Thieves","floor":20,"turns":4},{"damage":19,"enemies":"Snake Plant","floor":25,"turns":4},{"damage":0,"enemies":"Snecko","floor":27,"turns":5},{"damage":11,"enemies":"Sentry and Sphere","floor":31,"turns":4},{"damage":100,"enemies":"Automaton","floor":33,"turns":12},{"damage":18,"enemies":"3 Shapes","floor":35,"turns":3},{"damage":0,"enemies":"Orb Walker","floor":36,"turns":3},{"damage":29,"enemies":"Spire Growth","floor":37,"turns":5},{"damage":0,"enemies":"Mind Bloom Boss Battle","floor":39,"turns":4},{"damage":67,"enemies":"Nemesis","floor":41,"turns":9},{"damage":0,"enemies":"Sphere and 2 Shapes","floor":45,"turns":3},{"damage":21,"enemies":"3 Darklings","floor":47,"turns":4},{"damage":16,"enemies":"Jaw Worm Horde","floor":48,"turns":4},{"damage":163,"enemies":"Donu and Deca","floor":50,"turns":10}],"seed_played":"-1809549781459723902","potions_obtained":[{"floor":1,"key":"PowerPotion"},{"floor":5,"key":"Explosive Potion"},{"floor":12,"key":"SpeedPotion"},{"floor":14,"key":"BlessingOfTheForge"},{"floor":16,"key":"EssenceOfSteel"},{"floor":27,"key":"DistilledChaos"},{"floor":34,"key":"BloodPotion"},{"floor":36,"key":"Fruit Juice"},{"floor":39,"key":"LiquidBronze"},{"floor":47,"key":"SpeedPotion"},{"floor":48,"key":"SmokeBomb"}],"is_trial":false,"path_per_floor":["M","M","M","M","M","E","R","M","T","R","M","E","?","M","R","B",null,"M","?","M","?","$","R","?","M","T","M","R","$","R","M","R","B",null,"M","M","M","?","?","R","E","?","T","$","M","?","M","M","R","B"],"character_chosen":"IRONCLAD","items_purchased":["Lee\u0027s Waffle","Headbutt","Twin Strike","Secret Technique","Centennial Puzzle"],"campfire_rested":1,"item_purchase_floors":[22,22,29,44,44],"current_hp_per_floor":[80,81,86,78,72,62,62,68,68,68,66,75,75,81,81,21,98,63,63,57,57,105,105,105,95,95,107,114,114,114,112,112,24,123,111,120,102,137,137,137,76,76,76,76,98,98,89,81,122,0,0],"gold":66,"neow_bonus":"ONE_RANDOM_RARE_CARD","is_daily":false,"chose_seed":false,"campfire_upgraded":7,"win_rate":0.0,"timestamp":1611695442,"path_taken":["M","M","M","M","M","E","R","M","T","R","M","E","?","M","R","BOSS","M","?","M","?","$","R","?","M","T","M","R","$","R","M","R","BOSS","M","M","?","?","?","R","E","?","T","$","M","?","M","M","R","BOSS"],"items_purchased_type":["Relic","Card","Card","Card","Relic"],"build_version":"2020-12-22","purchased_purges":1,"victory":false,"max_hp_per_floor":[80,83,86,89,89,89,89,89,89,89,92,95,95,95,95,98,98,98,98,98,98,105,105,105,108,108,108,115,115,115,118,118,118,123,123,126,131,137,137,137,137,137,137,137,137,137,137,137,137,140,140],"card_choices":[{"not_picked":["Flame Barrier","Iron Wave"],"picked":"Perfected Strike","floor":1},{"not_picked":["Iron Wave","Thunderclap"],"picked":"Heavy Blade","floor":2},{"not_picked":["Armaments","Body Slam"],"picked":"Cleave","floor":3},{"not_picked":["Clothesline","Heavy Blade"],"picked":"Flex","floor":4},{"not_picked":["Havoc","Hemokinesis"],"picked":"Carnage","floor":5},{"not_picked":["Havoc","Clash"],"picked":"Warcry","floor":6},{"not_picked":["Flame Barrier","Fire Breathing","Infernal Blade"],"picked":"SKIP","floor":8},{"not_picked":["Infernal Blade","Metallicize","Whirlwind"],"picked":"SKIP","floor":11},{"not_picked":["Flame Barrier","Shockwave"],"picked":"Impervious","floor":12},{"not_picked":["Entrench","Body Slam"],"picked":"Shrug It Off","floor":14},{"not_picked":["Impervious","Exhume"],"picked":"Reaper","floor":16},{"not_picked":["Dual Wield","Wild Strike"],"picked":"Inflame","floor":18},{"not_picked":["Body Slam+1","Iron Wave"],"picked":"Ghostly Armor","floor":20},{"not_picked":["Armaments","Sever Soul"],"picked":"Cleave","floor":25},{"not_picked":["Hemokinesis","Metallicize"],"picked":"Pummel+1","floor":27},{"not_picked":["Pommel Strike","Rupture"],"picked":"Wild Strike","floor":31},{"not_picked":["Juggernaut","Brutality"],"picked":"Berserk","floor":33},{"not_picked":["True Grit","Clothesline"],"picked":"Iron Wave+1","floor":34},{"not_picked":["Cleave","Rampage+1"],"picked":"Carnage+1","floor":35},{"not_picked":["Entrench","Havoc+1"],"picked":"Shrug It Off","floor":36},{"not_picked":["Shockwave","Burning Pact+1","Iron Wave+1"],"picked":"SKIP","floor":37},{"not_picked":["Blood for Blood+1","Reaper"],"picked":"Uppercut+1","floor":41},{"not_picked":["Forethought","Madness"],"picked":"Enlightenment","floor":42},{"not_picked":["Armaments+1","Blood for Blood","Clothesline+1"],"picked":"SKIP","floor":45},{"not_picked":["Sword Boomerang","Power Through"],"picked":"Flame Barrier+1","floor":47},{"not_picked":["Clash","Blood for Blood","Shockwave+1"],"picked":"SKIP","floor":48}],"player_experience":396200,"relics_obtained":[{"floor":6,"key":"FossilizedHelix"},{"floor":9,"key":"Bag of Preparation"},{"floor":12,"key":"Happy Flower"},{"floor":17,"key":"PreservedInsect"},{"floor":17,"key":"Darkstone Periapt"},{"floor":17,"key":"Shovel"},{"floor":26,"key":"Mercury Hourglass"},{"floor":28,"key":"Strawberry"},{"floor":39,"key":"Charon\u0027s Ashes"},{"floor":41,"key":"Blood Vial"},{"floor":43,"key":"HornCleat"}],"event_choices":[{"damage_healed":0,"gold_gain":0,"player_choice":"Ignored","damage_taken":0,"max_hp_gain":0,"max_hp_loss":0,"event_name":"Golden Idol","floor":13,"gold_loss":0},{"damage_healed":0,"gold_gain":0,"player_choice":"Ignored","damage_taken":0,"max_hp_gain":0,"max_hp_loss":0,"event_name":"Ghosts","floor":19,"gold_loss":0},{"cards_removed":["Bash"],"damage_healed":0,"gold_gain":0,"player_choice":"Gave Gold","damage_taken":0,"max_hp_gain":0,"max_hp_loss":0,"event_name":"Beggar","floor":21,"gold_loss":75},{"damage_healed":0,"gold_gain":0,"player_choice":"Ignored","damage_taken":0,"max_hp_gain":0,"max_hp_loss":0,"event_name":"N\u0027loth","floor":24,"gold_loss":0},{"damage_healed":33,"gold_gain":0,"player_choice":"Writhe","damage_taken":0,"max_hp_gain":0,"max_hp_loss":0,"event_name":"Winding Halls","floor":38,"gold_loss":0,"cards_obtained":["Writhe"]},{"damage_healed":0,"gold_gain":0,"player_choice":"Fight","damage_taken":0,"max_hp_gain":0,"max_hp_loss":0,"event_name":"MindBloom","floor":39,"gold_loss":0},{"damage_healed":0,"gold_gain":0,"player_choice":"Memory 1","damage_taken":0,"max_hp_gain":0,"max_hp_loss":0,"event_name":"SensoryStone","floor":42,"gold_loss":0},{"cards_removed":["Uppercut"],"damage_healed":0,"gold_gain":0,"player_choice":"Removed Attack","damage_taken":0,"max_hp_gain":0,"max_hp_loss":0,"event_name":"Falling","floor":46,"gold_loss":0}],"is_beta":false,"boss_relics":[{"not_picked":["Fusion Hammer","Runic Cube"],"picked":"Calling Bell"},{"not_picked":["Empty Cage","Snecko Eye"],"picked":"Tiny House"}],"items_purged_floors":[22],"is_endless":false,"potions_floor_spawned":[1,5,12,14,16,27,33,36,39,45,47,48],"killed_by":"Donu and Deca","ascension_level":2}}