{"host":"jbw470l122a0du6q","time":1611623305,"event":{"mods":["BaseMod","Better Altar","Better Match","Better Note","Better Sensory Stone","Better Skull","Better Third Choice","Dark Map","Downfall","Duelist Mod","GifTheSpireLib","Hermit","MarisaÅiñ∂âJÅ@ñÇóùçπÅj","Minty Spire (QoL Compilation)","StSLib","The Construct","The Cursed","The Disciple","The Marked","The Runesmith","The Servant 0.9.4"],"gold_per_floor":[13,13,13,23,36,50,4,4,4,19,44,58,68,88,88,193,193,203,203,86,86,26,26],"floor_reached":22,"language":"ENG","playtime":13937,"items_purged":[],"score":203,"play_id":"0242bc54-86c8-4e7a-b775-885ab1c5027b","local_time":"20210125200825","is_ascension_mode":false,"campfire_choices":[{"floor":15,"key":"REST"}],"circlet_count":0,"master_deck":["theDuelist:SummoningSwarm","theDuelist:Sparks+1","theDuelist:LeodrakeMane","theDuelist:Sparks+1","theDuelist:CastleWalls","theDuelist:HeartUnderdog","theDuelist:FrozenRose","theDuelist:SummoningSwarm","Chrysalis","theDuelist:RedMedicine+1","theDuelist:CastleWalls","theDuelist:NaturiaParadizo+1","theDuelist:NaturiaParadizo+1","theDuelist:NaturiaParadizo+1","theDuelist:NaturiaParadizo+1","theDuelist:NaturiaParadizo+1","theDuelist:NaturiaParadizo+1","theDuelist:NaturiaParadizo+1","theDuelist:NaturiaParadizo+1","theDuelist:NaturiaParadizo+1","theDuelist:NaturiaParadizo+1","theDuelist:NaturiaDragonfly+1"],"relics":["theDuelist:MillenniumPuzzle","theDuelist:CardPoolRelic","theDuelist:CardPoolBasicRelic","theDuelist:BoosterPackPoolRelic","theDuelist:CardPoolAddRelic","theDuelist:CardPoolMinusRelic","theDuelist:CardPoolSaveRelic","theDuelist:CardPoolOptionsRelic","theDuelist:DuelistLetterOpener","Whetstone","Fusion Hammer","theDuelist:Monsterbox","theDuelist:NaturiaRelic"],"acts_visited":["Exordium","TheCity"],"potions_floor_usage":[16,22,22],"damage_taken":[{"damage":6.0,"enemies":"Jaw Worm","floor":1.0,"turns":5.0},{"damage":0.0,"enemies":"Small Slimes","floor":4.0,"turns":3.0},{"damage":4,"enemies":"Cultist","floor":5,"turns":4},{"damage":0,"enemies":"Large Slime","floor":6,"turns":4},{"damage":19,"enemies":"Blue Slaver","floor":10,"turns":4},{"damage":0,"enemies":"2 Fungi Beasts","floor":12,"turns":4},{"damage":4,"enemies":"3 Louse","floor":13,"turns":4},{"damage":10,"enemies":"Looter","floor":14,"turns":4},{"damage":24,"enemies":"Hexaghost","floor":16,"turns":9},{"damage":3,"enemies":"3 Byrds","floor":18,"turns":4},{"damage":35,"enemies":"2 Thieves","floor":22,"turns":4}],"seed_played":"-5279800045248551409","potions_obtained":[{"floor":1.0,"key":"AttackPotion"},{"floor":5,"key":"Strength Potion"},{"floor":12,"key":"theDuelist:VampireVial"},{"floor":16,"key":"theDuelist:OrbBottle"}],"is_trial":false,"path_per_floor":["M","?","?","M","M","M","$","?","T","M","T","M","M","M","R","B",null,"M","?","$","?","M"],"character_chosen":"THE_DUELIST","items_purchased":["theDuelist:SummoningSwarm","theDuelist:Monsterbox","theDuelist:WormBait","theDuelist:NaturiaDragonfly"],"campfire_rested":1,"item_purchase_floors":[7,20,20,20],"current_hp_per_floor":[74,74,74,74,70,70,70,70,70,51,51,51,47,37,61,37,80,77,77,77,71,36,36],"gold":26,"neow_bonus":"TRANSFORM_TWO_CARDS","is_daily":false,"chose_seed":false,"campfire_upgraded":0,"win_rate":0.0,"timestamp":1611623305,"path_taken":["M","?","?","?","M","M","$","?","T","M","?","M","M","M","R","BOSS","M","?","$","?","M"],"items_purchased_type":["Card","Relic","Card","Card"],"build_version":"2020-12-22","purchased_purges":0,"victory":false,"max_hp_per_floor":[80,80,80,80,80,80,80,80,80,80,80,80,80,80,80,80,80,80,80,80,80,80,80],"card_choices":[{"not_picked":["theDuelist:Sangan","theDuelist:GemElephant","theDuelist:HeavyStorm","theDuelist:SphereKuriboh"],"picked":"theDuelist:Mudora","floor":1.0},{"not_picked":["theDuelist:NaturiaEggplant","theDuelist:NaturiaStinkbug","theDuelist:NaturiaTulip","theDuelist:Spore"],"picked":"theDuelist:NaturiaBrambi","floor":4},{"not_picked":["theDuelist:NaturiaCliff","theDuelist:NaturiaEggplant","theDuelist:NaturiaHydrangea","theDuelist:WildNatureRelease"],"picked":"theDuelist:NaturiaDragonfly","floor":5},{"not_picked":["theDuelist:NaturiaLandoise","theDuelist:NaturiaBrambi"],"picked":"theDuelist:NaturiaBarkion","floor":6},{"not_picked":["theDuelist:NaturiaPineapple","theDuelist:AfterGenocide","theDuelist:NaturiaRock","theDuelist:NaturiaLadybug"],"picked":"theDuelist:MillenniumScorpion","floor":10},{"not_picked":["theDuelist:NaturiaCliff","theDuelist:NaturiaTulip","theDuelist:NaturiaSunflower","theDuelist:NaturiaHydrangea"],"picked":"theDuelist:SummoningSwarm","floor":12},{"not_picked":["Panacea","Sadistic Nature","The Bomb"],"picked":"Chrysalis","floor":13},{"not_picked":["theDuelist:VenomShot","theDuelist:WildNatureRelease","theDuelist:ExterioFang","theDuelist:BarkionBark"],"picked":"theDuelist:FrozenRose","floor":14},{"not_picked":["theDuelist:Wildfire","theDuelist:Canyon","theDuelist:HuntingInstinct","theDuelist:DemiseLand"],"picked":"theDuelist:HeartUnderdog","floor":16},{"not_picked":["theDuelist:FuryFire+1","theDuelist:Cloning","theDuelist:SphereKuriboh+1","theDuelist:DestructPotion+1"],"picked":"theDuelist:RedMedicine+1","floor":18}],"player_experience":31316,"relics_obtained":[{"floor":9,"key":"theDuelist:DuelistLetterOpener"},{"floor":11,"key":"Whetstone"}],"event_choices":[{"damage_healed":0.0,"max_hp_gain":0.0,"max_hp_loss":0.0,"gold_gain":0.0,"event_name":"Egyptian Village","player_choice":"Leave","duelist":true,"floor":2.0,"gold_loss":0.0,"damage_taken":0.0},{"damage_healed":0.0,"max_hp_gain":0.0,"max_hp_loss":0.0,"gold_gain":0.0,"event_name":"Card Trader","player_choice":"Leave","duelist":true,"floor":3.0,"gold_loss":0.0,"damage_taken":0.0},{"damage_healed":0,"gold_gain":0,"player_choice":"Leave","duelist":true,"damage_taken":0,"max_hp_gain":0,"max_hp_loss":0,"event_name":"Relic Duplicator","floor":8,"gold_loss":0},{"damage_healed":0,"gold_gain":0,"player_choice":"Ignored","damage_taken":0,"max_hp_gain":0,"max_hp_loss":0,"event_name":"betterNote:BetterNote","floor":19,"gold_loss":0,"cards_obtained":["construct:Enhance"]},{"damage_healed":0,"gold_gain":0,"player_choice":"Dig - random Duelist relic","duelist":true,"damage_taken":0,"max_hp_gain":0,"max_hp_loss":0,"event_name":"Aknamkanon\u0027s Tomb","floor":21,"gold_loss":0}],"is_beta":false,"boss_relics":[{"not_picked":["Empty Cage","Philosopher\u0027s Stone"],"picked":"Fusion Hammer"}],"items_purged_floors":[],"is_endless":false,"potions_floor_spawned":[1,5,12,13,16],"killed_by":"2 Thieves","ascension_level":0}}