{"host":"7sni158j623xchr2","time":1611642197,"event":{"mods":["BaseMod","Colored Map","Highlight Path","Minty Spire (QoL Compilation)","Permanent Neow","Potion Indicator Mod","Rare Cards Sparkle","Relic Sorter","Relic Stats","StSLib","everything is the same but u backflip on backflip"],"gold_per_floor":[360,360,370,63,74,99,99,128,151,151,51,85,104,116,116,217,217,229,244,273,290,389,419,419,450,450,460,485,665,676,113,113,113,113],"floor_reached":33,"language":"ENG","playtime":1150,"items_purged":["Defend_G","Strike_G","Strike_G"],"score":445,"play_id":"b4b07fe1-4a84-4bd9-ad85-3e278669f00b","local_time":"20210126002317","is_ascension_mode":true,"campfire_choices":[{"data":"Glass Knife","floor":7.0,"key":"SMITH"},{"data":"Die Die Die","floor":15.0,"key":"SMITH"},{"data":"Poisoned Stab","floor":24,"key":"SMITH"},{"data":"Footwork","floor":32,"key":"SMITH"}],"circlet_count":0,"master_deck":["Strike_G","Strike_G","Strike_G+1","Defend_G","Defend_G","Defend_G+1","Defend_G","Survivor","Neutralize","Dash+1","Poisoned Stab+1","Glass Knife+1","Die Die Die+1","Dodge and Roll","Footwork+1","Bane","Trip+1","Deflect","Escape Plan","Deadly Poison+1"],"relics":["Ring of the Snake","PreservedInsect","Snake Skull","Nunchaku","Omamori","Black Star","Red Mask","Singing Bowl","War Paint","InkBottle","FossilizedHelix","White Beast Statue","Ice Cream","Bottled Lightning","Mango","Chemical X"],"acts_visited":["Exordium","TheCity"],"potions_floor_usage":[20,20,28,33,33],"damage_taken":[{"damage":0.0,"enemies":"2 Louse","floor":1.0,"turns":4.0},{"damage":0.0,"enemies":"Cultist","floor":3.0,"turns":3.0},{"damage":0.0,"enemies":"Small Slimes","floor":5.0,"turns":2.0},{"damage":22.0,"enemies":"Gremlin Nob","floor":6.0,"turns":5.0},{"damage":0.0,"enemies":"3 Sentries","floor":8.0,"turns":3.0},{"damage":0.0,"enemies":"Lagavulin","floor":12.0,"turns":3.0},{"damage":0.0,"enemies":"Gremlin Gang","floor":13.0,"turns":2.0},{"damage":13.0,"enemies":"Red Slaver","floor":14.0,"turns":5.0},{"damage":5.0,"enemies":"Hexaghost","floor":16.0,"turns":8.0},{"damage":0,"enemies":"Chosen","floor":18,"turns":3},{"damage":2,"enemies":"Shell Parasite","floor":19,"turns":4},{"damage":0,"enemies":"Masked Bandits","floor":20,"turns":3},{"damage":17,"enemies":"Sentry and Sphere","floor":21,"turns":8},{"damage":12,"enemies":"Slavers","floor":23,"turns":5},{"damage":4,"enemies":"Book of Stabbing","floor":25,"turns":4},{"damage":6,"enemies":"Centurion and Healer","floor":27,"turns":4},{"damage":0,"enemies":"Slavers","floor":28,"turns":4},{"damage":0,"enemies":"Snecko","floor":30,"turns":5},{"damage":26,"enemies":"Automaton","floor":33,"turns":6}],"seed_played":"7051860393082090009","potions_obtained":[{"floor":1.0,"key":"EssenceOfSteel"},{"floor":8.0,"key":"SteroidPotion"},{"floor":13.0,"key":"LiquidMemories"},{"floor":19,"key":"CunningPotion"},{"floor":23,"key":"CunningPotion"},{"floor":27,"key":"Block Potion"},{"floor":28,"key":"Dexterity Potion"}],"is_trial":false,"path_per_floor":["M","?","M","$","M","E","R","E","T","?","$","E","M","M","R","B",null,"M","M","?","M","?","E","R","E","T","M","E","?","M","$","R","B"],"character_chosen":"THE_SILENT","items_purchased":["Glass Knife","Die Die Die","Mango","Chemical X"],"campfire_rested":0,"item_purchase_floors":[4,4,31,31],"current_hp_per_floor":[63,50,50,50,50,28,28,28,28,28,28,28,28,15,15,10,63,63,61,61,44,44,32,32,30,30,26,28,9,11,25,25,0,0],"gold":113,"neow_bonus":"TWO_FIFTY_GOLD","is_daily":false,"chose_seed":false,"campfire_upgraded":4,"win_rate":0.0,"timestamp":1611642197,"path_taken":["M","?","M","$","M","E","R","E","T","?","$","E","?","M","R","BOSS","M","M","?","M","?","E","R","E","T","M","E","?","?","$","R","BOSS"],"items_purchased_type":["Card","Card","Relic","Relic"],"build_version":"2020-12-22","purchased_purges":3,"victory":false,"max_hp_per_floor":[63,63,63,63,63,63,63,63,63,63,63,63,63,63,63,63,63,63,63,63,63,63,63,63,65,65,67,69,69,71,85,85,85,85],"relic_stats":{"Nunchaku":[12],"Singing Bowl":8,"counters":[19,81],"PreservedInsect":179,"Snake Skull":[21],"Black Star":3,"Chemical X":[1],"War Paint":["Defend_G","Trip"],"obtain_stats":[{"Ice Cream":28,"Singing Bowl":23,"Mango":31,"PreservedInsect":6,"Snake Skull":8,"Omamori":12,"War Paint":23,"White Beast Statue":26,"Nunchaku":9,"Black Star":17,"Red Mask":20,"Bottled Lightning":28,"Chemical X":31,"InkBottle":25,"FossilizedHelix":25,"Ring of the Snake":0},{"Ice Cream":17,"Singing Bowl":14,"Mango":18,"PreservedInsect":4,"Snake Skull":5,"Omamori":6,"War Paint":14,"White Beast Statue":15,"Nunchaku":5,"Black Star":9,"Red Mask":12,"Bottled Lightning":17,"Chemical X":18,"InkBottle":15,"FossilizedHelix":15,"Ring of the Snake":0},{"Ice Cream":70,"Singing Bowl":58,"Mango":75,"PreservedInsect":14,"Snake Skull":17,"Omamori":20,"War Paint":58,"White Beast Statue":62,"Nunchaku":17,"Black Star":35,"Red Mask":45,"Bottled Lightning":70,"Chemical X":75,"InkBottle":62,"FossilizedHelix":62,"Ring of the Snake":0}],"InkBottle":[7],"Ring of the Snake":[38]},"card_choices":[{"not_picked":["Crippling Poison","Flying Knee"],"picked":"Dash","floor":1.0},{"not_picked":["Bane","Deflect"],"picked":"Poisoned Stab","floor":3.0},{"not_picked":["Quick Slash","Concentrate"],"picked":"Dodge and Roll","floor":5.0},{"not_picked":["Leg Sweep","Prepared"],"picked":"Footwork","floor":6.0},{"not_picked":["Blade Dance","Eviscerate","Poisoned Stab"],"picked":"SKIP","floor":8.0},{"not_picked":["Distraction","Tools of the Trade","Sucker Punch"],"picked":"SKIP","floor":12.0},{"not_picked":["Footwork","Blade Dance","Bane"],"picked":"SKIP","floor":13.0},{"not_picked":["Outmaneuver","Acrobatics","Deadly Poison"],"picked":"SKIP","floor":14.0},{"not_picked":["Concentrate","Cloak And Dagger","Dagger Throw"],"picked":"SKIP","floor":18},{"not_picked":["Prepared","Underhanded Strike","Deflect"],"picked":"SKIP","floor":19},{"not_picked":["Prepared","Underhanded Strike"],"picked":"Deflect","floor":19},{"not_picked":["Poisoned Stab","Cloak And Dagger"],"picked":"Escape Plan","floor":20},{"not_picked":["Backflip","Dodge and Roll","Outmaneuver"],"picked":"SKIP","floor":21},{"not_picked":["Dodge and Roll+1","Quick Slash"],"picked":"Deadly Poison+1","floor":23},{"not_picked":["Slice+1","Bane","Dagger Spray"],"picked":"Singing Bowl","floor":25},{"not_picked":["Bane+1","Masterful Stab","Dodge and Roll+1"],"picked":"Singing Bowl","floor":27},{"not_picked":["Poisoned Stab","Quick Slash","Prepared"],"picked":"Singing Bowl","floor":28},{"not_picked":["Terror","Predator","A Thousand Cuts"],"picked":"Singing Bowl","floor":30}],"player_experience":1699902,"relics_obtained":[{"floor":6.0,"key":"PreservedInsect"},{"floor":8.0,"key":"Snake Skull"},{"floor":9.0,"key":"Nunchaku"},{"floor":12.0,"key":"Omamori"},{"floor":20,"key":"Red Mask"},{"floor":23,"key":"Singing Bowl"},{"floor":23,"key":"War Paint"},{"floor":25,"key":"InkBottle"},{"floor":25,"key":"FossilizedHelix"},{"floor":26,"key":"White Beast Statue"},{"floor":28,"key":"Ice Cream"},{"floor":28,"key":"Bottled Lightning"}],"event_choices":[{"damage_healed":0.0,"max_hp_gain":0.0,"max_hp_loss":0.0,"gold_gain":0.0,"event_name":"Shining Light","player_choice":"Entered Light","floor":2.0,"gold_loss":0.0,"damage_taken":13.0,"cards_upgraded":["Dash","Strike_G"]},{"damage_healed":0.0,"max_hp_gain":0.0,"max_hp_loss":0.0,"gold_gain":0.0,"event_name":"Match and Keep!","player_choice":"2 cards matched","floor":10.0,"gold_loss":0.0,"damage_taken":0.0,"cards_obtained":["Bane","Trip"]},{"damage_healed":0,"gold_gain":0,"player_choice":"Fought Bandits","damage_taken":0,"max_hp_gain":0,"max_hp_loss":0,"event_name":"Masked Bandits","floor":20,"gold_loss":0},{"damage_healed":0,"gold_gain":99,"player_choice":"Stole From Cult","damage_taken":0,"max_hp_gain":0,"max_hp_loss":0,"event_name":"Nest","floor":22,"gold_loss":0},{"damage_healed":0,"gold_gain":180,"player_choice":"GOLD GOLD ","damage_taken":19,"max_hp_gain":0,"max_hp_loss":0,"event_name":"Knowing Skull","floor":29,"potions_obtained":[],"gold_loss":0,"cards_obtained":[]}],"is_beta":false,"boss_relics":[{"not_picked":["SacredBark","Tiny House"],"picked":"Black Star"}],"items_purged_floors":[4,11,31],"is_endless":false,"potions_floor_spawned":[1,8,13,16,18,19,23,27,28,30],"killed_by":"Automaton","ascension_level":1}}