{"host":"42xf941fomyavgzy","time":1611668496,"event":{"mods":["Act Like it!","BaseMod","Colored Map","Gensokyo","KinomotoSakuraMod(–Ø”V–{?)","Minty Spire (QoL Compilation)","Shop Mod","StSLib","SuperFastMode","The Cursed"],"gold_per_floor":[114,130,130,230,90,116,116,135,162,175,100,131,131,44,44,44,44],"floor_reached":16,"language":"JPN","playtime":828,"items_purged":["Strike_R"],"score":108,"play_id":"b9f399c6-be44-4744-aed6-f8ab779c89dd","local_time":"20210126224136","is_ascension_mode":false,"campfire_choices":[{"data":"Whirlwind","floor":7,"key":"SMITH"},{"data":"Bash","floor":15,"key":"SMITH"}],"circlet_count":0,"master_deck":["Strike_R","Strike_R","Strike_R","Strike_R","Defend_R","Defend_R","Defend_R","Defend_R","Bash+1","Evolve","Whirlwind+1","Flex","Impervious","Warcry","Pommel Strike","Reckless Charge","Shrug It Off","Gensokyo:BlemishedSteel"],"relics":["Burning Blood","Gensokyo:PortableGap","Prayer Wheel","Red Skull","Juzu Bracelet","StrikeDummy","Gensokyo:YoukaiFlower"],"acts_visited":["Exordium"],"potions_floor_usage":[12,16],"damage_taken":[{"damage":2,"enemies":"Gensokyo:Gryphon","floor":1,"turns":3},{"damage":0,"enemies":"Gensokyo:3_Fairies","floor":2,"turns":4},{"damage":54,"enemies":"Gensokyo:Mamizou","floor":6,"turns":12},{"damage":0,"enemies":"Gensokyo:2_Kodama","floor":8,"turns":1},{"damage":0,"enemies":"Gensokyo:VengefulSpirit","floor":10,"turns":2},{"damage":7,"enemies":"Gensokyo:Aya","floor":12,"turns":4},{"damage":43,"enemies":"Gensokyo:Yukari","floor":16,"turns":10}],"seed_played":"8292648466720394487","potions_obtained":[{"floor":6,"key":"AttackPotion"},{"floor":10,"key":"EssenceOfSteel"}],"is_trial":false,"path_per_floor":["M","M","?","?","?","E","R","M","T","M","$","E","?","COS","R","B"],"character_chosen":"IRONCLAD","items_purchased":[],"campfire_rested":0,"item_purchase_floors":[],"current_hp_per_floor":[80,80,72,72,72,24,24,30,30,36,36,35,35,35,35,0,0],"gold":44,"neow_bonus":"THREE_CARDS","is_daily":false,"chose_seed":false,"campfire_upgraded":2,"win_rate":0.0,"timestamp":1611668496,"path_taken":["M","M","?","?","?","E","R","M","T","M","?","E","?","COS","R","BOSS"],"items_purchased_type":[],"build_version":"2020-12-22","purchased_purges":1,"victory":false,"max_hp_per_floor":[80,80,72,72,72,72,72,72,72,72,72,72,72,72,72,72,72],"card_choices":[{"not_picked":["Twin Strike","Combust"],"picked":"Evolve","floor":0},{"not_picked":["Shrug It Off","Headbutt"],"picked":"Whirlwind","floor":1},{"not_picked":["Clothesline","Cleave"],"picked":"Flex","floor":2},{"not_picked":["Exhume","Sword Boomerang"],"picked":"Impervious","floor":6},{"not_picked":["Warcry","Cleave"],"picked":"Heavy Blade","floor":8},{"not_picked":["Cleave","Clothesline"],"picked":"Warcry","floor":8},{"not_picked":["Warcry","Clash"],"picked":"Pommel Strike","floor":10},{"not_picked":["Pommel Strike","Whirlwind"],"picked":"Reckless Charge","floor":10},{"not_picked":["Juggernaut","Wild Strike"],"picked":"Shrug It Off","floor":12}],"player_experience":428170,"relics_obtained":[{"floor":6,"key":"Red Skull"},{"floor":9,"key":"Juzu Bracelet"},{"floor":12,"key":"StrikeDummy"}],"event_choices":[],"is_beta":false,"boss_relics":[],"items_purged_floors":[11],"is_endless":false,"potions_floor_spawned":[6,10],"killed_by":"Gensokyo:Yukari","ascension_level":0}}