{"host":"z9811rt50ti81n54","time":1611678178,"event":{"mods":["BaseMod","Minty Spire (QoL Compilation)","StSLib","The Marked"],"gold_per_floor":[113,39,139,151,326,326,359,359,408,436,462,462,462,57,57,187,187,217,262,187,202,249,249,164,164,213,258,258,281,310,324,324,324,324],"floor_reached":33,"language":"ENG","playtime":969,"items_purged":["Doubt"],"score":293,"play_id":"6adce1ae-23a1-419e-8397-2230d778cf13","local_time":"20210127012258","is_ascension_mode":false,"campfire_choices":[{"data":"theMarked:SoldierOfQuellstein","floor":6,"key":"SMITH"},{"floor":8,"key":"REST"},{"floor":15,"key":"REST"},{"data":"theMarked:Levitate","floor":23,"key":"SMITH"},{"data":"theMarked:Panic","floor":25,"key":"SMITH"},{"data":"theMarked:Seal","floor":28,"key":"SMITH"},{"data":"theMarked:Seal","floor":32,"key":"SMITH"}],"circlet_count":0,"master_deck":["theMarked:Defend","theMarked:Defend","theMarked:Defend","theMarked:Defend","theMarked:SoldierOfQuellstein+1","theMarked:TheMission","theMarked:Memento","theMarked:TwofoldDefense","theMarked:Pokerface","theMarked:Seal+1","theMarked:Memento","theMarked:WardOff","Master of Strategy","Blind","theMarked:BanishingStrike","theMarked:DispelDoubt","theMarked:Levitate+1","theMarked:Panic+1","theMarked:Seal+1","theMarked:Vacuum","theMarked:Pokerface+1","Ghostly","Ghostly","Ghostly","Ghostly","Ghostly","Bite","Bite","Bite","Bite","Bite","theMarked:ChannelForce+1"],"relics":["theMarked:ArtifactOfAir","Orichalcum","Smiling Mask","CeramicFish","Golden Idol","Orrery","Runic Dome","Art of War","The Courier","Toy Ornithopter"],"acts_visited":["Exordium","TheCity"],"potions_floor_usage":[33],"damage_taken":[{"damage":0,"enemies":"Cultist","floor":1,"turns":3},{"damage":0,"enemies":"2 Louse","floor":4,"turns":3},{"damage":31,"enemies":"Lagavulin","floor":7,"turns":10},{"damage":5,"enemies":"Jaw Worm","floor":10,"turns":5},{"damage":10,"enemies":"2 Fungi Beasts","floor":11,"turns":4},{"damage":8,"enemies":"The Guardian","floor":16,"turns":10},{"damage":0,"enemies":"Spheric Guardian","floor":18,"turns":3},{"damage":7,"enemies":"3 Byrds","floor":21,"turns":6},{"damage":0,"enemies":"Snake Plant","floor":29,"turns":3},{"damage":14,"enemies":"Shelled Parasite and Fungi","floor":30,"turns":5},{"damage":5,"enemies":"Snecko","floor":31,"turns":3},{"damage":37,"enemies":"Champ","floor":33,"turns":10}],"seed_played":"9183895739378547445","potions_obtained":[{"floor":10,"key":"GamblersBrew"},{"floor":21,"key":"ColorlessPotion"},{"floor":31,"key":"Ancient Potion"}],"is_trial":false,"path_per_floor":["M","$","?","M","?","R","E","R","T","M","M","?","?","$","R","B",null,"M","?","?","M","T","R","?","R","T","?","R","M","M","M","R","B"],"character_chosen":"THE_DEFAULT","items_purchased":["theMarked:Memento","theMarked:TwofoldDefense","Master of Strategy","Blind","Orrery"],"campfire_rested":2,"item_purchase_floors":[2,2,14,14,14],"current_hp_per_floor":[70,70,70,70,70,70,39,60,60,55,45,50,32,32,54,46,75,75,37,37,30,30,30,30,30,30,25,25,25,19,18,18,0,0],"gold":324,"neow_bonus":"RANDOM_COMMON_RELIC","is_daily":false,"chose_seed":false,"campfire_upgraded":5,"win_rate":0.0,"timestamp":1611678178,"path_taken":["M","$","?","?","?","R","E","R","T","M","M","?","?","?","R","BOSS","M","?","?","M","?","R","?","R","T","?","R","M","?","M","R","BOSS"],"items_purchased_type":["Card","Card","Card","Card","Relic"],"build_version":"2020-12-22","purchased_purges":1,"victory":false,"max_hp_per_floor":[70,70,70,70,70,70,70,70,70,70,70,75,75,75,75,75,75,75,37,37,37,37,37,37,37,37,25,25,25,25,25,25,25,25],"card_choices":[{"not_picked":["theMarked:TwofoldDefense","theMarked:Frustration"],"picked":"theMarked:TheMission","floor":1},{"not_picked":["theMarked:RepellingDischarge","theMarked:Memento"],"picked":"theMarked:Pokerface","floor":4},{"not_picked":["theMarked:ContemptForTheProud","theMarked:TakeCover"],"picked":"theMarked:Seal","floor":7},{"not_picked":["theMarked:TunnelVision","theMarked:PowerFlow"],"picked":"theMarked:Memento","floor":10},{"not_picked":["theMarked:MuscleMemory","theMarked:EmpowerWeapon"],"picked":"theMarked:WardOff","floor":11},{"not_picked":["theMarked:Standoff","theMarked:CreepingChasm"],"picked":"theMarked:BanishingStrike","floor":14},{"not_picked":["theMarked:Memento","theMarked:BanishingStrike"],"picked":"theMarked:DispelDoubt","floor":14},{"not_picked":["theMarked:Memento","theMarked:ResourceFulStrike"],"picked":"theMarked:Levitate","floor":14},{"not_picked":["theMarked:Improvise","theMarked:Aftermath"],"picked":"theMarked:Panic","floor":14},{"not_picked":["theMarked:SwordAndMagic","theMarked:GodGivenPower"],"picked":"theMarked:Seal","floor":14},{"not_picked":["theMarked:UnarmedFury","theMarked:ThrowWeapon"],"picked":"theMarked:Vacuum","floor":16},{"not_picked":["theMarked:Parkour","theMarked:Indomitable"],"picked":"theMarked:Pokerface+1","floor":18},{"not_picked":["theMarked:HeightenedSenses","theMarked:Pokerface","theMarked:Parkour+1"],"picked":"SKIP","floor":21},{"not_picked":["theMarked:ShockingTouch","theMarked:Reabsorb+1","theMarked:RepellingDischarge+1"],"picked":"SKIP","floor":29},{"not_picked":["theMarked:Parkour","theMarked:Memento"],"picked":"theMarked:ChannelForce+1","floor":30},{"not_picked":["theMarked:TakeCover","theMarked:Parkour+1","theMarked:KeepCalmAndFight+1"],"picked":"SKIP","floor":31}],"player_experience":433019,"relics_obtained":[{"floor":7,"key":"Smiling Mask"},{"floor":9,"key":"CeramicFish"},{"floor":22,"key":"Art of War"},{"floor":26,"key":"Toy Ornithopter"}],"event_choices":[{"damage_healed":0,"gold_gain":100,"player_choice":"Gold","damage_taken":0,"max_hp_gain":0,"max_hp_loss":0,"event_name":"Wheel of Change","floor":3,"gold_loss":0},{"damage_healed":0,"gold_gain":175,"player_choice":"AGREE","damage_taken":0,"max_hp_gain":0,"max_hp_loss":0,"event_name":"Liars Game","floor":5,"gold_loss":0,"cards_obtained":["Doubt"]},{"damage_healed":0,"gold_gain":0,"player_choice":"Donut","damage_taken":0,"max_hp_gain":5,"max_hp_loss":0,"event_name":"Big Fish","floor":12,"gold_loss":0},{"damage_healed":0,"gold_gain":0,"player_choice":"Take Damage","damage_taken":18,"relics_obtained":["Golden Idol"],"max_hp_gain":0,"max_hp_loss":0,"event_name":"Golden Idol","floor":13,"gold_loss":0},{"damage_healed":0,"gold_gain":0,"player_choice":"Became a Ghost","damage_taken":0,"max_hp_gain":0,"max_hp_loss":38,"event_name":"Ghosts","floor":19,"gold_loss":0,"cards_obtained":["Ghostly","Ghostly","Ghostly","Ghostly","Ghostly"]},{"cards_removed":["theMarked:Strike"],"damage_healed":0,"gold_gain":0,"player_choice":"Gave Gold","damage_taken":0,"max_hp_gain":0,"max_hp_loss":0,"event_name":"Beggar","floor":20,"gold_loss":75},{"damage_healed":0,"gold_gain":0,"player_choice":"Obtained Relic","damage_taken":0,"relics_obtained":["The Courier"],"max_hp_gain":0,"max_hp_loss":0,"event_name":"Addict","floor":24,"gold_loss":85},{"damage_healed":0,"gold_gain":0,"player_choice":"Became a vampire","damage_taken":0,"max_hp_gain":0,"max_hp_loss":12,"event_name":"Vampires","floor":27,"gold_loss":0,"cards_obtained":["Bite","Bite","Bite","Bite","Bite"]}],"is_beta":false,"boss_relics":[{"not_picked":["Sozu","theMarked:SpiritSword"],"picked":"Runic Dome"}],"items_purged_floors":[14],"is_endless":false,"potions_floor_spawned":[10,21,31],"killed_by":"Champ","ascension_level":0}}