{"host":"w05x4i13f2m9joq1","time":1611643172,"event":{"mods":["Act Like it!","Bard","BaseMod","Better Altar","Better Match","Better Note","Better Sensory Stone","Better Skull","Better Third Choice","BetterRewards","CapriCore","Colored Map","Colored Powertips","Decade(???)","Defective Defect","Duelist Mod","GifTheSpireLib","Googly Eyes","Infinite Spire","Ironclad Rager","Lobotomy","LobotomyExtend","Marisa????????","Melee Mod","Minty Spire (QoL Compilation)","MostiFishMod","Rare Cards Sparkle","Replay The Spire","Spicy Shops","Spire Birthday Party","StSLib","Td1madao Mod","The Construct","The IronCluck","TheBandit","Uncapped","everything is the same but u backflip on backflip","slay the spire mod where everything is the same but ironclad has a cowboy hat"],"gold_per_floor":[117,133,151,151,0,0,0,14,14,34,54,54,65,65,65,170,170,170,270,270,290,290,322,322,355,355,373,4,4,24,38,38,143,143,163,8,8,8,1007,1056,1056,1056,1074,1074,1074,1087,1087,1106,1106,1106,1106,1141,1141],"floor_reached":52,"language":"ENG","playtime":7568,"items_purged":["White Contract","Defend_C","Normality"],"score":680,"play_id":"b8f51750-5754-43e9-8376-5749d1c2c1b2","local_time":"20210126013932","is_ascension_mode":false,"campfire_choices":[{"data":"Twin Teeth","floor":6.0,"key":"SMITH"},{"floor":12.0,"key":"REST"},{"data":"Pod Fire","floor":15.0,"key":"SMITH"},{"data":"Lunge","floor":15.0,"key":"SMITH"},{"data":"Here Defend Chip+1","floor":29.0,"key":"SMITH"},{"data":"Here Defend Chip+2","floor":29.0,"key":"SMITH"},{"floor":32.0,"key":"REST"},{"data":"Here Defend Chip+3","floor":42,"key":"SMITH"},{"data":"Here Defend Chip+4","floor":42,"key":"SMITH"},{"data":"Here Defend Chip+5","floor":44,"key":"SMITH"},{"data":"Pod Fire","floor":44,"key":"SMITH"},{"data":"Lunge","floor":49,"key":"SMITH"},{"data":"Here Defend Chip+6","floor":49,"key":"SMITH"}],"circlet_count":0,"master_deck":["Apo_Pray","Apo_SoulSlash","Apo_Charge","Apo_Charge","Apo_Charge","Apo_Charge","Apo_Beam","Apo_Beam","Apo_Beam","Apo_Execute","Apo_Slash","Apo_Slash","Apo_SoulSlash"],"relics":["Apod","DaveBox","CogitoBucket","Civilization","SynthV:TestCard","LetterFromLob","Replay:Towering Pillar of Hats","Strawberry","Replay:Arrowhead","SkinProphecy","Black Star","infinitespire:PuzzleCube","CaptainsWheel","infinitespire:Lychee Nut","SynthV:C4","Replay:Rubber Ducky","ReplayTheSpireMod:TigerMarble","infinitespire:Lucky Rock","Justitia_r","ShadowXiaoBlade","Nunchaku","CatCart","OriginationStaff","AspirationHeart","AtMidnight","Torii","ApostleMask"],"acts_visited":["Exordium","TheCity","TheBeyond"],"potions_floor_usage":[52,52],"damage_taken":[{"damage":2.0,"enemies":"2 Louse","floor":1.0,"turns":4.0},{"damage":4.0,"enemies":"Jaw Worm","floor":2.0,"turns":3.0},{"damage":0.0,"enemies":"Cultist","floor":3.0,"turns":3.0},{"damage":5.0,"enemies":"Large Slime","floor":8.0,"turns":2.0},{"damage":1.0,"enemies":"Red Slaver","floor":10.0,"turns":2.0},{"damage":36.0,"enemies":"3 Louse","floor":11.0,"turns":2.0},{"damage":4.0,"enemies":"Large Slime","floor":13.0,"turns":2.0},{"damage":5.0,"enemies":"Fading Forest","floor":16.0,"turns":9.0},{"damage":0.0,"enemies":"Spheric Guardian","floor":21.0,"turns":2.0},{"damage":37.0,"enemies":"Replay:Snechameleon","floor":23.0,"turns":6.0},{"damage":34.0,"enemies":"Nightmare","floor":25.0,"turns":5.0},{"damage":20.0,"enemies":"Shell Parasite","floor":27.0,"turns":3.0},{"damage":8.0,"enemies":"Chosen and Byrds","floor":30.0,"turns":2.0},{"damage":15.0,"enemies":"Snake Plant","floor":31.0,"turns":2.0},{"damage":21,"enemies":"Champ","floor":33,"turns":6},{"damage":4,"enemies":"3 Shapes","floor":35,"turns":1},{"damage":2,"enemies":"Orin","floor":40,"turns":4},{"damage":0,"enemies":"Orb Walker","floor":43,"turns":3},{"damage":0,"enemies":"Jaw Worm Horde","floor":46,"turns":1},{"damage":8,"enemies":"Writhing Mass","floor":48,"turns":3},{"damage":159,"enemies":"Donu and Deca","floor":52,"turns":14}],"seed_played":"-7373358603626464529","potions_obtained":[{"floor":1.0,"key":"Regen Potion"},{"floor":8.0,"key":"FearPotion"},{"floor":13.0,"key":"FearPotion"},{"floor":20.0,"key":"Regen Potion"},{"floor":20.0,"key":"Adrenaline Potion"},{"floor":23.0,"key":"GamblersBrew"},{"floor":27.0,"key":"Cursed Concoction"},{"floor":31.0,"key":"PowerPotion"}],"is_trial":false,"path_per_floor":["M","M","M","?","$","R","T","M","T","M","M","R","M","$","R","B",null,"M","?","?","M","?","E","?","NM","T","M","$","R","M","M","R","B",null,"M","$","PTL","PTL","?","?","AVR","R","M","R","T","M","?","M","R","M","R_BF","B"],"character_chosen":"TD1MADAO_CLASS","items_purchased":["Replay:Towering Pillar of Hats","ReplayTheSpireMod:TigerMarble","infinitespire:Lucky Rock","AttackPotion","Nunchaku"],"campfire_rested":2,"item_purchase_floors":[5,28,28,28,36],"current_hp_per_floor":[70,69,73,73,73,73,80,80,80,84,53,83,85,85,85,91,115,115,115,115,116,116,89,89,56,56,44,44,44,46,35,72,58,132,129,129,129,129,129,140,140,140,152,152,152,155,155,157,157,160,160,0,0],"gold":1141,"neow_bonus":"","is_daily":false,"chose_seed":false,"campfire_upgraded":11,"win_rate":0.0,"timestamp":1611643172,"path_taken":["M","M","M","?","$","R","?","?","T","M","M","R","M","?","R","BOSS","M","?","?","M","?","E","?","NM","T","M","$","R","M","?","R","BOSS","M","$","PTL","PTL","?","?","AVR","R","M","R","T","M","?","M","R","M","R_BF","BOSS"],"items_purchased_type":["Relic","Relic","Relic","Potion","Relic"],"build_version":"2020-12-22","purchased_purges":3,"victory":false,"max_hp_per_floor":[72,75,79,79,79,79,86,91,91,96,101,101,108,108,108,115,115,115,115,115,122,122,129,129,102,102,111,111,111,118,125,125,132,132,139,139,139,139,139,146,146,146,165,165,165,172,172,179,179,181,181,185,185],"card_choices":[{"not_picked":["BeautyBeast","Scorched","MeatLantern"],"picked":"Singing Bowl","floor":1.0},{"not_picked":["Cursed Blade","Paralysis"],"picked":"White Contract","floor":1.0},{"not_picked":["FairyFestival","BigBadWolf","OldLady"],"picked":"Singing Bowl","floor":2.0},{"not_picked":["Lunge","White Contract","Defend System","Awareness"],"picked":"Light Attack","floor":2.0},{"not_picked":["MeatLantern","CherryBlossoms"],"picked":"CrumblingArmor","floor":3.0},{"not_picked":["Preloading","Rupture","Fire Up","Black Shadow"],"picked":"Twin Teeth","floor":3.0},{"not_picked":["UniverseFragment","VoidDream","QueenBee"],"picked":"Singing Bowl","floor":8.0},{"not_picked":["Gravity Defend","Preloading","Judgment","Fire Blade"],"picked":"Pod Fire","floor":8.0},{"not_picked":["Funeral","UniverseFragment","PunishingBird"],"picked":"Singing Bowl","floor":10.0},{"not_picked":["Fire Blade","Preloading","White Contract","Black Shadow"],"picked":"Black Dance","floor":10.0},{"not_picked":["Bloodbath","FairyFestival","WallGazer"],"picked":"Singing Bowl","floor":11.0},{"not_picked":["WhitesApple","NakedNest"],"picked":"OSAHOGD","floor":11.0},{"not_picked":["New Defend Magic","Three Hit","White Contract","Transfer Energy"],"picked":"Lunge","floor":11.0},{"not_picked":["ShyLook","Scorched","SingingMachine"],"picked":"Singing Bowl","floor":13.0},{"not_picked":["Fire Up","Transfer Energy","Three Hit","Lunge"],"picked":"Light Attack","floor":13.0},{"not_picked":["ShyLook","PunishingBird"],"picked":"Mercenary","floor":16.0},{"not_picked":["Moon Tear","Bursts","Overclocking","Im Angry"],"picked":"Pod Laser","floor":16.0},{"not_picked":["UniverseFragment","Murderer"],"picked":"LongBird","floor":21.0},{"not_picked":["New Defend Magic","Coercion","Weapon Shift","Load Balancing"],"picked":"Here Defend Chip","floor":21.0},{"not_picked":["Variant","BigBadWolf","DreamingCurrent"],"picked":"Singing Bowl","floor":23.0},{"not_picked":["FieryBird","Freischutz"],"picked":"GreedKing","floor":23.0},{"not_picked":["Machining","Perfect Defend","Black Hand","White Contract"],"picked":"Lunge","floor":23.0},{"not_picked":["MHz","Porccubus"],"picked":"QueenOfHatred","floor":25.0},{"not_picked":["Sudden Beat","New Defend Magic+1","Light Attack","Gravity Defend"],"picked":"Thunder Jump+1","floor":25.0},{"not_picked":["RedShoes","FairyFestival","Bloodbath"],"picked":"Singing Bowl","floor":27.0},{"not_picked":["Black Hand","Afterwards+1","Awareness","Black Shadow"],"picked":"Twin Teeth","floor":27.0},{"not_picked":["Scarecrow","BigBadWolf","DespairKnight"],"picked":"Singing Bowl","floor":30.0},{"not_picked":["Provocative","Black Shadow","Gravity Defend","Afterwards","Awareness"],"picked":"SKIP","floor":30.0},{"not_picked":["SnowQueen","BigBadWolf","CherryBlossoms"],"picked":"Singing Bowl","floor":31.0},{"not_picked":["Rudolta","SingingMachine"],"picked":"SnowQueen","floor":31.0},{"not_picked":["Black Dance","Format All Data","Afterwards","Fixing","Weapon Shift+1"],"picked":"SKIP","floor":31.0},{"not_picked":["Black Dance","Format All Data","Afterwards","Fixing","Weapon Shift+1"],"picked":"SKIP","floor":31.0},{"not_picked":["WhitesApple","Scorched","DreamingCurrent"],"picked":"Singing Bowl","floor":33},{"not_picked":["Variant","ShyLook"],"picked":"QueenOfHatred","floor":33},{"not_picked":["Overclocking","Format All Data","Bursts","Shockwave Tdmadao"],"picked":"Black Contract","floor":33},{"not_picked":["Laetitia","Variant","FieryBird"],"picked":"Singing Bowl","floor":35},{"not_picked":["Three Hit","Floating Swing Kick","Resistance+1","Preloading"],"picked":"Pod Fire","floor":35},{"not_picked":["Funeral","Scorched","DespairKnight"],"picked":"Singing Bowl","floor":40},{"not_picked":["Recovery Mechanism+1","White Contract+1","Trader+1","Paralysis"],"picked":"Judgment+1","floor":40},{"not_picked":["DreamingCurrent","Freischutz","Variant"],"picked":"Singing Bowl","floor":43},{"not_picked":["WhitesApple","NothingThere"],"picked":"PlagueDoctor","floor":43},{"not_picked":["Machining+1","Resistance","Energy Supply","De Ware Chip","Lore"],"picked":"SKIP","floor":43},{"not_picked":["DreamingCurrent","SilentOrchestra","Porccubus"],"picked":"Singing Bowl","floor":46},{"not_picked":["Black Warm Hole","Resistance","Lore","New Defend Magic+1"],"picked":"Defend System+1","floor":46},{"not_picked":["LittlePrince","Yin","FieryBird"],"picked":"Singing Bowl","floor":48},{"not_picked":["Cooling Song","Sudden Beat+1","Machining+1","Coercion","Light Attack"],"picked":"SKIP","floor":48}],"player_experience":125001,"relics_obtained":[{"floor":1.0,"key":"SynthV:TestCard"},{"floor":1.0,"key":"LetterFromLob"},{"floor":7.0,"key":"Strawberry"},{"floor":9.0,"key":"Replay:Arrowhead"},{"floor":23.0,"key":"infinitespire:PuzzleCube"},{"floor":23.0,"key":"CaptainsWheel"},{"floor":25.0,"key":"infinitespire:Lychee Nut"},{"floor":25.0,"key":"SynthV:C4"},{"floor":26.0,"key":"Replay:Rubber Ducky"},{"floor":40,"key":"CatCart"},{"floor":43,"key":"AtMidnight"},{"floor":45,"key":"Torii"}],"event_choices":[{"damage_healed":0.0,"max_hp_gain":0.0,"max_hp_loss":0.0,"gold_gain":100.0,"event_name":"Golden Shrine","player_choice":"Pray","floor":19.0,"gold_loss":0.0,"damage_taken":0.0},{"damage_healed":0.0,"max_hp_gain":0.0,"max_hp_loss":0.0,"gold_gain":0.0,"event_name":"Lab","player_choice":"Got Potions","floor":20.0,"gold_loss":0.0,"damage_taken":0.0},{"damage_healed":0.0,"max_hp_gain":0.0,"max_hp_loss":0.0,"gold_gain":0.0,"event_name":"Upgrade Shrine","player_choice":"Upgraded","floor":22.0,"gold_loss":0.0,"damage_taken":0.0,"cards_upgraded":["Here Defend Chip"]},{"damage_healed":0.0,"max_hp_gain":0.0,"max_hp_loss":0.0,"gold_gain":0.0,"event_name":"The Mausoleum","player_choice":"Ignored","floor":24.0,"gold_loss":0.0,"damage_taken":0.0},{"damage_healed":0,"gold_gain":999,"player_choice":"Gold","damage_taken":0,"max_hp_gain":0,"max_hp_loss":0,"event_name":"MindBloom","floor":39,"gold_loss":0,"cards_obtained":["Normality","Normality"]},{"damage_healed":0,"gold_gain":0,"player_choice":"Fight","damage_taken":0,"max_hp_gain":0,"max_hp_loss":0,"event_name":"OrinTheCat","floor":40,"gold_loss":0},{"damage_healed":0,"gold_gain":0,"player_choice":"Forge","damage_taken":0,"max_hp_gain":0,"max_hp_loss":0,"event_name":"Accursed Blacksmith","floor":47,"gold_loss":0,"cards_upgraded":["Twin Teeth"]}],"is_beta":false,"boss_relics":[{"not_picked":["construct:ClawGrip","Astrolabe"],"picked":"Black Star"},{"not_picked":["infinitespire:Cupcake","Fusion Hammer"],"picked":"ShadowXiaoBlade"}],"items_purged_floors":[5,28,41],"is_endless":true,"potions_floor_spawned":[1,8,13,23,27,31,48],"killed_by":"Donu and Deca","ascension_level":0}}