{"host":"h1qktzcccqnez8tx","time":1611625605,"event":{"mods":["AchievementEnabler","BaseMod","Bestiary","Better Note","Block Reminder","Colored Map","Colored Powertips","Curses Come First","Highlight Path","Minty Spire (QoL Compilation)","Permanent Neow","Quick Restart","Relic Stats","StSLib","UnlockEverythingMod"],"gold_per_floor":[109,184,199,149,2,30,40,40,66,93,104,104,124,49,49,150,150,160,178,193,212,212,212,241,340,367,85,112,129,147,147,147,247,247,260,16,66,79,99,99,132,132,132,132,82,92,112,112,112],"floor_reached":48,"language":"ENG","playtime":2280,"items_purged":["EmptyFist","Normality"],"score":640,"play_id":"1e8f3426-ae4e-4955-9600-52df02c0b320","local_time":"20210126024645","daily_mods":["Draft","Purple Cards"],"is_ascension_mode":true,"campfire_choices":[{"data":"FollowUp","floor":8,"key":"SMITH"},{"data":"Fission","floor":12,"key":"SMITH"},{"floor":15,"key":"REST"},{"floor":23,"key":"REST"},{"floor":32,"key":"REST"},{"data":"1","floor":40,"key":"LIFT"},{"floor":42,"key":"REST"}],"circlet_count":0,"master_deck":["BootSequence","Capacitor","Ball Lightning","Ball Lightning","Ball Lightning","CutThroughFate","Hologram+1","FollowUp+1","CutThroughFate","Undo","Gash","Conserve Battery+1","Gash","Reinforced Body","Capacitor","DeusExMachina","Gash","Fission+1","Hologram","Hologram","Phantasmal Killer","TalkToTheHand","Hologram","Apotheosis","Self Repair"],"relics":["Cracked Core","Vajra","Bronze Scales","War Paint","Cables","Busted Crown","DataDisk","Blood Vial","Molten Egg 2","Red Mask","Cursed Key","Girya","Smiling Mask","Bag of Marbles"],"acts_visited":["Exordium","TheCity","TheBeyond"],"potions_floor_usage":[21,30,33,33,39,46],"damage_taken":[{"damage":0,"enemies":"2 Louse","floor":1,"turns":2},{"damage":2,"enemies":"Jaw Worm","floor":3,"turns":2},{"damage":14,"enemies":"Lagavulin","floor":6,"turns":4},{"damage":0,"enemies":"Small Slimes","floor":7,"turns":2},{"damage":10,"enemies":"3 Sentries","floor":10,"turns":4},{"damage":0,"enemies":"2 Fungi Beasts","floor":11,"turns":2},{"damage":0,"enemies":"Looter","floor":13,"turns":2},{"damage":32,"enemies":"The Guardian","floor":16,"turns":9},{"damage":2,"enemies":"Chosen","floor":18,"turns":3},{"damage":8,"enemies":"Spheric Guardian","floor":19,"turns":2},{"damage":0,"enemies":"Chosen and Byrds","floor":20,"turns":4},{"damage":23,"enemies":"Snake Plant","floor":21,"turns":3},{"damage":22,"enemies":"Slavers","floor":24,"turns":5},{"damage":18,"enemies":"Masked Bandits","floor":28,"turns":3},{"damage":15,"enemies":"Snecko","floor":29,"turns":4},{"damage":0,"enemies":"3 Cultists","floor":30,"turns":4},{"damage":20,"enemies":"Champ","floor":33,"turns":8},{"damage":1,"enemies":"Orb Walker","floor":35,"turns":3},{"damage":0,"enemies":"Mind Bloom Boss Battle","floor":37,"turns":4},{"damage":24,"enemies":"3 Darklings","floor":38,"turns":4},{"damage":3,"enemies":"Transient","floor":39,"turns":5},{"damage":16,"enemies":"Giant Head","floor":41,"turns":7},{"damage":32,"enemies":"Writhing Mass","floor":46,"turns":4},{"damage":17,"enemies":"4 Shapes","floor":47,"turns":4},{"damage":39,"enemies":"Nemesis","floor":48,"turns":5}],"seed_played":"3646732012183177112","potions_obtained":[{"floor":1,"key":"FocusPotion"},{"floor":3,"key":"Weak Potion"},{"floor":13,"key":"SteroidPotion"},{"floor":18,"key":"Block Potion"},{"floor":24,"key":"Energy Potion"},{"floor":33,"key":"AttackPotion"},{"floor":35,"key":"Explosive Potion"},{"floor":39,"key":"FearPotion"}],"is_trial":true,"path_per_floor":["M","?","M","?","$","E","M","R","T","E","M","R","M","$","R","B",null,"M","M","M","M","?","R","E","?","T","$","?","M","M","?","R","B",null,"M","$","?","M","M","R","E","R","T","?","$","M","M","E"],"character_chosen":"DEFECT","items_purchased":["Vajra","TalkToTheHand","Molten Egg 2","Apotheosis","PotionOfCapacity"],"campfire_rested":4,"item_purchase_floors":[5,27,27,36,36],"current_hp_per_floor":[75,64,62,62,62,48,48,48,48,38,38,38,38,38,60,28,63,61,53,53,30,30,52,30,30,30,30,14,1,3,3,25,7,58,59,59,61,39,38,38,34,56,56,56,56,36,31,0,0],"gold":112,"neow_bonus":"","is_daily":false,"chose_seed":false,"campfire_upgraded":2,"win_rate":0.0,"timestamp":1611625605,"path_taken":["M","?","M","?","$","E","M","R","T","E","M","R","M","$","R","BOSS","M","M","M","M","?","R","E","?","T","$","?","M","M","?","R","BOSS","M","$","?","M","M","R","E","R","T","?","?","M","M","E"],"items_purchased_type":["Relic","Card","Relic","Card","Potion"],"build_version":"2020-12-22","purchased_purges":2,"victory":false,"max_hp_per_floor":[75,75,75,75,75,75,75,75,75,75,75,75,75,75,75,75,75,75,75,75,75,75,75,75,75,75,75,75,75,75,75,75,75,75,75,75,75,75,75,75,75,75,75,75,75,75,75,75,75],"relic_stats":{"Blood Vial":24,"Busted Crown":32,"counters":[25,99],"Bronze Scales":[266],"War Paint":["Conserve Battery","Hologram"],"Cursed Key":1,"Smiling Mask":50,"obtain_stats":[{"Girya":37,"Vajra":5,"War Paint":9,"Cursed Key":34,"Smiling Mask":41,"Cables":10,"Blood Vial":26,"DataDisk":24,"Busted Crown":17,"Bronze Scales":6,"Molten Egg 2":27,"Red Mask":28,"Bag of Marbles":43,"Cracked Core":0},{"Girya":19,"Vajra":2,"War Paint":4,"Cursed Key":17,"Smiling Mask":22,"Cables":5,"Blood Vial":13,"DataDisk":13,"Busted Crown":8,"Bronze Scales":3,"Molten Egg 2":13,"Red Mask":14,"Bag of Marbles":22,"Cracked Core":0},{"Girya":70,"Vajra":4,"War Paint":10,"Cursed Key":63,"Smiling Mask":86,"Cables":14,"Blood Vial":44,"DataDisk":44,"Busted Crown":27,"Bronze Scales":8,"Molten Egg 2":44,"Red Mask":47,"Bag of Marbles":86,"Cracked Core":0}],"Cables":[72,72,0,0,0]},"card_choices":[{"not_picked":["Coolheaded","Chaos"],"picked":"BootSequence","floor":0},{"not_picked":["Redo","Tantrum"],"picked":"Capacitor","floor":0},{"not_picked":["EmptyBody","Coolheaded"],"picked":"Ball Lightning","floor":0},{"not_picked":["Defragment","Beam Cell"],"picked":"Ball Lightning","floor":0},{"not_picked":["Collect","Leap"],"picked":"Ball Lightning","floor":0},{"not_picked":["Protect","Reprogram"],"picked":"CutThroughFate","floor":0},{"not_picked":["Barrage","CrushJoints"],"picked":"FlyingSleeves","floor":0},{"not_picked":["WreathOfFlame","Fasting2"],"picked":"Hologram","floor":0},{"not_picked":["ThirdEye","CrushJoints"],"picked":"FollowUp","floor":0},{"not_picked":["Protect","ThirdEye"],"picked":"CutThroughFate","floor":0},{"not_picked":["LikeWater","EmptyMind"],"picked":"EmptyFist","floor":0},{"not_picked":["FollowUp","Consecrate"],"picked":"Undo","floor":0},{"not_picked":["Nirvana","Crescendo"],"picked":"Gash","floor":0},{"not_picked":["Blizzard","Beam Cell"],"picked":"Conserve Battery","floor":0},{"not_picked":["ForeignInfluence","SashWhip"],"picked":"Gash","floor":0},{"not_picked":["Prostrate","Redo"],"picked":"Reinforced Body","floor":1},{"not_picked":["Stack","Crescendo"],"picked":"Capacitor","floor":3},{"not_picked":["Meditate","CrushJoints"],"picked":"DeusExMachina","floor":6},{"not_picked":["Redo","Protect"],"picked":"Gash","floor":7},{"not_picked":["Study","Stack"],"picked":"Fission","floor":10},{"not_picked":["Rebound","Evaluate"],"picked":"Barrage","floor":11},{"not_picked":["Scrape","ClearTheMind"],"picked":"Hologram","floor":13},{"not_picked":["SashWhip"],"picked":"SKIP","floor":18},{"not_picked":["Crescendo"],"picked":"SKIP","floor":19},{"not_picked":["Nirvana"],"picked":"SKIP","floor":20},{"not_picked":[],"picked":"Hologram","floor":21},{"not_picked":["FollowUp"],"picked":"SKIP","floor":24},{"not_picked":["Tempest"],"picked":"SKIP","floor":29},{"not_picked":["Go for the Eyes+1"],"picked":"SKIP","floor":30},{"not_picked":[],"picked":"Hologram","floor":35},{"not_picked":[],"picked":"Self Repair","floor":38},{"not_picked":["CutThroughFate+1"],"picked":"SKIP","floor":39},{"not_picked":["Scrape+1"],"picked":"SKIP","floor":41},{"not_picked":["SashWhip+1"],"picked":"SKIP","floor":46},{"not_picked":["Barrage+1"],"picked":"SKIP","floor":47}],"player_experience":170484,"relics_obtained":[{"floor":6,"key":"Bronze Scales"},{"floor":9,"key":"War Paint"},{"floor":10,"key":"Cables"},{"floor":24,"key":"DataDisk"},{"floor":26,"key":"Blood Vial"},{"floor":28,"key":"Red Mask"},{"floor":37,"key":"Girya"},{"floor":41,"key":"Smiling Mask"},{"floor":43,"key":"Bag of Marbles"}],"event_choices":[{"damage_healed":0,"gold_gain":75,"player_choice":"Gather Gold","damage_taken":11,"max_hp_gain":0,"max_hp_loss":0,"event_name":"World of Goop","floor":2,"gold_loss":0},{"cards_removed":["FlyingSleeves"],"damage_healed":0,"gold_gain":0,"player_choice":"Card Removal","damage_taken":0,"max_hp_gain":0,"max_hp_loss":0,"event_name":"The Cleric","floor":4,"gold_loss":50},{"cards_removed":["Ball Lightning"],"damage_healed":0,"gold_gain":0,"player_choice":"Take \u0026 Give","damage_taken":0,"max_hp_gain":0,"max_hp_loss":0,"event_name":"betterNote:BetterNote","floor":22,"gold_loss":0,"cards_obtained":["Phantasmal Killer"]},{"damage_healed":0,"gold_gain":99,"player_choice":"Stole From Cult","damage_taken":0,"max_hp_gain":0,"max_hp_loss":0,"event_name":"Nest","floor":25,"gold_loss":0},{"damage_healed":0,"gold_gain":0,"player_choice":"Fought Bandits","damage_taken":0,"max_hp_gain":0,"max_hp_loss":0,"event_name":"Masked Bandits","floor":28,"gold_loss":0},{"cards_removed":["Barrage"],"damage_healed":0,"gold_gain":0,"player_choice":"Elegance","damage_taken":0,"max_hp_gain":0,"max_hp_loss":0,"event_name":"Back to Basics","floor":31,"gold_loss":0},{"damage_healed":0,"gold_gain":0,"player_choice":"Fight","damage_taken":0,"max_hp_gain":0,"max_hp_loss":0,"event_name":"MindBloom","floor":37,"gold_loss":0},{"damage_healed":0,"gold_gain":0,"player_choice":"Ignored","damage_taken":0,"max_hp_gain":0,"max_hp_loss":0,"event_name":"Tomb of Lord Red Mask","floor":44,"gold_loss":0}],"is_beta":false,"boss_relics":[{"not_picked":["Tiny House","Ectoplasm"],"picked":"Busted Crown"},{"not_picked":["Philosopher\u0027s Stone","Astrolabe"],"picked":"Cursed Key"}],"items_purged_floors":[14,45],"is_endless":false,"potions_floor_spawned":[1,3,13,18,24,29,33,35,39,41],"killed_by":"Nemesis","ascension_level":5}}