{"host":"i1ue3w889ogl1u8b","time":1611677976,"event":{"mods":["Arknights The Spire","BaseMod","CapriCore","Downfall","Hermit","KinomotoSakuraMod(木之本樱)","Minty Spire (QoL Compilation)","Quick Restart","StSLib","The Construct","Yakumo Yukari mod","Yuyuko","【角色mod】十八桐人","篝火指南"],"gold_per_floor":[117,137,155,171,171,171,196,196,196,214,226,226,226,226,226,324,324,337,79,98,113,113,113,113,113,163,186,225,250,162,179,179,283,283,298,310,310,323,339,214,214,214,238,269,171,188,188,208,208,208,208],"floor_reached":50,"language":"ZHS","playtime":3822,"items_purged":["ats:Strike G","ats:Defend","ats:Armor Crushing Shot","Trip"],"score":496,"play_id":"d09043cb-6aa6-478e-9a3d-50ecf1dd4a59","local_time":"20210127001936","is_ascension_mode":false,"campfire_choices":[{"data":"ats:Overload","floor":6.0,"key":"SMITH"},{"data":"ats:Emotion Absorption","floor":8.0,"key":"SMITH"},{"data":"ats:Revitalization","floor":12.0,"key":"SMITH"},{"data":"ats:Wolf Pack","floor":15.0,"key":"SMITH"},{"data":"ats:Neurotoxin","floor":23.0,"key":"SMITH"},{"data":"ats:Demon Strength","floor":25.0,"key":"SMITH"},{"data":"ats:Curse Doll","floor":32.0,"key":"SMITH"},{"data":"ats:Healing Strengthening","floor":42.0,"key":"SMITH"},{"data":"ats:True Silver Slash","floor":49.0,"key":"SMITH"}],"circlet_count":0,"master_deck":["ats:Defend","ats:Defend","ats:Defend","ats:Emotion Absorption+1","ats:Overload+1","ats:Song Of Battle","ats:Revitalization+1","ats:Sword Rain","ats:Wolf Pack+1","ats:True Silver Slash+1","ats:Healing Strengthening+1","ats:Neurotoxin+1","ats:Demon Strength+1","ats:Curse Doll+1","ats:Support Order","ats:Guard Mode+1","ats:Literary Storm+1","ats:Absolute Focus","ats:Flexible Camouflage+1"],"relics":["ats:Sanity","NeowsBlessing","ats:Industrial Water Cannon","ats:Originium","Meat on the Bone","HornCleat","Empty Cage","ats:Snipe","MawBank","Nunchaku","Runic Pyramid","Akabeko","Smiling Mask"],"acts_visited":["Exordium","TheCity","TheBeyond"],"potions_floor_usage":[50],"damage_taken":[{"damage":0.0,"enemies":"Jaw Worm","floor":1.0,"turns":1.0},{"damage":0.0,"enemies":"2 Louse","floor":2.0,"turns":1.0},{"damage":0.0,"enemies":"Small Slimes","floor":3.0,"turns":1.0},{"damage":17.0,"enemies":"Looter","floor":4.0,"turns":4.0},{"damage":43.0,"enemies":"3 Sentries","floor":7.0,"turns":12.0},{"damage":22.0,"enemies":"Exordium Thugs","floor":10.0,"turns":4.0},{"damage":3.0,"enemies":"Red Slaver","floor":11.0,"turns":4.0},{"damage":21.0,"enemies":"Slime Boss","floor":16.0,"turns":9.0},{"damage":14.0,"enemies":"Shell Parasite","floor":18.0,"turns":5.0},{"damage":27.0,"enemies":"2 Thieves","floor":20.0,"turns":6.0},{"damage":59.0,"enemies":"Chosen and Byrds","floor":21.0,"turns":8.0},{"damage":14.0,"enemies":"3 Cultists","floor":27.0,"turns":5.0},{"damage":33.0,"enemies":"Book of Stabbing","floor":28.0,"turns":6.0},{"damage":11.0,"enemies":"Snecko","floor":29.0,"turns":5.0},{"damage":30.0,"enemies":"Shelled Parasite and Fungi","floor":31.0,"turns":6.0},{"damage":43.0,"enemies":"Champ","floor":33.0,"turns":9.0},{"damage":12.0,"enemies":"3 Shapes","floor":35.0,"turns":8.0},{"damage":23.0,"enemies":"Orb Walker","floor":36.0,"turns":5.0},{"damage":24.0,"enemies":"Spire Growth","floor":38.0,"turns":4.0},{"damage":20.0,"enemies":"Maw","floor":39.0,"turns":6.0},{"damage":56.0,"enemies":"Giant Head","floor":44.0,"turns":9.0},{"damage":0.0,"enemies":"3 Darklings","floor":46.0,"turns":1.0},{"damage":30.0,"enemies":"Transient","floor":48.0,"turns":5.0},{"damage":65,"enemies":"Donu and Deca","floor":50,"turns":4}],"seed_played":"8723987711417005005","potions_obtained":[{"floor":1.0,"key":"Weak Potion"},{"floor":7.0,"key":"Explosive Potion"},{"floor":11.0,"key":"AttackPotion"},{"floor":20.0,"key":"Fire Potion"},{"floor":24.0,"key":"Block Potion"},{"floor":24.0,"key":"SteroidPotion"},{"floor":27.0,"key":"champ:CounterPotion"},{"floor":28.0,"key":"FearPotion"},{"floor":36.0,"key":"LiquidMemories"},{"floor":44.0,"key":"ColorlessPotion"},{"floor":46.0,"key":"Fire Potion"},{"floor":48.0,"key":"Fire Potion"}],"is_trial":false,"path_per_floor":["M","M","M","M","?","R","E","R","T","M","M","R","?","?","R","B",null,"M","$","M","M","?","R","?","R","T","M","E","M","$","M","R","B",null,"M","M","?","M","M","R","?","R","T","E","$","M","?","M","R","B"],"character_chosen":"DOCTOR_CLASS","items_purchased":["ats:Neurotoxin","ats:Snipe","ats:Absolute Focus"],"campfire_rested":0,"item_purchase_floors":[19,19,45],"current_hp_per_floor":[72,72,72,60,53,53,37,37,37,30,45,45,45,38,38,29,72,68,68,48,25,25,25,25,25,25,23,26,33,33,47,47,39,72,72,54,54,43,41,41,41,41,41,46,46,46,46,46,46,0,0],"gold":208,"neow_bonus":"THREE_ENEMY_KILL","is_daily":false,"chose_seed":false,"campfire_upgraded":9,"win_rate":0.0,"timestamp":1611677976,"path_taken":["M","M","M","M","?","R","E","R","T","M","M","R","?","?","R","BOSS","M","$","M","M","?","R","?","R","T","?","E","?","$","M","R","BOSS","M","M","?","M","M","R","?","R","T","E","$","M","?","M","R","BOSS"],"items_purchased_type":["Card","Relic","Card"],"build_version":"2020-12-22","purchased_purges":4,"victory":false,"max_hp_per_floor":[72,72,72,72,72,72,72,72,72,72,72,72,72,72,72,72,72,72,72,72,72,72,72,72,72,72,72,72,72,72,72,72,72,72,72,72,72,72,72,72,72,72,72,72,72,72,72,72,72,72,72],"card_choices":[{"not_picked":["ats:Healing Drone","ats:Powerful Strike"],"picked":"ats:Overload","floor":1.0},{"not_picked":["ats:Absolute Focus","ats:Serious Mode"],"picked":"ats:Song Of Battle","floor":2.0},{"not_picked":["ats:Hammer On","ats:Spore Proliferation"],"picked":"ats:Revitalization","floor":3.0},{"not_picked":["ats:Flexible Camouflage","ats:Very Hot Blade","ats:Powerful Strike"],"picked":"SKIP","floor":4.0},{"not_picked":["ats:Spore Proliferation","ats:Ignite"],"picked":"ats:Sword Rain","floor":7.0},{"not_picked":["ats:Blood Oath","ats:Poison Spread","ats:Consecutive Shot Auto"],"picked":"SKIP","floor":10.0},{"not_picked":["ats:Rapid Magazine","ats:Guard Mode"],"picked":"ats:Wolf Pack","floor":11.0},{"not_picked":["ats:Wolf Pack","ats:Durian"],"picked":"ats:True Silver Slash","floor":16.0},{"not_picked":["ats:Defend Order","ats:Revitalization+1"],"picked":"ats:Healing Strengthening","floor":18.0},{"not_picked":["ats:Apocalypse+1","ats:Phantom+1"],"picked":"ats:Demon Strength","floor":20.0},{"not_picked":["ats:Ignite+1","ats:Sword Rain+1","ats:Revitalization"],"picked":"SKIP","floor":21.0},{"not_picked":["ats:Apocalypse","ats:Phantom","ats:Thermite Blade"],"picked":"SKIP","floor":27.0},{"not_picked":["ats:Leaping Hammer","ats:Sunburst"],"picked":"ats:Curse Doll","floor":28.0},{"not_picked":["ats:Serious Mode","ats:Very Hot Blade"],"picked":"ats:Support Order","floor":29.0},{"not_picked":["ats:Very Hot Blade","ats:Closed Bolt Burst Fire","ats:Flexible Camouflage"],"picked":"SKIP","floor":31.0},{"not_picked":["ats:Explosion Area Strengthen","ats:Defend Order","ats:Closed Bolt Burst Fire"],"picked":"SKIP","floor":35.0},{"not_picked":["ats:Composite Medical Shells+1","ats:Absolute Focus+1"],"picked":"ats:Guard Mode+1","floor":36.0},{"not_picked":["ats:Healing Drone+1","ats:Leaping Hammer","ats:Apocalypse"],"picked":"SKIP","floor":38.0},{"not_picked":["ats:Leaping Hammer","ats:Rapid Magazine+1","ats:Guard Mode"],"picked":"SKIP","floor":39.0},{"not_picked":["Discovery","Jack Of All Trades"],"picked":"Trip","floor":41.0},{"not_picked":["ats:Charging Defense","ats:Demon Strength+1"],"picked":"ats:Literary Storm+1","floor":44.0},{"not_picked":["ats:Assault Order+1","ats:Part Time Job+1","ats:Leaping Hammer"],"picked":"SKIP","floor":46.0},{"not_picked":["ats:Explosion Area Strengthen","ats:Burning Ground+1"],"picked":"ats:Flexible Camouflage+1","floor":48.0}],"player_experience":323238,"relics_obtained":[{"floor":7.0,"key":"ats:Originium"},{"floor":7.0,"key":"Meat on the Bone"},{"floor":9.0,"key":"HornCleat"},{"floor":26.0,"key":"MawBank"},{"floor":28.0,"key":"ats:Originium"},{"floor":28.0,"key":"Nunchaku"},{"floor":43.0,"key":"Akabeko"},{"floor":44.0,"key":"ats:Originium"},{"floor":44.0,"key":"Smiling Mask"}],"event_choices":[{"damage_healed":0.0,"max_hp_gain":0.0,"max_hp_loss":0.0,"gold_gain":0.0,"event_name":"Scrap Ooze","player_choice":"Success","floor":5.0,"gold_loss":0.0,"damage_taken":7.0,"relics_obtained":["ats:Industrial Water Cannon"]},{"damage_healed":0.0,"max_hp_gain":0.0,"max_hp_loss":0.0,"gold_gain":0.0,"event_name":"Liars Game","player_choice":"Ignored","floor":13.0,"gold_loss":0.0,"damage_taken":0.0},{"cards_removed":["ats:Strike C"],"damage_healed":0.0,"max_hp_gain":0.0,"max_hp_loss":0.0,"gold_gain":0.0,"event_name":"Golden Wing","player_choice":"Card Removal","floor":14.0,"gold_loss":0.0,"damage_taken":7.0},{"damage_healed":0.0,"max_hp_gain":0.0,"max_hp_loss":0.0,"gold_gain":0.0,"event_name":"Vampires","player_choice":"Ignored","floor":22.0,"gold_loss":0.0,"damage_taken":0.0},{"damage_healed":0.0,"max_hp_gain":0.0,"max_hp_loss":0.0,"gold_gain":0.0,"event_name":"Lab","player_choice":"Got Potions","floor":24.0,"gold_loss":0.0,"damage_taken":0.0},{"damage_healed":0.0,"max_hp_gain":0.0,"max_hp_loss":0.0,"gold_gain":0.0,"event_name":"Tomb of Lord Red Mask","player_choice":"Ignored","floor":37.0,"gold_loss":0.0,"damage_taken":0.0},{"damage_healed":0.0,"max_hp_gain":0.0,"max_hp_loss":0.0,"gold_gain":0.0,"event_name":"SensoryStone","player_choice":"Memory 1","floor":41.0,"gold_loss":0.0,"damage_taken":0.0},{"damage_healed":0.0,"max_hp_gain":0.0,"max_hp_loss":0.0,"gold_gain":0.0,"event_name":"NoteForYourself","player_choice":"Ignored","floor":47.0,"gold_loss":0.0,"damage_taken":0.0}],"is_beta":false,"boss_relics":[{"not_picked":["Fusion Hammer","SacredBark"],"picked":"Empty Cage"},{"not_picked":["Velvet Choker","Black Star"],"picked":"Runic Pyramid"}],"items_purged_floors":[19,30,40,45],"is_endless":false,"potions_floor_spawned":[1,7,11,20,27,28,36,38,44,46,48],"killed_by":"Donu and Deca","ascension_level":0}}