{"host":"5dk97cf2ubw2v967","time":1611675620,"event":{"mods":["AlwaysNeverKeys","BaseMod","Better Altar","Better Vampires","Block Reminder","Colored Powertips","Downfall","Googly Eyes","Highlight Path","Minty Spire (QoL Compilation)","Permanent Neow","Potion Indicator Mod","Quick Restart","Relic Filter","Relic Stats","Say the Spire","Spicy Shops","StSLib","Waifu the Spire","everything is the same but u backflip on backflip"],"gold_per_floor":[99,9,19,29,45,30,30,15,27,27,27,27],"floor_reached":10,"language":"ENG","playtime":558,"items_purged":["Guardian:Defend_Guardian"],"score":96,"play_id":"ffb9d190-cdb0-49ab-a566-a9879e8089a1","local_time":"20210126154020","is_ascension_mode":true,"campfire_choices":[{"data":"Guardian:TwinSlam","floor":1,"key":"SMITH"}],"circlet_count":0,"master_deck":["AscendersBane","Guardian:Strike_Guardian","Guardian:Strike_Guardian","Guardian:Strike_Guardian","Guardian:Strike_Guardian","Guardian:Defend_Guardian","Guardian:Defend_Guardian","Guardian:Defend_Guardian","Guardian:CurlUp","Guardian:TwinSlam+1","Guardian:BaubleBeam","Guardian:SpikerProtocol","Guardian:Gem_Cyan","Guardian:BronzeArmor","Guardian:AncientConstruct","Guardian:BronzeOrb","Guardian:ArmoredProtocol","Guardian:Repulse"],"relics":["Guardian:ModeShifter","Eternal Feather"],"acts_visited":["Exordium"],"potions_floor_usage":[9,10],"damage_taken":[{"damage":5,"enemies":"downfall:FleeingMerchant","floor":2,"turns":4},{"damage":0,"enemies":"Cultist","floor":3,"turns":4},{"damage":0,"enemies":"2 Louse","floor":4,"turns":2},{"damage":7,"enemies":"Small Slimes","floor":5,"turns":5},{"damage":5,"enemies":"downfall:FleeingMerchant","floor":6,"turns":4},{"damage":10,"enemies":"downfall:FleeingMerchant","floor":8,"turns":4},{"damage":15,"enemies":"Gremlin Gang","floor":9,"turns":4},{"damage":7,"enemies":"3 Sentries","floor":10,"turns":7}],"seed_played":"-7897745776865941349","potions_obtained":[{"floor":4,"key":"champ:CounterPotion"},{"floor":9,"key":"Swift Potion"}],"is_trial":false,"path_per_floor":["R","$","M","M","M","$","T","$","M","E"],"character_chosen":"GUARDIAN","items_purchased":[],"campfire_rested":0,"item_purchase_floors":[],"current_hp_per_floor":[51,46,46,46,39,34,34,24,9,2,2,2],"gold":27,"neow_bonus":"THREE_RARE_CARDS","is_daily":false,"chose_seed":false,"campfire_upgraded":1,"win_rate":0.0,"timestamp":1611675620,"path_taken":["R","$","M","?","M","$","T","$","M","E"],"items_purchased_type":[],"build_version":"2020-12-22","purchased_purges":1,"victory":false,"max_hp_per_floor":[80,80,80,80,80,80,80,80,80,80,80,80],"relic_stats":{"counters":[8,34],"Eternal Feather":0,"obtain_stats":[{"Guardian:ModeShifter":0,"Eternal Feather":7},{"Guardian:ModeShifter":0,"Eternal Feather":5},{"Guardian:ModeShifter":0,"Eternal Feather":19}]},"card_choices":[{"not_picked":["Guardian:StasisStrike","Guardian:SphericShield"],"picked":"Guardian:BaubleBeam","floor":0},{"not_picked":["Guardian:DecasProtection","Guardian:ChargeCore"],"picked":"Guardian:SpikerProtocol","floor":2},{"not_picked":["Guardian:Gem_Purple","Guardian:DecasProtection"],"picked":"Guardian:Gem_Cyan","floor":3},{"not_picked":["Guardian:WalkerClaw","Guardian:Gem_Green"],"picked":"Guardian:BronzeArmor","floor":4},{"not_picked":["Guardian:Gem_Red","Guardian:RollAttack"],"picked":"Guardian:AncientConstruct","floor":5},{"not_picked":["Guardian:Emergency","Guardian:DonusPower"],"picked":"Guardian:BronzeOrb","floor":6},{"not_picked":["Guardian:FastForward","Guardian:TemporalStrike"],"picked":"Guardian:ArmoredProtocol","floor":8},{"not_picked":["Guardian:BronzeArmor","Guardian:VentSteam"],"picked":"Guardian:Repulse","floor":9}],"player_experience":1263423,"relics_obtained":[{"floor":7,"key":"Eternal Feather"}],"event_choices":[],"is_beta":false,"boss_relics":[],"items_purged_floors":[2],"is_endless":false,"potions_floor_spawned":[4,9],"killed_by":"3 Sentries","ascension_level":13}}