{"host":"hqsnl0mtmp1qafm7","time":1611656876,"event":{"mods":["AchievementEnabler","BaseMod","Better Altar","Better Third Choice","Colored Map","Colored Powertips","Conspire","Downfall","Friendly Minions","Hubris","Minty Spire (QoL Compilation)","Permanent Neow","Quick Restart","Rare Cards Sparkle","Replay The Spire","StSLib","Wandering Minibosses","egg"],"gold_per_floor":[349,359,374,386,386,13,13,26,38,49,75,102,102,43,63,63,63,63],"floor_reached":16,"language":"ENG","playtime":1826,"items_purged":["Slimebound:Strike_Slimebound"],"score":104,"play_id":"d78972d9-13b9-4c9b-8833-e37f715628af","local_time":"20210126052756","is_ascension_mode":false,"campfire_choices":[{"data":"Slimebound:Split","floor":1,"key":"SMITH"}],"circlet_count":0,"master_deck":["Slimebound:Strike_Slimebound","Slimebound:Strike_Slimebound","Slimebound:Tackle","Slimebound:Defend_Slimebound","Slimebound:Defend_Slimebound","Slimebound:Defend_Slimebound","Slimebound:Defend_Slimebound","Slimebound:Split+1","Slimebound:CorrosiveSpit","Slimebound:LeechEnergy","Slimebound:Nibble","Slimebound:DisruptingSlam","Slimebound:DouseInSlime","Slimebound:SplitLeeching","Slimebound:ForwardTackle","Slimebound:SplitMire","Slimebound:SamplingLick","Slimebound:LeechEnergy","Slimebound:HauntingLick","Slimebound:SlimeBarrage","Slimebound:Prepare+1","Slimebound:GoopSpray","Slimebound:Equalize"],"relics":["Slimebound:AbsorbEndCombat","downfall:BrokenWingStatue","ReplayTheSpireMod:Lightbulb","Blue Doll","hubris:SphereOfDissonance","Oddly Smooth Stone","Regal Pillow"],"acts_visited":["Exordium"],"potions_floor_usage":[14,16,16],"damage_taken":[{"damage":1,"enemies":"Jaw Worm","floor":2,"turns":4},{"damage":0,"enemies":"conspire:RoseBush","floor":3,"turns":5},{"damage":0,"enemies":"2 Louse","floor":4,"turns":3},{"damage":6,"enemies":"downfall:FleeingMerchant","floor":6,"turns":4},{"damage":8,"enemies":"Blue Slaver","floor":8,"turns":3},{"damage":17,"enemies":"Exordium Wildlife","floor":9,"turns":4},{"damage":11,"enemies":"Exordium Thugs","floor":10,"turns":3},{"damage":37,"enemies":"Gremlin Nob","floor":11,"turns":4},{"damage":6,"enemies":"conspire:MimicChest","floor":12,"turns":5},{"damage":8,"enemies":"downfall:FleeingMerchant","floor":14,"turns":4},{"damage":0,"enemies":"3 Louse","floor":15,"turns":2},{"damage":37,"enemies":"DF_ARCHETYPE_STREAMLINE","floor":16,"turns":6}],"seed_played":"5909821726493131132","potions_obtained":[{"floor":8,"key":"Milkshake"},{"floor":10,"key":"Venom Potion"},{"floor":12,"key":"PowerPotion"},{"floor":15,"key":"Explosive Potion"}],"is_trial":false,"path_per_floor":["R","M","M","M","?","$","T","M","M","M","E","?","?","$","M","B"],"character_chosen":"SLIMEBOUND","items_purchased":["Slimebound:SplitLeeching","Slimebound:ForwardTackle","ReplayTheSpireMod:Lightbulb","Slimebound:Prepare+1","Slimebound:GoopSpray"],"campfire_rested":0,"item_purchase_floors":[6,6,6,14,14],"current_hp_per_floor":[59,59,59,59,59,57,57,55,46,39,10,12,12,8,14,0,0,0],"gold":63,"neow_bonus":"TWO_FIFTY_GOLD","is_daily":false,"chose_seed":false,"campfire_upgraded":1,"win_rate":0.0,"timestamp":1611656876,"path_taken":["R","M","M","M","?","$","T","M","M","M","E","?","?","?","M","BOSS"],"items_purchased_type":["Card","Card","Relic","Card","Card"],"build_version":"2020-12-22","purchased_purges":1,"victory":false,"max_hp_per_floor":[59,59,59,59,59,59,59,59,59,59,59,59,59,59,59,59,59,59],"card_choices":[{"not_picked":["Slimebound:Schlurp","Slimebound:SlimeSpikes"],"picked":"Slimebound:LeechEnergy","floor":2},{"not_picked":["Slimebound:Replication","Slimebound:SamplingLick"],"picked":"Slimebound:Nibble","floor":3},{"not_picked":["Slimebound:FlameTackle","Slimebound:LeechingTouch"],"picked":"Slimebound:DisruptingSlam","floor":4},{"not_picked":["Slimebound:SplitLeeching","Slimebound:LeechingTouch"],"picked":"Slimebound:DouseInSlime","floor":6},{"not_picked":["Slimebound:SplitBruiser","Slimebound:FinishingTackle"],"picked":"Slimebound:SplitMire","floor":8},{"not_picked":["Slimebound:PressTheAttack","Slimebound:RainOfGoop"],"picked":"Slimebound:SamplingLick","floor":9},{"not_picked":["Slimebound:SplitBruiser","Slimebound:FormOfPuddle"],"picked":"Slimebound:LeechEnergy","floor":10},{"not_picked":["Slimebound:DisruptingSlam","Slimebound:Overexert","Slimebound:PressTheAttack"],"picked":"SKIP","floor":11},{"not_picked":["Slimebound:SplitBruiser","Slimebound:FormOfPuddle"],"picked":"Slimebound:HauntingLick","floor":12},{"not_picked":["Slimebound:FinishingTackle","Slimebound:SelfFormingGoo"],"picked":"Slimebound:SlimeBarrage","floor":14},{"not_picked":["Slimebound:SlimeSpikes","Slimebound:LeechingTouch"],"picked":"Slimebound:Equalize","floor":15}],"player_experience":77556,"relics_obtained":[{"floor":7,"key":"Blue Doll"},{"floor":11,"key":"hubris:SphereOfDissonance"},{"floor":12,"key":"Oddly Smooth Stone"}],"event_choices":[],"is_beta":false,"boss_relics":[],"items_purged_floors":[6],"is_endless":false,"potions_floor_spawned":[8,10,12,15],"killed_by":"DF_ARCHETYPE_STREAMLINE","ascension_level":0}}