{"host":"y1oqg7uy0jc6f5mb","time":1611696681,"event":{"mods":["BaseMod","Better Altar","Better Match","Better Note","Better Sensory Stone","Better Skull","Better Third Choice","Block Reminder","Colored Map","Colored Powertips","Custom Start","DeckTracker","Displayed Cursed Tome","Highlight Path","Ironclad Rager","Minty Spire (QoL Compilation)","Permanent Neow","Quick Restart","Relic Sorter","Relic Stats","Replay The Spire","Shop Mod","StSLib"],"gold_per_floor":[140,215,215,5,16,16,16,42,118,134,148,26,26,37,37,162,162,212,212,227,276,12,12,57,57,133,133,133,181,229,256,256,387,387,405,425,425,9,205,233,233,277,301,315,315,315,315],"floor_reached":46,"language":"ENG","playtime":5270,"items_purged":["Strike_P","Defend_P","Defend_P","CommonCold"],"score":571,"play_id":"0992b8e7-6c83-4b5f-b403-963f6e928616","local_time":"20210127053121","is_ascension_mode":true,"campfire_choices":[{"data":"MentalFortress","floor":6.0,"key":"SMITH"},{"floor":13.0,"key":"REST"},{"floor":15.0,"key":"REST"},{"data":"Eruption","floor":23.0,"key":"SMITH"},{"data":"Judgement","floor":25.0,"key":"SMITH"},{"floor":28.0,"key":"REST"},{"floor":32.0,"key":"REST"},{"floor":41.0,"key":"REST"}],"circlet_count":0,"master_deck":["Eruption+1","Vigilance","Wish+1","MentalFortress+1","FlurryOfBlows","Crescendo","Panache","InnerPeace","DeceiveReality","Replay:Hum","EmptyFist","Judgement+1","Evaluate","EmptyBody","Injury","Wish+1","Wireheading+1","CutThroughFate+1","EmptyMind","Devotion","Clumsy","Replay:DivineShield","Adaptation","Consecrate+1","Finesse","ClearTheMind+1","Languid","Replay:Vibes"],"relics":["PureWater","Membership Card","Replay:Baseball","Replay:Bottled Flurry","Ancient Tea Set","Cursed Key","Molten Egg 2","Nunchaku","Pear","FossilizedHelix","Kintsugi","Singing Bowl","MealTicket","Vajra","Oddly Smooth Stone"],"acts_visited":["Exordium","TheCity","TheBeyond"],"potions_floor_usage":[],"damage_taken":[{"damage":4.0,"enemies":"Small Slimes","floor":1.0,"turns":6.0},{"damage":5.0,"enemies":"Jaw Worm","floor":5.0,"turns":4.0},{"damage":37.0,"enemies":"3 Sentries","floor":8.0,"turns":17.0},{"damage":1.0,"enemies":"Cultist","floor":10.0,"turns":3.0},{"damage":0.0,"enemies":"Looter","floor":11.0,"turns":3.0},{"damage":29.0,"enemies":"Exordium Thugs","floor":14.0,"turns":5.0},{"damage":16.0,"enemies":"Hexaghost","floor":16.0,"turns":8.0},{"damage":12.0,"enemies":"Shell Parasite","floor":18.0,"turns":7.0},{"damage":6.0,"enemies":"2 Thieves","floor":20.0,"turns":4.0},{"damage":5.0,"enemies":"Centurion and Healer","floor":21.0,"turns":6.0},{"damage":20.0,"enemies":"Snake Plant","floor":24.0,"turns":4.0},{"damage":7.0,"enemies":"Chosen and Byrds","floor":29.0,"turns":9.0},{"damage":1.0,"enemies":"Cultist and Chosen","floor":30.0,"turns":8.0},{"damage":17.0,"enemies":"Book of Stabbing","floor":31.0,"turns":5.0},{"damage":0.0,"enemies":"Collector","floor":33.0,"turns":9.0},{"damage":8.0,"enemies":"3 Darklings","floor":35.0,"turns":6.0},{"damage":0.0,"enemies":"3 Shapes","floor":36.0,"turns":4.0},{"damage":109.0,"enemies":"Reptomancer","floor":40.0,"turns":8.0},{"damage":44.0,"enemies":"3 Darklings","floor":42.0,"turns":6.0},{"damage":0.0,"enemies":"Maw","floor":44.0,"turns":8.0},{"damage":39,"enemies":"Transient","floor":46,"turns":3}],"seed_played":"6127767959967249537","potions_obtained":[{"floor":8.0,"key":"Fruit Juice"},{"floor":10.0,"key":"Strength Potion"},{"floor":14.0,"key":"CultistPotion"},{"floor":16.0,"key":"SpeedPotion"},{"floor":18.0,"key":"LiquidMemories"},{"floor":30.0,"key":"Explosive Potion"},{"floor":31.0,"key":"ColorlessPotion"},{"floor":40.0,"key":"LiquidBronze"},{"floor":42.0,"key":"SteroidPotion"}],"is_trial":false,"path_per_floor":["M","?","?","$","M","R","?","E","T","M","M","$","R","M","R_BF","B",null,"M","?","M","M","$","R","M","R","T","?","R","M","M","E","R","B",null,"M","M","?","$","T","E","R","M","T","M","?","M"],"character_chosen":"WATCHER","items_purchased":["Membership Card","FlurryOfBlows","Ancient Tea Set","Molten Egg 2","Nunchaku","Consecrate+1","Finesse","Secret Weapon","FairyPotion","Singing Bowl"],"campfire_rested":5,"item_purchase_floors":[4,4,12,22,22,38,38,38,38,38],"current_hp_per_floor":[68,57,57,57,52,52,52,15,15,14,19,19,42,13,36,20,77,65,65,59,54,54,54,34,34,44,44,70,63,62,45,71,71,87,79,79,79,79,79,20,45,1,1,1,1,0,0],"gold":315,"neow_bonus":"ONE_RANDOM_RARE_CARD","is_daily":false,"chose_seed":false,"campfire_upgraded":3,"win_rate":0.0,"timestamp":1611696681,"path_taken":["M","?","?","?","?","R","?","E","T","M","M","$","R","M","R_BF","BOSS","M","?","M","?","$","R","M","R","T","?","R","?","M","E","R","BOSS","M","M","?","$","?","E","R","M","T","M","?","M"],"items_purchased_type":["Relic","Card","Relic","Relic","Relic","Card","Card","Card","Potion","Relic"],"build_version":"2020-12-22","purchased_purges":4,"victory":false,"max_hp_per_floor":[72,72,72,72,72,72,72,72,72,72,77,77,77,77,77,77,77,77,77,77,77,77,77,77,77,87,87,87,87,87,87,87,87,87,87,87,83,83,83,85,85,85,85,85,85,85,85],"relic_stats":{"Nunchaku":[12],"Singing Bowl":2,"counters":[21,133],"MealTicket":0,"Cursed Key":3,"obtain_stats":[{"Pear":26,"Singing Bowl":38,"Vajra":40,"Oddly Smooth Stone":43,"Ancient Tea Set":12,"Cursed Key":17,"Replay:Baseball":8,"Nunchaku":22,"Molten Egg 2":22,"MealTicket":39,"Replay:Bottled Flurry":9,"Membership Card":4,"PureWater":0,"Kintsugi":34,"FossilizedHelix":31},{"Pear":11,"Singing Bowl":17,"Vajra":18,"Oddly Smooth Stone":19,"Ancient Tea Set":5,"Cursed Key":7,"Replay:Baseball":3,"Nunchaku":10,"Molten Egg 2":10,"MealTicket":17,"Replay:Bottled Flurry":3,"Membership Card":1,"PureWater":0,"Kintsugi":15,"FossilizedHelix":14},{"Pear":67,"Singing Bowl":108,"Vajra":116,"Oddly Smooth Stone":122,"Ancient Tea Set":33,"Cursed Key":46,"Replay:Baseball":27,"Nunchaku":63,"Molten Egg 2":63,"MealTicket":108,"Replay:Bottled Flurry":27,"Membership Card":6,"PureWater":0,"Kintsugi":98,"FossilizedHelix":89}]},"card_choices":[{"not_picked":["Protect","DeceiveReality"],"picked":"MentalFortress","floor":1.0},{"not_picked":["Perseverance","Protect"],"picked":"Crescendo","floor":5.0},{"not_picked":["ReplayTheSpireMod:Uncanny Aura","Violence"],"picked":"Panache","floor":7.0},{"not_picked":["Replay:ManipulateFuture","MentalFortress"],"picked":"InnerPeace","floor":8.0},{"not_picked":["InnerPeace","FlurryOfBlows"],"picked":"DeceiveReality","floor":10.0},{"not_picked":["FlurryOfBlows","JustLucky"],"picked":"Replay:Hum","floor":11.0},{"not_picked":["Replay:Battleflow","Indignation"],"picked":"EmptyFist","floor":14.0},{"not_picked":["Blasphemy","Replay:LoomingThreat"],"picked":"Judgement","floor":16.0},{"not_picked":["BowlingBash","CrushJoints"],"picked":"Evaluate","floor":18.0},{"not_picked":["TalkToTheHand","SashWhip","FlyingSleeves"],"picked":"SKIP","floor":20.0},{"not_picked":["Replay:BluntJabs","CrushJoints+1","Crescendo"],"picked":"SKIP","floor":21.0},{"not_picked":["CutThroughFate+1","SashWhip+1"],"picked":"EmptyBody","floor":24.0},{"not_picked":["FollowUp+1","ForeignInfluence"],"picked":"Wireheading+1","floor":29.0},{"not_picked":["EmptyBody","DeceiveReality"],"picked":"CutThroughFate+1","floor":30.0},{"not_picked":["Perseverance","Replay:AllIn"],"picked":"EmptyMind","floor":31.0},{"not_picked":["Judgement","Blasphemy"],"picked":"Devotion","floor":33.0},{"not_picked":["Halt+1","LikeWater"],"picked":"Replay:DivineShield","floor":35.0},{"not_picked":["CutThroughFate+1","Replay:Hum"],"picked":"Adaptation","floor":36.0},{"not_picked":["Replay:ManipulateFuture+1","CrushJoints+1","PathToVictory"],"picked":"Singing Bowl","floor":40.0},{"not_picked":["CrushJoints+1","DeceiveReality"],"picked":"ClearTheMind+1","floor":42.0},{"not_picked":["Halt","CarveReality+1"],"picked":"Replay:Vibes","floor":44.0}],"player_experience":238635,"relics_obtained":[{"floor":8.0,"key":"Replay:Baseball"},{"floor":9.0,"key":"Replay:Bottled Flurry"},{"floor":26.0,"key":"Pear"},{"floor":31.0,"key":"FossilizedHelix"},{"floor":39.0,"key":"MealTicket"},{"floor":40.0,"key":"Vajra"},{"floor":43.0,"key":"Oddly Smooth Stone"}],"event_choices":[{"damage_healed":0.0,"max_hp_gain":0.0,"max_hp_loss":0.0,"gold_gain":75.0,"event_name":"betterThird:BetterGoop","player_choice":"Gold","floor":2.0,"gold_loss":0.0,"damage_taken":11.0},{"damage_healed":0.0,"max_hp_gain":0.0,"max_hp_loss":0.0,"gold_gain":0.0,"event_name":"Living Wall","player_choice":"Grow","floor":3.0,"gold_loss":0.0,"damage_taken":0.0,"cards_upgraded":["Wish"]},{"damage_healed":0.0,"max_hp_gain":0.0,"max_hp_loss":0.0,"gold_gain":1.0,"event_name":"betterStone:BetterStone","player_choice":"1","floor":7.0,"gold_loss":0.0,"damage_taken":0.0},{"cards_removed":["Strike_P"],"damage_healed":0.0,"max_hp_gain":0.0,"max_hp_loss":0.0,"gold_gain":0.0,"event_name":"Bonfire Elementals","player_choice":"Offered Basic","floor":19.0,"gold_loss":0.0,"damage_taken":0.0},{"damage_healed":0.0,"max_hp_gain":0.0,"max_hp_loss":0.0,"gold_gain":0.0,"event_name":"Duplicator","player_choice":"Copied","floor":27.0,"gold_loss":0.0,"damage_taken":0.0,"cards_obtained":["Wish"]},{"damage_healed":0.0,"max_hp_gain":0.0,"max_hp_loss":4.0,"gold_gain":0.0,"event_name":"Winding Halls","player_choice":"Max HP","floor":37.0,"gold_loss":0.0,"damage_taken":0.0},{"cards_removed":["Decay"],"damage_healed":0.0,"max_hp_gain":0.0,"max_hp_loss":0.0,"gold_gain":0.0,"event_name":"Purifier","player_choice":"Purged","floor":45.0,"gold_loss":0.0,"damage_taken":0.0}],"is_beta":false,"boss_relics":[{"not_picked":["Empty Cage","Painkiller Herb"],"picked":"Cursed Key"},{"not_picked":["Tiny House","Snecko Eye"],"picked":"Kintsugi"}],"items_purged_floors":[4,12,22,38],"is_endless":false,"potions_floor_spawned":[8,10,14,16,18,30,31,40,42],"killed_by":"Transient","ascension_level":1}}