{"host":"qekv59dthhdg54sz","time":1611633914,"event":{"mods":["AchievementEnabler","BaseMod","Colored Map","DeckTracker","KOR Keyword Fix","Minty Spire (QoL Compilation)","Rare Cards Sparkle","StSLib","SuperFastMode"],"gold_per_floor":[110,110,39,114,127,127,162,162,235,248,266,291,291,310,310,412,412,422,422,273,299,315,315,332,366,366,395,395,395,104,104,104,202,202,221,67,119,129,129,129,162,180,180,214,264,52,52,64,64,64],"floor_reached":51,"language":"KOR","playtime":1797,"items_purged":["Strike_R","Strike_R","Havoc"],"score":1085,"play_id":"9d0b5e1b-402c-4862-874f-5cf7ae742715","local_time":"20210126130514","is_ascension_mode":true,"campfire_choices":[{"data":"Bash","floor":6.0,"key":"SMITH"},{"data":"True Grit","floor":8.0,"key":"SMITH"},{"data":"Shrug It Off","floor":13.0,"key":"SMITH"},{"data":"Evolve","floor":15.0,"key":"SMITH"},{"data":"Fire Breathing","floor":23.0,"key":"SMITH"},{"floor":28.0,"key":"REST"},{"data":"Metamorphosis","floor":32,"key":"SMITH"},{"data":"Battle Trance","floor":40,"key":"SMITH"},{"data":"Fire Breathing","floor":49,"key":"SMITH"}],"circlet_count":0,"master_deck":["Bash+1","Power Through","True Grit+1","Shrug It Off+1","Evolve+1","Fiend Fire","Dark Embrace+1","Fire Breathing+1","Feel No Pain+1","Offering","Shrug It Off","Metamorphosis+1","Impervious","Fire Breathing+1","Whirlwind","Ghostly Armor","Feed","Havoc","Spot Weakness","Battle Trance+1","Second Wind+1","Dual Wield","Body Slam+1","Battle Trance+1","Barricade+1"],"relics":["Burning Blood","Dead Branch","Pantograph","Tiny Chest","Eternal Feather","Centennial Puzzle","Mark of Pain","Smiling Mask","Blue Candle","Darkstone Periapt","Nunchaku","Pandora\u0027s Box","Orrery","Ice Cream","Pen Nib","Vajra","Juzu Bracelet","Frozen Egg 2","Torii","Pear"],"acts_visited":["Exordium","TheCity","TheBeyond"],"potions_floor_usage":[33],"damage_taken":[{"damage":10.0,"enemies":"2 Louse","floor":1.0,"turns":4.0},{"damage":4.0,"enemies":"Jaw Worm","floor":5.0,"turns":5.0},{"damage":31.0,"enemies":"Lagavulin","floor":7.0,"turns":7.0},{"damage":0.0,"enemies":"Cultist","floor":10.0,"turns":5.0},{"damage":1.0,"enemies":"Exordium Wildlife","floor":11.0,"turns":5.0},{"damage":11.0,"enemies":"Exordium Thugs","floor":14.0,"turns":7.0},{"damage":54.0,"enemies":"Hexaghost","floor":16.0,"turns":7.0},{"damage":14.0,"enemies":"3 Byrds","floor":18.0,"turns":8.0},{"damage":12.0,"enemies":"2 Thieves","floor":22.0,"turns":5.0},{"damage":8.0,"enemies":"Snake Plant","floor":24.0,"turns":4.0},{"damage":14.0,"enemies":"Slavers","floor":25.0,"turns":4.0},{"damage":31.0,"enemies":"Gremlin Leader","floor":27.0,"turns":7.0},{"damage":63,"enemies":"Champ","floor":33,"turns":11},{"damage":9,"enemies":"Orb Walker","floor":35,"turns":4},{"damage":14,"enemies":"2 Orb Walkers","floor":37,"turns":4},{"damage":6,"enemies":"3 Darklings","floor":38,"turns":4},{"damage":14,"enemies":"Nemesis","floor":41,"turns":5},{"damage":17,"enemies":"4 Shapes","floor":42,"turns":5},{"damage":9,"enemies":"Giant Head","floor":44,"turns":7},{"damage":6,"enemies":"Mind Bloom Boss Battle","floor":45,"turns":4},{"damage":6,"enemies":"Transient","floor":48,"turns":5},{"damage":53,"enemies":"Time Eater","floor":50,"turns":8}],"seed_played":"-5482639456779321157","potions_obtained":[{"floor":7.0,"key":"FearPotion"},{"floor":10.0,"key":"Swift Potion"},{"floor":14.0,"key":"LiquidMemories"},{"floor":25.0,"key":"LiquidBronze"},{"floor":27.0,"key":"SkillPotion"},{"floor":37,"key":"Regen Potion"},{"floor":42,"key":"Strength Potion"}],"is_trial":false,"path_per_floor":["M","?","$","?","M","R","E","R","T","M","M","T","R","M","R","B",null,"M","?","$","T","M","R","M","E","T","E","R","$","$","?","R","B",null,"M","$","?","M","T","R","E","M","T","E","?","$","T","M","R","B",null],"character_chosen":"IRONCLAD","items_purchased":["Power Through","Fire Breathing","Shrug It Off","Metamorphosis","Orrery","Barricade+1"],"campfire_rested":1,"item_purchase_floors":[3,20,30,30,36,46],"current_hp_per_floor":[68,65,65,58,60,60,35,35,35,41,46,46,52,47,56,24,60,52,52,52,52,46,55,53,45,45,20,50,50,50,50,59,15,58,55,55,47,47,47,59,51,46,46,43,68,68,78,78,88,41],"gold":64,"neow_bonus":"ONE_RARE_RELIC","is_daily":false,"chose_seed":false,"campfire_upgraded":8,"win_rate":0.0,"timestamp":1611633914,"path_taken":["M","?","$","?","M","R","E","R","T","?","M","?","R","M","R","BOSS","M","?","$","?","M","R","M","E","T","E","R","?","$","?","R","BOSS","M","$","?","M","?","R","E","M","T","E","?","$","?","M","R","BOSS"],"items_purchased_type":["Card","Card","Card","Card","Relic","Card"],"build_version":"2020-12-22","purchased_purges":3,"victory":true,"max_hp_per_floor":[72,72,72,72,72,72,72,72,72,72,72,72,72,72,72,72,72,72,72,72,72,72,72,72,72,72,72,72,72,72,72,72,72,72,72,72,72,72,72,72,72,78,78,78,78,78,88,88,88,88],"card_choices":[{"not_picked":["Clash","Iron Wave","Thunderclap"],"picked":"SKIP","floor":1.0},{"not_picked":["Anger","Metallicize","Sword Boomerang"],"picked":"SKIP","floor":5.0},{"not_picked":["Iron Wave","Cleave"],"picked":"True Grit","floor":7.0},{"not_picked":["Sword Boomerang","Warcry"],"picked":"Havoc","floor":10.0},{"not_picked":["Sentinel","True Grit"],"picked":"Shrug It Off","floor":11.0},{"not_picked":["Rupture","Sword Boomerang"],"picked":"Evolve","floor":14.0},{"not_picked":["Offering","Berserk"],"picked":"Fiend Fire","floor":16.0},{"not_picked":["Headbutt+1","Clothesline"],"picked":"Dark Embrace+1","floor":18.0},{"not_picked":["Warcry","Heavy Blade","Headbutt"],"picked":"SKIP","floor":22.0},{"not_picked":["Headbutt","Thunderclap","Wild Strike"],"picked":"SKIP","floor":24.0},{"not_picked":["Battle Trance+1","Shrug It Off"],"picked":"Feel No Pain+1","floor":25.0},{"not_picked":["Combust","Flex"],"picked":"Offering","floor":27.0},{"not_picked":["Exhume","Berserk"],"picked":"Impervious","floor":33},{"not_picked":["Body Slam","Infernal Blade+1"],"picked":"Battle Trance","floor":35},{"not_picked":["Havoc+1","Shrug It Off+1"],"picked":"Second Wind+1","floor":36},{"not_picked":["True Grit+1","Intimidate+1"],"picked":"Dual Wield","floor":36},{"not_picked":["Dark Embrace","Infernal Blade","Thunderclap+1"],"picked":"SKIP","floor":38},{"not_picked":["Sentinel+1","Perfected Strike+1","Rage+1"],"picked":"SKIP","floor":41},{"not_picked":["Pommel Strike","Burning Pact","Body Slam"],"picked":"SKIP","floor":42},{"not_picked":["Intimidate","Demon Form+1"],"picked":"Body Slam+1","floor":44},{"not_picked":["Inflame+1","Warcry+1"],"picked":"Battle Trance+1","floor":45},{"not_picked":["Iron Wave+1","Battle Trance+1","Clothesline"],"picked":"SKIP","floor":48}],"player_experience":838668,"relics_obtained":[{"floor":7.0,"key":"Tiny Chest"},{"floor":9.0,"key":"Eternal Feather"},{"floor":12.0,"key":"Centennial Puzzle"},{"floor":21.0,"key":"Smiling Mask"},{"floor":25.0,"key":"Blue Candle"},{"floor":26.0,"key":"Darkstone Periapt"},{"floor":27.0,"key":"Nunchaku"},{"floor":37,"key":"Ice Cream"},{"floor":39,"key":"Pen Nib"},{"floor":41,"key":"Vajra"},{"floor":43,"key":"Juzu Bracelet"},{"floor":44,"key":"Frozen Egg 2"},{"floor":45,"key":"Torii"},{"floor":47,"key":"Pear"}],"event_choices":[{"damage_healed":0.0,"max_hp_gain":0.0,"max_hp_loss":0.0,"gold_gain":0.0,"event_name":"Scrap Ooze","player_choice":"Success","floor":2.0,"gold_loss":0.0,"damage_taken":3.0,"relics_obtained":["Pantograph"]},{"damage_healed":0.0,"max_hp_gain":0.0,"max_hp_loss":0.0,"gold_gain":75.0,"event_name":"FaceTrader","player_choice":"Touch","floor":4.0,"gold_loss":0.0,"damage_taken":7.0},{"cards_removed":["Strike_R"],"damage_healed":0.0,"max_hp_gain":0.0,"max_hp_loss":0.0,"gold_gain":0.0,"event_name":"Back to Basics","player_choice":"Elegance","floor":19.0,"gold_loss":0.0,"damage_taken":0.0},{"damage_healed":0,"gold_gain":0,"player_choice":"Ignored","damage_taken":0,"max_hp_gain":0,"max_hp_loss":0,"event_name":"Cursed Tome","floor":31,"gold_loss":0},{"damage_healed":0,"gold_gain":0,"player_choice":"Fight","damage_taken":0,"max_hp_gain":0,"max_hp_loss":0,"event_name":"Mysterious Sphere","floor":37,"gold_loss":0},{"damage_healed":0,"gold_gain":0,"player_choice":"Fight","damage_taken":0,"max_hp_gain":0,"max_hp_loss":0,"event_name":"MindBloom","floor":45,"gold_loss":0}],"is_beta":false,"boss_relics":[{"not_picked":["Tiny House","Black Star"],"picked":"Mark of Pain"},{"not_picked":["Busted Crown","Snecko Eye"],"picked":"Pandora\u0027s Box"}],"items_purged_floors":[20,30,46],"is_endless":false,"potions_floor_spawned":[7,10,14,24,25,27,37,42,44,45],"ascension_level":9}}