{"host":"q9718omregw4er46","time":1611679602,"event":{"mods":["BaseMod","Bestiary","Colored Powertips","Custom Start","Highlight Path","Minty Spire (QoL Compilation)","Practice Mode","Quick Restart","Relic Stats"],"gold_per_floor":[113,130,147,164,4,4,33,33,33,47,80,97,97,113,113,189,189,200,216,216,216],"floor_reached":20,"language":"ENG","playtime":829,"items_purged":[],"score":376,"play_id":"6923ce83-b622-4555-9f41-94a4cfac5f2f","local_time":"20210126214642","is_ascension_mode":true,"campfire_choices":[{"data":"BowlingBash","floor":6,"key":"SMITH"},{"data":"WheelKick","floor":8,"key":"SMITH"},{"floor":13,"key":"REST"},{"data":"BattleHymn","floor":15,"key":"SMITH"}],"circlet_count":0,"master_deck":["AscendersBane","Strike_P","Strike_P","Strike_P","Strike_P","Defend_P","Defend_P","Defend_P","Defend_P","Eruption","Vigilance","Consecrate","WheelKick+1","BowlingBash+1","FlurryOfBlows","DevaForm","BattleHymn+1","Vault","LessonLearned+1","EmptyMind+1"],"relics":["PureWater","NeowsBlessing","Sling","Pear","Ginger","Dead Branch","Fusion Hammer"],"acts_visited":["Exordium","TheCity"],"potions_floor_usage":[4,11,16,16,20],"damage_taken":[{"damage":0,"enemies":"Cultist","floor":1,"turns":1},{"damage":0,"enemies":"2 Louse","floor":2,"turns":1},{"damage":0,"enemies":"Small Slimes","floor":3,"turns":1},{"damage":16,"enemies":"Exordium Thugs","floor":4,"turns":4},{"damage":22,"enemies":"Lagavulin","floor":7,"turns":7},{"damage":3,"enemies":"Large Slime","floor":10,"turns":3},{"damage":10,"enemies":"3 Sentries","floor":11,"turns":5},{"damage":8,"enemies":"Blue Slaver","floor":12,"turns":3},{"damage":15,"enemies":"Exordium Wildlife","floor":14,"turns":2},{"damage":7,"enemies":"Hexaghost","floor":16,"turns":6},{"damage":0,"enemies":"Chosen","floor":18,"turns":4},{"damage":24,"enemies":"Spheric Guardian","floor":19,"turns":6},{"damage":38,"enemies":"Shelled Parasite and Fungi","floor":20,"turns":3}],"seed_played":"-737191735496936887","potions_obtained":[{"floor":3,"key":"LiquidMemories"},{"floor":7,"key":"SteroidPotion"},{"floor":10,"key":"Energy Potion"},{"floor":11,"key":"Block Potion"},{"floor":12,"key":"LiquidBronze"},{"floor":18,"key":"GamblersBrew"}],"is_trial":false,"path_per_floor":["M","M","M","M","$","R","E","R","T","M","E","M","R","M","R","B",null,"M","M","M"],"character_chosen":"WATCHER","items_purchased":["Sling"],"campfire_rested":1,"item_purchase_floors":[5],"current_hp_per_floor":[61,61,61,45,45,45,33,33,33,30,20,12,35,20,20,13,62,62,38,0,0],"gold":216,"neow_bonus":"THREE_ENEMY_KILL","is_daily":false,"chose_seed":false,"campfire_upgraded":3,"win_rate":0.0,"timestamp":1611679602,"path_taken":["M","?","M","M","$","R","E","R","T","M","E","M","R","M","R","BOSS","M","?","?"],"items_purchased_type":["Relic"],"build_version":"2020-12-22","purchased_purges":0,"victory":false,"max_hp_per_floor":[68,68,68,68,68,68,78,78,78,78,78,78,78,78,78,78,78,78,78,78,78],"relic_stats":{"counters":[13,46],"Dead Branch":[26],"Ginger":[4],"obtain_stats":[{"Pear":7,"NeowsBlessing":0,"Dead Branch":11,"Fusion Hammer":17,"Ginger":9,"PureWater":0,"Sling":5},{"Pear":5,"NeowsBlessing":0,"Dead Branch":7,"Fusion Hammer":10,"Ginger":5,"PureWater":0,"Sling":4},{"Pear":14,"NeowsBlessing":0,"Dead Branch":22,"Fusion Hammer":33,"Ginger":14,"PureWater":0,"Sling":7}]},"card_choices":[{"not_picked":["CrushJoints","Halt"],"picked":"Consecrate","floor":1},{"not_picked":["FlyingSleeves","FollowUp"],"picked":"WheelKick","floor":2},{"not_picked":["Crescendo","SashWhip"],"picked":"BowlingBash","floor":3},{"not_picked":["Wireheading","InnerPeace"],"picked":"FlurryOfBlows","floor":4},{"not_picked":["Conclude","Meditate"],"picked":"DevaForm","floor":7},{"not_picked":["FollowUp","SashWhip","Prostrate"],"picked":"SKIP","floor":10},{"not_picked":["JustLucky","Indignation","LikeWater"],"picked":"SKIP","floor":11},{"not_picked":["JustLucky","CrushJoints"],"picked":"BattleHymn","floor":12},{"not_picked":["Crescendo","Conclude"],"picked":"Vault","floor":14},{"not_picked":["Vault","Brilliance"],"picked":"LessonLearned","floor":16},{"not_picked":["ClearTheMind","FlurryOfBlows+1"],"picked":"EmptyMind","floor":18},{"not_picked":["WheelKick","Protect","FlurryOfBlows"],"picked":"SKIP","floor":19}],"player_experience":1263402,"relics_obtained":[{"floor":7,"key":"Pear"},{"floor":9,"key":"Ginger"},{"floor":11,"key":"Dead Branch"}],"event_choices":[],"is_beta":false,"boss_relics":[{"not_picked":["Tiny House","Busted Crown"],"picked":"Fusion Hammer"}],"items_purged_floors":[],"is_endless":false,"potions_floor_spawned":[3,7,10,11,12,18],"killed_by":"Shelled Parasite and Fungi","ascension_level":20}}