{"host":"l84l8xigz5v5foa2","time":1611632850,"event":{"mods":["2.2 Compatiblity","AchievementEnabler","BaseMod","Better Note","Better Vampires","Card Filter","Colored Map","DeckTracker","Downfall","Gremlin Skip","Highlight Path","Keyboard Shortcuts","Minty Spire (QoL Compilation)","Permanent Neow","Quick Restart","Relic Filter","Relic Stats","StSLib","SuperFastMode","Transform Curses","Unknown Chances"],"gold_per_floor":[99,112,112,122,142,158,158,158,191,206,240,240,240,41,61,134,134,134,145,145,164,164,164,189,189,204,223,248,266,266,300,317,391,391,291,310,310,310,325,359,359,372,401,358,374,394,194,210,230,230,230,258,85,85,85,85],"floor_reached":57,"language":"ENG","playtime":4596,"items_purged":["hexamod:Strike"],"score":2525,"play_id":"24b4c403-d689-46b0-9079-e26279e8b535","local_time":"20210126124730","is_ascension_mode":true,"campfire_choices":[{"data":"hexamod:Float","floor":1.0,"key":"SMITH"},{"data":"Secret Technique","floor":8.0,"key":"SMITH"},{"data":"hexamod:RetreatToShadows","floor":13.0,"key":"SMITH"},{"data":"hexamod:GiftsFromTheDead","floor":18.0,"key":"SMITH"},{"floor":30.0,"key":"RECALL"},{"data":"hexamod:HexaLevel","floor":35.0,"key":"SMITH"},{"data":"hexamod:NecessarySacrifice","floor":47,"key":"SMITH"},{"data":"hexamod:Rewind","floor":54,"key":"SMITH"}],"circlet_count":0,"master_deck":["AscendersBane","hexamod:Strike+1","hexamod:Strike+1","hexamod:Strike+1","hexamod:Defend+1","hexamod:Defend","hexamod:Defend+1","hexamod:Defend","hexamod:Sear+1","hexamod:Float+1","Secret Technique+1","hexamod:HeatMetal+1","hexamod:RetreatToShadows+1","hexamod:HauntingEcho+1","hexamod:AdvancingGuard+1","hexamod:HauntingEcho+1","hexamod:StepThrough","hexamod:NightmareGuise+1","hexamod:InspiringFlames","hexamod:ApocalypticArmor+1","hexamod:GiftsFromTheDead+1","hexamod:GhostOfSpirePast+1","hexamod:SixthSeal","hexamod:RetreatToShadows+1","hexamod:RecurringNightmare+1","hexamod:ThirdSeal","hexamod:StepThrough+1","hexamod:GhostLash+1","hexamod:BacktrackSmack+1","hexamod:Incineration+1","hexamod:TimeWarp+1","hexamod:FourthSeal","hexamod:StepThrough+1","hexamod:GhostShield+1","hexamod:HexaLevel+1","hexamod:TimeOfNeed","hexamod:PhantomCloak+1","hexamod:GhostShield+1","hexamod:SpectersWail+1","hexamod:PowerFromBeyond+1","hexamod:ForkedFlame+1","hexamod:RetreatToShadows+1","hexamod:Hexaguard+1","hexamod:ForkedFlame+1","hexamod:RetreatToShadows+1","hexamod:GhostflameInferno","hexamod:ThermalTransfer+1","hexamod:NecessarySacrifice+1","hexamod:RetreatToShadows+1","hexamod:RecurringNightmare+1","hexamod:RainOfEmbers+1","hexamod:Rewind+1"],"relics":["hexamod:SpiritBrand","hexamod:MatchstickCase","hexamod:BolsterEngine","TungstenRod","Shuriken","Philosopher\u0027s Stone","Turnip","Anchor","Molten Egg 2","hexamod:TheBrokenSeal","Unceasing Top","expansioncontent:StudyCardRelic","downfall:HeartBlessingRed","Blood Vial","bronze:BronzeIdol","WingedGreaves","Strawberry","downfall:HeartBlessingGreen","downfall:HeartBlessingBlue","Nunchaku","Chemical X"],"acts_visited":["Exordium","TheCity","TheBeyond","TheEnding"],"potions_floor_usage":[44,44,44,44,56,56],"damage_taken":[{"damage":2.0,"enemies":"Small Slimes","floor":2.0,"turns":3.0},{"damage":2.0,"enemies":"Jaw Worm","floor":4.0,"turns":3.0},{"damage":0.0,"enemies":"Cultist","floor":5.0,"turns":4.0},{"damage":10.0,"enemies":"Large Slime","floor":6.0,"turns":6.0},{"damage":33.0,"enemies":"Gremlin Nob","floor":9.0,"turns":5.0},{"damage":0.0,"enemies":"3 Louse","floor":10.0,"turns":4.0},{"damage":5.0,"enemies":"Lagavulin","floor":11.0,"turns":7.0},{"damage":0.0,"enemies":"downfall:FleeingMerchant","floor":14.0,"turns":4.0},{"damage":0.0,"enemies":"Lots of Slimes","floor":15.0,"turns":4.0},{"damage":2.0,"enemies":"SI_SHIV_ARCHETYPE","floor":16.0,"turns":11.0},{"damage":2.0,"enemies":"3 Byrds","floor":19.0,"turns":3.0},{"damage":12.0,"enemies":"Shell Parasite","floor":21.0,"turns":6.0},{"damage":8.0,"enemies":"Snake Plant","floor":26.0,"turns":5.0},{"damage":13.0,"enemies":"Shelled Parasite and Fungi","floor":27.0,"turns":8.0},{"damage":18.0,"enemies":"Cultist and Chosen","floor":28.0,"turns":7.0},{"damage":2.0,"enemies":"Snecko","floor":29.0,"turns":5.0},{"damage":7.0,"enemies":"Book of Stabbing","floor":31.0,"turns":4.0},{"damage":11.0,"enemies":"Chosen and Byrds","floor":32.0,"turns":4.0},{"damage":21.0,"enemies":"DF_ARCHETYPE_CLAW","floor":33.0,"turns":8.0},{"damage":3.0,"enemies":"Orb Walker","floor":36.0,"turns":6.0},{"damage":2.0,"enemies":"3 Darklings","floor":39.0,"turns":7.0},{"damage":0.0,"enemies":"Giant Head","floor":40.0,"turns":6.0},{"damage":2.0,"enemies":"Transient","floor":42.0,"turns":6.0},{"damage":6.0,"enemies":"Reptomancer","floor":43.0,"turns":4.0},{"damage":0,"enemies":"downfall:FleeingMerchant","floor":44,"turns":3},{"damage":2,"enemies":"Jaw Worm Horde","floor":45,"turns":7},{"damage":22,"enemies":"Spire Growth","floor":46,"turns":4},{"damage":7,"enemies":"4 Shapes","floor":48,"turns":8},{"damage":4,"enemies":"Maw","floor":49,"turns":7},{"damage":14,"enemies":"IC_BLOCK_ARCHETYPE","floor":50,"turns":7},{"damage":7,"enemies":"downfall:CharBossMerchant","floor":52,"turns":7},{"damage":6,"enemies":"downfall:NeowBoss","floor":55,"turns":14},{"damage":25,"enemies":"downfall:NeowBossFinal","floor":56,"turns":8}],"seed_played":"79995714022493004","potions_obtained":[{"floor":4.0,"key":"bronze:BurnAndBuffPotion"},{"floor":5.0,"key":"FairyPotion"},{"floor":6.0,"key":"Swift Potion"},{"floor":9.0,"key":"SpeedPotion"},{"floor":10.0,"key":"hexamod:DoubleChargePotion"},{"floor":10.0,"key":"Fire Potion"},{"floor":11.0,"key":"DuplicationPotion"},{"floor":16.0,"key":"LiquidMemories"},{"floor":16.0,"key":"ColorlessPotion"},{"floor":19.0,"key":"champ:CounterPotion"},{"floor":21.0,"key":"PowerPotion"},{"floor":26.0,"key":"SkillPotion"},{"floor":27.0,"key":"SpeedPotion"},{"floor":31.0,"key":"BlessingOfTheForge"},{"floor":33.0,"key":"Swift Potion"},{"floor":33.0,"key":"DistilledChaos"},{"floor":36.0,"key":"EntropicBrew"},{"floor":40.0,"key":"Regen Potion"},{"floor":42.0,"key":"GamblersBrew"},{"floor":43.0,"key":"bronze:BurnAndBuffPotion"},{"floor":45,"key":"PowerPotion"}],"is_trial":false,"path_per_floor":["R","M","?","M","M","M","T","R","E","M","E","?","R","$","M","B",null,"R","M","T","M","?","?","T","T","M","M","M","M","R","E","M","B",null,"R","M","?","?","M","E","T","M","E","$","M","M","R","M","M","B",null,"E","$","R","B","B",null],"character_chosen":"THE_SPIRIT","items_purchased":["hexamod:ThirdSeal","hexamod:NightmareGuise","CultistPotion","Strawberry","hexamod:GhostflameInferno","Chemical X"],"campfire_rested":0,"item_purchase_floors":[14,14,44,44,44,53],"current_hp_per_floor":[42,40,22,20,20,10,10,10,12,12,7,7,7,7,7,5,49,49,47,47,35,35,35,35,35,34,28,63,61,61,54,43,22,60,60,57,57,57,55,55,55,70,66,75,75,55,65,60,58,46,79,74,74,74,70,47],"gold":85,"neow_bonus":"RANDOM_COLORLESS_2","is_daily":false,"chose_seed":true,"campfire_upgraded":7,"win_rate":0.0,"timestamp":1611632850,"path_taken":["R","M","?","M","M","M","T","R","E","M","E","?","R","?","M","BOSS","R","M","?","M","?","?","T","?","M","?","M","M","R","E","M","BOSS","R","M","?","?","M","E","T","M","E","$","M","M","R","M","M","BOSS","E","$","R","BOSS","BOSS"],"items_purchased_type":["Card","Card","Potion","Relic","Card","Relic"],"build_version":"2020-12-22","purchased_purges":1,"victory":true,"max_hp_per_floor":[63,63,63,63,63,63,63,63,63,63,63,63,63,63,63,63,63,63,63,63,63,63,63,63,63,63,63,73,73,73,73,73,73,73,73,73,73,73,73,73,73,73,73,80,80,80,90,90,90,90,90,90,90,90,90,90],"relic_stats":{"Blood Vial":22,"Nunchaku":[5],"counters":[33,195],"Shuriken":[51],"Turnip":[22],"Chemical X":[4],"obtain_stats":[{"downfall:HeartBlessingRed":35,"hexamod:TheBrokenSeal":28,"downfall:HeartBlessingGreen":47,"expansioncontent:StudyCardRelic":34,"hexamod:MatchstickCase":3,"bronze:BronzeIdol":43,"Blood Vial":40,"Anchor":24,"Nunchaku":52,"Shuriken":11,"downfall:HeartBlessingBlue":47,"Strawberry":44,"Philosopher\u0027s Stone":17,"Molten Egg 2":25,"Turnip":20,"WingedGreaves":44,"Chemical X":53,"hexamod:BolsterEngine":7,"hexamod:SpiritBrand":0,"TungstenRod":9,"Unceasing Top":31},{"downfall:HeartBlessingRed":19,"hexamod:TheBrokenSeal":15,"downfall:HeartBlessingGreen":27,"expansioncontent:StudyCardRelic":19,"hexamod:MatchstickCase":1,"bronze:BronzeIdol":24,"Blood Vial":22,"Anchor":12,"Nunchaku":31,"Shuriken":7,"downfall:HeartBlessingBlue":27,"Strawberry":25,"Philosopher\u0027s Stone":10,"Molten Egg 2":12,"Turnip":11,"WingedGreaves":25,"Chemical X":31,"hexamod:BolsterEngine":4,"hexamod:SpiritBrand":0,"TungstenRod":5,"Unceasing Top":17},{"downfall:HeartBlessingRed":101,"hexamod:TheBrokenSeal":78,"downfall:HeartBlessingGreen":144,"expansioncontent:StudyCardRelic":101,"hexamod:MatchstickCase":3,"bronze:BronzeIdol":130,"Blood Vial":120,"Anchor":60,"Nunchaku":173,"Shuriken":32,"downfall:HeartBlessingBlue":144,"Strawberry":133,"Philosopher\u0027s Stone":51,"Molten Egg 2":60,"Turnip":54,"WingedGreaves":133,"Chemical X":173,"hexamod:BolsterEngine":16,"hexamod:SpiritBrand":0,"TungstenRod":21,"Unceasing Top":89}],"TungstenRod":72,"Unceasing Top":[2]},"card_choices":[{"not_picked":["Magnetism","Sadistic Nature"],"picked":"Secret Technique","floor":0.0},{"not_picked":["hexamod:Hexaguard","hexamod:BurningTouch"],"picked":"hexamod:HeatMetal","floor":2.0},{"not_picked":["hexamod:BacktrackSmack","hexamod:NightmareStrike"],"picked":"hexamod:RetreatToShadows","floor":4.0},{"not_picked":["hexamod:EmpoweredFlame","hexamod:PowerFromBeyond"],"picked":"hexamod:FourthSeal","floor":5.0},{"not_picked":["hexamod:SpectersWail","hexamod:ThermalTransfer"],"picked":"hexamod:HauntingEcho","floor":6.0},{"not_picked":["hexamod:BurningTouch","hexamod:NightmareGuise"],"picked":"hexamod:AdvancingGuard","floor":9.0},{"not_picked":["hexamod:ParanormalForm","hexamod:EtherealExpedition","hexamod:SoulSteal"],"picked":"SKIP","floor":10.0},{"not_picked":["hexamod:DynamicBlow","hexamod:HeatMetal"],"picked":"hexamod:HauntingEcho","floor":11.0},{"not_picked":["hexamod:FastForward","hexamod:AdvancingGuard"],"picked":"hexamod:StepThrough","floor":14.0},{"not_picked":["hexamod:HauntingEcho","hexamod:FlamesFromBeyond"],"picked":"hexamod:InspiringFlames","floor":15.0},{"not_picked":["hexamod:GhostflameBarrier","hexamod:PhantomCloak"],"picked":"hexamod:ApocalypticArmor","floor":15.0},{"not_picked":["hexamod:FlameSwitch","hexamod:ForkedFlame"],"picked":"hexamod:FifthSeal","floor":16.0},{"not_picked":["hexamod:VolcanoVisage","hexamod:UnleashSpirits"],"picked":"hexamod:GiftsFromTheDead","floor":16.0},{"not_picked":["hexamod:ThirdSeal","hexamod:SecondSeal"],"picked":"hexamod:SixthSeal","floor":19.0},{"not_picked":["hexamod:Firestarter","hexamod:HauntingEcho","hexamod:AdvancingGuard"],"picked":"SKIP","floor":19.0},{"not_picked":["hexamod:RadiantFlame","hexamod:GhostOfSpireFuture"],"picked":"hexamod:GhostOfSpirePast","floor":21.0},{"not_picked":["hexamod:ThirdSeal","hexamod:SixthSeal"],"picked":"hexamod:FirstSeal","floor":21.0},{"not_picked":["hexamod:SearingWound","hexamod:NightmareGuise","hexamod:SwordOfDarkness"],"picked":"SKIP","floor":21.0},{"not_picked":["hexamod:FirstSeal","hexamod:ThirdSeal"],"picked":"hexamod:SixthSeal","floor":26.0},{"not_picked":["hexamod:ThirdSeal","hexamod:HauntingEcho+1"],"picked":"hexamod:RetreatToShadows+1","floor":26.0},{"not_picked":["hexamod:FastForward","hexamod:Haunt"],"picked":"hexamod:RecurringNightmare+1","floor":26.0},{"not_picked":["hexamod:ShieldOfDarkness","hexamod:SwordOfDarkness+1"],"picked":"hexamod:SecondSeal","floor":27.0},{"not_picked":["hexamod:SixthSeal","hexamod:FirstSeal"],"picked":"hexamod:ThirdSeal","floor":27.0},{"not_picked":["hexamod:ThermalTransfer+1","hexamod:AdvancingGuard+1"],"picked":"hexamod:StepThrough+1","floor":27.0},{"not_picked":["hexamod:Incineration+1","hexamod:RainOfEmbers+1"],"picked":"hexamod:GhostLash+1","floor":28.0},{"not_picked":["hexamod:NecessarySacrifice","hexamod:HauntingEcho+1"],"picked":"hexamod:BacktrackSmack+1","floor":28.0},{"not_picked":["hexamod:AdvancingGuard","hexamod:ExtraCrispy"],"picked":"hexamod:Incineration+1","floor":29.0},{"not_picked":["hexamod:PhantomFireball+1","hexamod:AdvancingGuard","hexamod:GhostLash+1"],"picked":"SKIP","floor":29.0},{"not_picked":["hexamod:SuperheatedStrike+1","hexamod:ApocalypseNow"],"picked":"hexamod:TimeWarp+1","floor":31.0},{"not_picked":["hexamod:AdvancingGuard+1","hexamod:RetreatToShadows"],"picked":"hexamod:FourthSeal","floor":31.0},{"not_picked":["hexamod:GhostflameBarrier+1","hexamod:Firestarter+1"],"picked":"hexamod:StepThrough+1","floor":32.0},{"not_picked":["hexamod:SuperheatedStrike+1","hexamod:SpectersWail+1"],"picked":"hexamod:GhostShield","floor":32.0},{"not_picked":["hexamod:ApocalypseNow","hexamod:SearingWound"],"picked":"hexamod:HexaLevel","floor":33.0},{"not_picked":["hexamod:WildfireWeapon","hexamod:ApocalypticArmor"],"picked":"hexamod:TimeOfNeed","floor":33.0},{"not_picked":["hexamod:CatchUp","hexamod:FastForward"],"picked":"hexamod:PhantomCloak","floor":36.0},{"not_picked":["hexamod:SuperheatedStrike+1","hexamod:SecondSeal"],"picked":"hexamod:GhostShield","floor":36.0},{"not_picked":["hexamod:GhostLash+1","hexamod:NecessarySacrifice"],"picked":"hexamod:SpectersWail+1","floor":39.0},{"not_picked":["hexamod:SoulSteal","hexamod:BacktrackSmack+1"],"picked":"hexamod:PowerFromBeyond","floor":39.0},{"not_picked":["hexamod:FlameSwitch","hexamod:FlamesFromBeyond"],"picked":"hexamod:ForkedFlame+1","floor":40.0},{"not_picked":["hexamod:AdvancingGuard","hexamod:EtherealExpedition","hexamod:PowerFromBeyond"],"picked":"SKIP","floor":40.0},{"not_picked":["hexamod:NightmareStrike+1","hexamod:NightmareGuise+1"],"picked":"hexamod:RetreatToShadows+1","floor":42.0},{"not_picked":["hexamod:GhostShield","hexamod:NightmareStrike+1","hexamod:PhantomFireball+1"],"picked":"SKIP","floor":42.0},{"not_picked":["hexamod:BacktrackSmack+1","hexamod:ShieldOfDarkness"],"picked":"hexamod:Hexaguard","floor":43.0},{"not_picked":["hexamod:FourthSeal","hexamod:SpectersWail+1"],"picked":"hexamod:RetreatToShadows","floor":44},{"not_picked":["hexamod:Firestarter+1","hexamod:NightmareGuise"],"picked":"hexamod:ThermalTransfer+1","floor":45},{"not_picked":["hexamod:SecondSeal","hexamod:SwordOfDarkness+1"],"picked":"hexamod:NecessarySacrifice","floor":45},{"not_picked":["hexamod:Hexaguard","hexamod:Incineration+1"],"picked":"hexamod:RetreatToShadows","floor":46},{"not_picked":["hexamod:BacktrackSmack+1","hexamod:Firestarter+1","hexamod:ThirdSeal"],"picked":"SKIP","floor":46},{"not_picked":["hexamod:BacktrackSmack+1","hexamod:Firestarter+1","hexamod:ThirdSeal"],"picked":"SKIP","floor":46},{"not_picked":["hexamod:FastForward+1","hexamod:GhostflameBarrier"],"picked":"hexamod:RecurringNightmare+1","floor":48},{"not_picked":["hexamod:HauntingEcho+1","hexamod:NightmareGuise","hexamod:ThermalTransfer+1"],"picked":"SKIP","floor":48},{"not_picked":["hexamod:GhostflameInferno","hexamod:PhantomCloak"],"picked":"hexamod:RainOfEmbers+1","floor":49},{"not_picked":["hexamod:PowerFromBeyond","hexamod:DynamicBlow+1","hexamod:StepThrough+1"],"picked":"SKIP","floor":49},{"not_picked":["hexamod:SwordOfDarkness+1","hexamod:SuperheatedStrike+1"],"picked":"hexamod:Rewind","floor":52},{"not_picked":["hexamod:HauntingEcho+1","hexamod:FlamesFromBeyond","hexamod:GhostShield"],"picked":"SKIP","floor":52}],"player_experience":3402658,"relics_obtained":[{"floor":7.0,"key":"hexamod:BolsterEngine"},{"floor":9.0,"key":"TungstenRod"},{"floor":11.0,"key":"Shuriken"},{"floor":20.0,"key":"Turnip"},{"floor":24.0,"key":"Anchor"},{"floor":25.0,"key":"Molten Egg 2"},{"floor":31.0,"key":"Unceasing Top"},{"floor":40.0,"key":"Blood Vial"},{"floor":43.0,"key":"bronze:BronzeIdol"},{"floor":52,"key":"Nunchaku"}],"event_choices":[{"damage_healed":0.0,"max_hp_gain":0.0,"max_hp_loss":0.0,"gold_gain":0.0,"event_name":"Scrap Ooze","player_choice":"Success","floor":3.0,"gold_loss":0.0,"damage_taken":18.0,"relics_obtained":["hexamod:MatchstickCase"]}],"is_beta":false,"boss_relics":[{"not_picked":["Busted Crown","SlaversCollar"],"picked":"Philosopher\u0027s Stone"},{"not_picked":["sneckomod:SneckoTalon","Astrolabe"],"picked":"expansioncontent:StudyCardRelic"}],"items_purged_floors":[14],"is_endless":false,"potions_floor_spawned":[4,5,10,16,19,21,31,33,40,42,45,49,52],"ascension_level":20}}