{"host":"Jade","time":1611666961,"event":{"mods":["2.2 Compatiblity","A Penny For Your Troubles","Aspiration","BaseMod","Better Altar","Better Match","Better Note","Better Skull","Better Third Choice","Better Vampires","BetterRewards","Colored Powertips","Conspire","Curses Come First","DeckTracker","GifTheSpireLib","Hero for Fun","Hubris","Infinite Spire","Minty Spire (QoL Compilation)","Quick Restart","Rare Cards Sparkle","Relic Stats","Replay The Spire","RumiaBox-????????","StSLib","Stuff the Spire","Wandering Minibosses"],"gold_per_floor":[116,130,145,145,161,194,194,209,209,209,219,254,75,91,91,190,190,207,219,235,235,110,110,138,138,164,164,182,182,217,230,230,334,334,345,345,364,383,383,413,413,440,519,419,469,569,579,598,598,599],"floor_reached":51,"language":"ENG","playtime":2206,"items_purged":["Backstab","Neutralize","Survivor","Defend_G","Defend_G","Defend_G","Defend_G","Defend_G","Strike_G","Strike_G","Strike_G","Strike_G","Strike_G","Defend_G","Strike_G","Strike_G"],"score":934,"play_id":"6eb7c8fa-e29a-4dff-97b7-5980cdca2d57","local_time":"20210126211601","is_ascension_mode":false,"campfire_choices":[{"data":"Hidden Blade","floor":7,"key":"SMITH"},{"data":"Endless Agony","floor":10,"key":"SMITH"},{"data":"Master of Strategy","floor":15,"key":"SMITH"},{"data":"Adrenaline","floor":23,"key":"SMITH"},{"data":"Hidden Blade","floor":25,"key":"SMITH"},{"data":"Backflip","floor":29,"key":"SMITH"},{"data":"Dodge and Roll","floor":32,"key":"SMITH"},{"floor":41,"key":"REST"},{"floor":49,"key":"REST"}],"circlet_count":0,"master_deck":["Strike_G","Strike_G","Strike_G","Defend_G","Defend_G","Defend_G","Survivor","Neutralize","Endless Agony+1","Hidden Blade+1","Backflip+1","Acrobatics+1","Endless Agony+1","Hidden Blade+1","Master of Strategy+1","Adrenaline+1","Phantasmal Killer+1"],"relics":["Ring of the Snake","infinitespire:ShieldingShard","StuffTheSpire:BottledEssence","HandDrill","aspiration:HiddenCompartment","infinitespire:CheckeredPen","hubris:OldNail","WristBlade","Blue Candle","Orichalcum","Ancient Tea Set","Fusion Hammer","Busted Crown","Calipers","War Paint","Singing Bowl","Replay:PocketPolymizer"],"acts_visited":["Exordium","TheCity","TheBeyond"],"potions_floor_usage":[6,6,16,33],"damage_taken":[{"damage":0,"enemies":"Jaw Worm","floor":1,"turns":3},{"damage":0,"enemies":"Cultist","floor":2,"turns":3},{"damage":0,"enemies":"2 Louse","floor":3,"turns":1},{"damage":0,"enemies":"Large Slime","floor":5,"turns":6},{"damage":0,"enemies":"Lagavulin","floor":6,"turns":6},{"damage":5,"enemies":"Blue Slaver","floor":8,"turns":5},{"damage":0,"enemies":"Exordium Wildlife","floor":11,"turns":3},{"damage":4,"enemies":"3 Sentries","floor":12,"turns":5},{"damage":0,"enemies":"Gremlin Gang","floor":14,"turns":2},{"damage":12,"enemies":"The Guardian","floor":16,"turns":6},{"damage":0,"enemies":"2 Thieves","floor":18,"turns":2},{"damage":0,"enemies":"Chosen","floor":19,"turns":2},{"damage":0,"enemies":"Snecko","floor":20,"turns":3},{"damage":0,"enemies":"conspire:SneckoGhost","floor":24,"turns":2},{"damage":4,"enemies":"Snake Plant","floor":28,"turns":2},{"damage":0,"enemies":"Book of Stabbing","floor":30,"turns":3},{"damage":0,"enemies":"Centurion and Healer","floor":31,"turns":2},{"damage":18,"enemies":"Automaton","floor":33,"turns":5},{"damage":0,"enemies":"3 Darklings","floor":35,"turns":2},{"damage":0,"enemies":"Orb Walker","floor":37,"turns":1},{"damage":0,"enemies":"3 Darklings","floor":38,"turns":2},{"damage":0,"enemies":"Reptomancer","floor":40,"turns":2},{"damage":17,"enemies":"Nightmare","floor":42,"turns":5},{"damage":0,"enemies":"Mind Bloom Boss Battle","floor":45,"turns":1},{"damage":0,"enemies":"Writhing Mass","floor":47,"turns":1},{"damage":0,"enemies":"Maw","floor":48,"turns":2},{"damage":0,"enemies":"Awakened One","floor":50,"turns":2}],"seed_played":"6995624388865152919","potions_obtained":[{"floor":2,"key":"Swift Potion"},{"floor":3,"key":"SkillPotion"},{"floor":5,"key":"FairyPotion"},{"floor":12,"key":"Poison Potion"},{"floor":16,"key":"Dexterity Potion"},{"floor":18,"key":"ColorlessPotion"},{"floor":33,"key":"Toxic Potion"},{"floor":37,"key":"Flashbang"}],"is_trial":false,"path_per_floor":["M","M","M","?","M","E","R","M","T","R","M","E","$","M","R","B",null,"M","M","M","?","$","R","E","R","T","?","M","R","E","M","R","B",null,"M","AVR","M","M","?","E","R","NM","T","NS","?","?","M","M","R","B",null],"character_chosen":"THE_SILENT","items_purchased":["infinitespire:ShieldingShard","StuffTheSpire:BottledEssence","Endless Agony","HandDrill","Master of Strategy"],"campfire_rested":2,"item_purchase_floors":[0,0,0,0,13],"current_hp_per_floor":[38,38,38,38,38,38,38,33,33,33,33,29,29,29,29,17,70,70,70,70,70,70,70,70,70,70,70,66,66,66,66,66,48,70,70,70,70,70,70,70,70,53,53,53,55,55,57,59,76,76],"gold":599,"neow_bonus":"","is_daily":false,"chose_seed":false,"campfire_upgraded":7,"win_rate":0.0,"timestamp":1611666961,"path_taken":["M","M","M","?","M","E","R","M","T","R","M","E","?","M","R","BOSS","M","M","M","?","$","R","E","R","T","?","M","R","E","M","R","BOSS","M","AVR","M","?","?","E","R","NM","T","NS","?","?","M","M","R","BOSS"],"items_purchased_type":["Relic","Relic","Card","Relic","Card"],"build_version":"2020-11-17","purchased_purges":16,"victory":true,"max_hp_per_floor":[70,70,70,70,70,70,70,70,70,70,70,70,70,70,70,70,70,70,70,70,70,70,70,70,70,70,70,70,70,70,70,70,70,70,70,70,70,70,70,70,70,70,70,70,72,72,74,76,76,76],"relic_stats":{"Busted Crown":22,"Singing Bowl":6,"counters":[27,79],"Blue Candle":[0],"HandDrill":[62],"Orichalcum":[12],"War Paint":["Phantasmal Killer","Defend_G"],"obtain_stats":[{"Calipers":0,"Replay:PocketPolymizer":45,"Singing Bowl":43,"Mango":0,"StuffTheSpire:BottledEssence":0,"Ancient Tea Set":30,"conspire:InfiniteJournal":0,"Lizard Tail":0,"infinitespire:ShieldingShard":0,"WristBlade":17,"hubris:FunFungus":0,"Fusion Hammer":34,"HandDrill":0,"Ring of the Snake":0,"aspiration:Nostalgia":0,"Basket Of Snakes":0,"Blue Candle":24,"infinitespire:CheckeredPen":9,"Orichalcum":0,"War Paint":42,"aspiration:HiddenCompartment":6,"ChaoDraw":0,"infinitespire:DarkRift":0,"Busted Crown":36,"StuffTheSpire:Mouthbags":0,"StuffTheSpire:MayFlowers":0,"ReplayTheSpireMod:Ring of Collecting":0,"Bird Faced Urn":0,"Garlic":0,"hubris:OldNail":12,"GodSword1":0},{"Calipers":0,"Replay:PocketPolymizer":24,"Singing Bowl":23,"Mango":0,"StuffTheSpire:BottledEssence":0,"Ancient Tea Set":16,"conspire:InfiniteJournal":0,"Lizard Tail":0,"infinitespire:ShieldingShard":0,"WristBlade":10,"hubris:FunFungus":0,"Fusion Hammer":18,"HandDrill":0,"Ring of the Snake":0,"aspiration:Nostalgia":0,"Basket Of Snakes":0,"Blue Candle":14,"infinitespire:CheckeredPen":6,"Orichalcum":0,"War Paint":23,"aspiration:HiddenCompartment":5,"ChaoDraw":0,"infinitespire:DarkRift":0,"Busted Crown":19,"StuffTheSpire:Mouthbags":0,"StuffTheSpire:MayFlowers":0,"ReplayTheSpireMod:Ring of Collecting":0,"Bird Faced Urn":0,"Garlic":0,"hubris:OldNail":8,"GodSword1":0},{"Calipers":0,"Replay:PocketPolymizer":74,"Singing Bowl":73,"Mango":0,"StuffTheSpire:BottledEssence":0,"Ancient Tea Set":54,"conspire:InfiniteJournal":0,"Lizard Tail":0,"infinitespire:ShieldingShard":0,"WristBlade":40,"hubris:FunFungus":0,"Fusion Hammer":61,"HandDrill":0,"Ring of the Snake":0,"aspiration:Nostalgia":0,"Basket Of Snakes":0,"Blue Candle":49,"infinitespire:CheckeredPen":24,"Orichalcum":0,"War Paint":73,"aspiration:HiddenCompartment":19,"ChaoDraw":0,"infinitespire:DarkRift":0,"Busted Crown":63,"StuffTheSpire:Mouthbags":0,"StuffTheSpire:MayFlowers":0,"ReplayTheSpireMod:Ring of Collecting":0,"Bird Faced Urn":0,"Garlic":0,"hubris:OldNail":32,"GodSword1":0}],"Ring of the Snake":[58]},"card_choices":[{"not_picked":["Masterful Stab","Blade Dance"],"picked":"Hidden Blade","floor":1},{"not_picked":["Dagger Throw","Slice","Leg Sweep"],"picked":"SKIP","floor":2},{"not_picked":["Prepared","StuffTheSpire:Python"],"picked":"Backflip","floor":3},{"not_picked":["Dodge and Roll","StuffTheSpire:Injection"],"picked":"Acrobatics","floor":5},{"not_picked":["Quick Slash","hubris:Sniper","Skewer"],"picked":"SKIP","floor":6},{"not_picked":["Terror","Flying Knee"],"picked":"Endless Agony","floor":8},{"not_picked":["Dagger Spray","ReplayTheSpireMod:The Works"],"picked":"Hidden Blade","floor":11},{"not_picked":["StuffTheSpire:ClusterCrunch","Leg Sweep","StuffTheSpire:Python"],"picked":"SKIP","floor":12},{"not_picked":["Masterful Stab","Dagger Throw","Blade Dance"],"picked":"SKIP","floor":14},{"not_picked":["Storm of Steel","Poison Darts"],"picked":"Adrenaline","floor":16},{"not_picked":["Dagger Throw","Dodge and Roll","Finisher"],"picked":"SKIP","floor":18},{"not_picked":["Hidden Blade","Acrobatics","Bane"],"picked":"SKIP","floor":19},{"not_picked":["All Out Attack","Footwork","Flying Knee"],"picked":"SKIP","floor":20},{"not_picked":["Doppelganger","StuffTheSpire:Incursion","Deflect"],"picked":"SKIP","floor":24},{"not_picked":["Distraction+1","Acrobatics","Cloak And Dagger"],"picked":"SKIP","floor":28},{"not_picked":["Finisher+1","ReplayTheSpireMod:Tripwire","Dagger Throw"],"picked":"SKIP","floor":30},{"not_picked":["Tactician+1","Backflip+1","StuffTheSpire:Repulse"],"picked":"SKIP","floor":31},{"not_picked":["Night Terror","infinitespire:Neurotoxin"],"picked":"Phantasmal Killer","floor":33},{"not_picked":["All Out Attack+1","Outmaneuver+1","Cloak And Dagger+1"],"picked":"SKIP","floor":35},{"not_picked":["Footwork+1"],"picked":"SKIP","floor":37},{"not_picked":["Replay:Poison Smokescreen+1"],"picked":"SKIP","floor":38},{"not_picked":["Dodge and Roll+1"],"picked":"SKIP","floor":40},{"not_picked":["Prepared"],"picked":"SKIP","floor":42},{"not_picked":["Skewer+1"],"picked":"Singing Bowl","floor":45},{"not_picked":["Sucker Punch"],"picked":"Singing Bowl","floor":47},{"not_picked":["Predator"],"picked":"Singing Bowl","floor":48}],"player_experience":41429,"relics_obtained":[{"floor":6,"key":"aspiration:HiddenCompartment"},{"floor":9,"key":"infinitespire:CheckeredPen"},{"floor":12,"key":"hubris:OldNail"},{"floor":24,"key":"Blue Candle"},{"floor":26,"key":"Orichalcum"},{"floor":30,"key":"Ancient Tea Set"},{"floor":42,"key":"War Paint"},{"floor":43,"key":"Singing Bowl"},{"floor":45,"key":"Replay:PocketPolymizer"}],"event_choices":[{"damage_healed":0,"gold_gain":0,"player_choice":"Upgraded","damage_taken":0,"max_hp_gain":0,"max_hp_loss":0,"event_name":"Upgrade Shrine","floor":4,"gold_loss":0,"cards_upgraded":["Endless Agony"]},{"damage_healed":0,"gold_gain":0,"player_choice":"Ignored","damage_taken":0,"max_hp_gain":0,"max_hp_loss":0,"event_name":"N\u0027loth","floor":21,"gold_loss":0},{"damage_healed":0,"gold_gain":0,"player_choice":"Forge","damage_taken":0,"max_hp_gain":0,"max_hp_loss":0,"event_name":"Accursed Blacksmith","floor":27,"gold_loss":0,"cards_upgraded":["Acrobatics"]},{"damage_healed":0,"gold_gain":0,"player_choice":"Fight","damage_taken":0,"max_hp_gain":0,"max_hp_loss":0,"event_name":"MindBloom","floor":45,"gold_loss":0},{"damage_healed":0,"gold_gain":100,"player_choice":"Pray","damage_taken":0,"max_hp_gain":0,"max_hp_loss":0,"event_name":"Golden Shrine","floor":46,"gold_loss":0}],"is_beta":true,"boss_relics":[{"not_picked":["AddBug","Replay:Wanted Poster"],"picked":"WristBlade"},{"not_picked":["hubris:RunicObelisk","Painkiller Herb"],"picked":"Fusion Hammer"}],"items_purged_floors":[0,0,0,0,0,0,0,0,0,0,0,0,0,0,22,36],"is_endless":false,"potions_floor_spawned":[2,3,5,12,16,18,24,31,33,35,37,45],"ascension_level":0}}