{"host":"aqym1xxr3lb31d9m","time":1611669949,"event":{"mods":["BaseMod","Block Reminder","Colored Map","Colored Powertips","DeckTracker","Highlight Path","Minty Spire (QoL Compilation)","Quick Restart","Random Character Button","StSLib","SuperFastMode","UnlockEverythingMod"],"gold_per_floor":[111,111,111,76,76,76,102,102,129,164,164,164,189,215,215,303,312,339,339,358,385,405,405,405,405],"floor_reached":24,"language":"JPN","playtime":974,"items_purged":[],"score":408,"play_id":"c3d48882-87ad-4528-a813-1880434f3181","local_time":"20210126230549","is_ascension_mode":true,"campfire_choices":[{"data":"Biased Cognition","floor":6.0,"key":"SMITH"},{"data":"Zap","floor":8.0,"key":"SMITH"},{"data":"Hologram","floor":11.0,"key":"SMITH"},{"data":"Consume","floor":15.0,"key":"SMITH"},{"floor":23.0,"key":"REST"}],"circlet_count":0,"master_deck":["AscendersBane","Strike_B","Strike_B","Strike_B","Defend_B","Defend_B","Defend_B","Zap+1","Dualcast","Clumsy","Biased Cognition+1","Hologram+1","Doom and Gloom","Redo","Ball Lightning","Consume+1","Fission","CurseOfTheBell","Coolheaded","Conserve Battery","White Noise","Melter+1"],"relics":["Cracked Core","Toy Ornithopter","Strawberry","Ancient Tea Set","CeramicFish","Calling Bell","Happy Flower","The Courier","Girya"],"acts_visited":["Exordium","TheCity"],"potions_floor_usage":[24],"damage_taken":[{"damage":2.0,"enemies":"Jaw Worm","floor":1.0,"turns":3.0},{"damage":32.0,"enemies":"3 Sentries","floor":7.0,"turns":6.0},{"damage":21.0,"enemies":"Lagavulin","floor":10.0,"turns":5.0},{"damage":4.0,"enemies":"Small Slimes","floor":13.0,"turns":3.0},{"damage":1.0,"enemies":"Cultist","floor":14.0,"turns":3.0},{"damage":33.0,"enemies":"Slime Boss","floor":16.0,"turns":7.0},{"damage":59.0,"enemies":"Shell Parasite","floor":18.0,"turns":6.0},{"damage":26.0,"enemies":"Chosen","floor":20.0,"turns":9.0},{"damage":19.0,"enemies":"Centurion and Healer","floor":21.0,"turns":6.0},{"damage":42.0,"enemies":"Snecko","floor":22.0,"turns":5.0},{"damage":38,"enemies":"Book of Stabbing","floor":24,"turns":5}],"seed_played":"6732898336616799801","potions_obtained":[{"floor":7.0,"key":"Dexterity Potion"},{"floor":13.0,"key":"Fire Potion"},{"floor":14.0,"key":"AttackPotion"},{"floor":18.0,"key":"AttackPotion"},{"floor":22.0,"key":"DistilledChaos"}],"is_trial":false,"path_per_floor":["M","?","?","?","?","R","E","R","T","E","R","?","M","M","R","B",null,"M","?","M","M","M","R","E"],"character_chosen":"DEFECT","items_purchased":[],"campfire_rested":1,"item_purchase_floors":[],"current_hp_per_floor":[62,36,41,60,60,60,35,35,35,26,26,26,29,35,35,14,66,14,83,61,42,5,29,0,0],"gold":405,"neow_bonus":"TRANSFORM_TWO_CARDS","is_daily":false,"chose_seed":false,"campfire_upgraded":4,"win_rate":0.0,"timestamp":1611669949,"path_taken":["M","?","?","?","?","R","E","R","T","E","R","?","M","M","R","BOSS","M","?","M","M","?","R","E"],"items_purchased_type":[],"build_version":"2020-12-22","purchased_purges":0,"victory":false,"max_hp_per_floor":[71,71,76,76,76,76,83,83,83,83,83,83,83,83,83,83,83,83,83,83,83,83,83,83,83],"card_choices":[{"not_picked":["Defragment","Hello World"],"picked":"Doom and Gloom","floor":1.0},{"not_picked":["Capacitor","Go for the Eyes"],"picked":"Self Repair","floor":7.0},{"not_picked":["Gash","Static Discharge"],"picked":"Redo","floor":10.0},{"not_picked":["Stack","Turbo"],"picked":"Ball Lightning","floor":13.0},{"not_picked":["Go for the Eyes","Compile Driver"],"picked":"Consume","floor":14.0},{"not_picked":["Thunder Strike","Rainbow"],"picked":"Fission","floor":16.0},{"not_picked":["Storm","Leap"],"picked":"Coolheaded","floor":18.0},{"not_picked":["Go for the Eyes","Rip and Tear"],"picked":"Conserve Battery","floor":20.0},{"not_picked":["Barrage+1","Heatsinks"],"picked":"White Noise","floor":21.0},{"not_picked":["FTL","Go for the Eyes"],"picked":"Melter+1","floor":22.0}],"player_experience":4068156,"relics_obtained":[{"floor":7.0,"key":"Strawberry"},{"floor":9.0,"key":"Ancient Tea Set"},{"floor":10.0,"key":"CeramicFish"},{"floor":17.0,"key":"Happy Flower"},{"floor":17.0,"key":"The Courier"},{"floor":17.0,"key":"Girya"}],"event_choices":[{"damage_healed":0.0,"max_hp_gain":0.0,"max_hp_loss":0.0,"gold_gain":0.0,"event_name":"Scrap Ooze","player_choice":"Success","floor":2.0,"gold_loss":0.0,"damage_taken":26.0,"relics_obtained":["Toy Ornithopter"]},{"damage_healed":0.0,"max_hp_gain":5.0,"max_hp_loss":0.0,"gold_gain":0.0,"event_name":"Big Fish","player_choice":"Donut","floor":3.0,"gold_loss":0.0,"damage_taken":0.0},{"damage_healed":19.0,"max_hp_gain":0.0,"max_hp_loss":0.0,"gold_gain":0.0,"event_name":"The Cleric","player_choice":"Healed","floor":4.0,"gold_loss":35.0,"damage_taken":0.0},{"damage_healed":0.0,"max_hp_gain":0.0,"max_hp_loss":0.0,"gold_gain":0.0,"event_name":"Liars Game","player_choice":"Ignored","floor":5.0,"gold_loss":0.0,"damage_taken":0.0},{"damage_healed":0.0,"max_hp_gain":0.0,"max_hp_loss":0.0,"gold_gain":0.0,"event_name":"Shining Light","player_choice":"Ignored","floor":12.0,"gold_loss":0.0,"damage_taken":0.0},{"cards_removed":["Self Repair"],"damage_healed":69.0,"max_hp_gain":0.0,"max_hp_loss":0.0,"gold_gain":0.0,"event_name":"Bonfire Elementals","player_choice":"Offered Uncommon","floor":19.0,"gold_loss":0.0,"damage_taken":0.0}],"is_beta":false,"boss_relics":[{"not_picked":["Runic Dome","Tiny House"],"picked":"Calling Bell"}],"items_purged_floors":[],"is_endless":false,"potions_floor_spawned":[7,13,14,18,22],"killed_by":"Book of Stabbing","ascension_level":20}}