{"host":"wmz27iczv4t8azac","time":1611697619,"event":{"mods":["AchievementEnabler","BaseMod","Colored Powertips","Minty Spire (QoL Compilation)","Quick Restart","Relic Stats","StSLib"],"gold_per_floor":[112,127,138,151,170,201,201,218,218,231,231,231],"floor_reached":11,"language":"ENG","playtime":431,"items_purged":[],"score":158,"play_id":"ffa51abd-6ec7-4e00-ada7-3a90c8a4d839","local_time":"20210126134659","is_ascension_mode":true,"campfire_choices":[{"floor":7,"key":"REST"}],"circlet_count":0,"master_deck":["AscendersBane","Strike_G","Strike_G","Strike_G","Strike_G","Strike_G","Defend_G","Defend_G","Defend_G","Defend_G","Defend_G","Survivor","Neutralize","Quick Slash","Blade Dance","Choke","Endless Agony","PiercingWail","Poisoned Stab","Cloak And Dagger","Dagger Spray"],"relics":["Ring of the Snake","Smiling Mask","Blue Candle","Orichalcum"],"acts_visited":["Exordium"],"potions_floor_usage":[6,11],"damage_taken":[{"damage":2,"enemies":"Cultist","floor":1,"turns":4},{"damage":15,"enemies":"Jaw Worm","floor":2,"turns":6},{"damage":0,"enemies":"Small Slimes","floor":3,"turns":3},{"damage":2,"enemies":"2 Fungi Beasts","floor":4,"turns":3},{"damage":0,"enemies":"Exordium Wildlife","floor":5,"turns":3},{"damage":37,"enemies":"3 Sentries","floor":6,"turns":8},{"damage":9,"enemies":"Blue Slaver","floor":8,"turns":2},{"damage":3,"enemies":"Looter","floor":10,"turns":3},{"damage":17,"enemies":"Gremlin Nob","floor":11,"turns":3}],"seed_played":"-718233080538203815","potions_obtained":[{"floor":3,"key":"Fire Potion"},{"floor":8,"key":"Weak Potion"}],"is_trial":false,"path_per_floor":["M","M","M","M","M","E","R","M","T","M","E"],"character_chosen":"THE_SILENT","items_purchased":[],"campfire_rested":1,"item_purchase_floors":[],"current_hp_per_floor":[57,42,42,40,40,3,22,13,13,10,0,0],"gold":231,"neow_bonus":"RANDOM_COMMON_RELIC","is_daily":false,"chose_seed":false,"campfire_upgraded":0,"win_rate":0.0,"timestamp":1611697619,"path_taken":["M","?","M","M","M","E","R","M","T","M","E"],"items_purchased_type":[],"build_version":"2020-12-22","purchased_purges":0,"victory":false,"max_hp_per_floor":[66,66,66,66,66,66,66,66,66,66,66,66],"relic_stats":{"counters":[9,35],"Blue Candle":[0],"Orichalcum":[12],"Smiling Mask":0,"obtain_stats":[{"Blue Candle":6,"Orichalcum":9,"Smiling Mask":0,"Ring of the Snake":0},{"Blue Candle":6,"Orichalcum":7,"Smiling Mask":0,"Ring of the Snake":0},{"Blue Candle":27,"Orichalcum":29,"Smiling Mask":0,"Ring of the Snake":0}],"Ring of the Snake":[18]},"card_choices":[{"not_picked":["Finisher","Underhanded Strike"],"picked":"Quick Slash","floor":1},{"not_picked":["Underhanded Strike","Cloak And Dagger"],"picked":"Blade Dance","floor":2},{"not_picked":["Riddle With Holes","Backflip"],"picked":"Choke","floor":3},{"not_picked":["Catalyst","Backflip"],"picked":"Endless Agony","floor":4},{"not_picked":["Heel Hook","Deflect"],"picked":"PiercingWail","floor":5},{"not_picked":["Flying Knee","Distraction"],"picked":"Poisoned Stab","floor":6},{"not_picked":["Sucker Punch","Poisoned Stab"],"picked":"Cloak And Dagger","floor":8},{"not_picked":["Reflex","Burst"],"picked":"Dagger Spray","floor":10}],"player_experience":937749,"relics_obtained":[{"floor":6,"key":"Blue Candle"},{"floor":9,"key":"Orichalcum"}],"event_choices":[],"is_beta":false,"boss_relics":[],"items_purged_floors":[],"is_endless":false,"potions_floor_spawned":[3,8],"killed_by":"Gremlin Nob","ascension_level":20}}