{"host":"ya94u95moedzeoqz","time":1611689420,"event":{"mods":["100% Spire Juice","2.2 Compatiblity","Abigail Mod","Act Like it!","Aspiration","Bartender","BaseMod","Better Altar","Better Match","Better Note","Better Sensory Stone","Better Skull","Better Third Choice","BetterRewards","Energized Spire","Evolution","GifTheSpireLib","KinomotoSakuraMod(????)","Minty Spire (QoL Compilation)","Permanent Neow","Railgun Mod","Replay The Spire","Spicy Shops","Spire Arcade","StSLib","The Alterego","The Forsaken","The Marked","The Senshi","TheVelvet","Yuri Mod"],"gold_per_floor":[116,14,34,45,63,96,96,96,96,96,82,95,95,95,95,178,178,193,203,183,183],"floor_reached":20,"language":"ENG","playtime":2762,"items_purged":[],"score":184,"play_id":"7f2530e0-84a1-4e2d-9e77-644a47213ec4","local_time":"20210126143020","is_ascension_mode":false,"campfire_choices":[{"floor":7,"key":"REST"},{"data":"hadesmod:Snipe","floor":10,"key":"SMITH"},{"data":"hadesmod:Velvet","floor":13,"key":"SMITH"}],"circlet_count":0,"master_deck":["hadesmod:Strike","hadesmod:Strike","hadesmod:Strike","hadesmod:SwapStrike","hadesmod:Defend","hadesmod:Defend","hadesmod:Defend","hadesmod:Defend","hadesmod:Dash","hadesmod:RuyiJinguBang","hadesmod:PrepareAttack","hadesmod:MagnhildStrike+1","hadesmod:JinnsKnowledge","hadesmod:AlternateAnesidora","hadesmod:DeepPull","hadesmod:Snipe+","hadesmod:Velvet+","hadesmod:MagnhildStrike+","hadesmod:WepSpamm","hadesmod:Bloodsight","hadesmod:Spin+"],"relics":["hadesmod:WeaponCharger","EVO:Axolotl","aspiration:Nostalgia","KSMOD_SealedBook","ReplayFunnel","aspiration:StickyExplosives_weak","Calipers","theForsaken:PaleLantern"],"acts_visited":["Exordium","TheCity"],"potions_floor_usage":[5,6,12,16],"damage_taken":[{"damage":0,"enemies":"Cultist","floor":1,"turns":3},{"damage":2,"enemies":"Jaw Worm","floor":3,"turns":2},{"damage":0,"enemies":"2 Louse","floor":4,"turns":2},{"damage":4,"enemies":"Gremlin Gang","floor":5,"turns":11},{"damage":31,"enemies":"Lagavulin","floor":6,"turns":4},{"damage":1,"enemies":"3 Sentries","floor":11,"turns":7},{"damage":1,"enemies":"Looter","floor":12,"turns":2},{"damage":20,"enemies":"Fading Forest","floor":16,"turns":11},{"damage":1,"enemies":"Chosen","floor":18,"turns":4},{"damage":10,"enemies":"2 Thieves","floor":19,"turns":4},{"damage":49,"enemies":"Chosen and Byrds","floor":20,"turns":6}],"seed_played":"2552821117860010292","potions_obtained":[{"floor":3,"key":"Elixir"},{"floor":4,"key":"AttackPotion"},{"floor":5,"key":"Fire Potion"},{"floor":11,"key":"BlessingOfTheForge"},{"floor":18,"key":"Toxic Potion"}],"is_trial":false,"path_per_floor":["M","$","M","M","M","E","R","?","T","R","E","M","R","?","R","B",null,"M","M","M"],"character_chosen":"THE_HUNTRESS","items_purchased":["hadesmod:MagnhildStrike"],"campfire_rested":1,"item_purchase_floors":[2],"current_hp_per_floor":[60,60,58,58,54,23,41,41,41,41,40,39,39,39,57,37,60,59,49,0,0],"gold":183,"neow_bonus":"NOSTALGIA","is_daily":false,"chose_seed":false,"campfire_upgraded":2,"win_rate":0.0,"timestamp":1611689420,"path_taken":["M","?","M","M","?","E","R","?","T","R","E","?","R","?","R","BOSS","M","M","M"],"items_purchased_type":["Card"],"build_version":"2020-12-22","purchased_purges":0,"victory":false,"max_hp_per_floor":[60,60,60,60,60,60,60,60,60,60,60,60,60,60,60,60,60,60,60,60,60],"card_choices":[{"not_picked":["hadesmod:FulcrumStrike","hadesmod:CarePackage"],"picked":"hadesmod:PrepareAttack","floor":1},{"not_picked":["hadesmod:CerberusStrike","hadesmod:PrepareAttack"],"picked":"hadesmod:JinnsKnowledge","floor":3},{"not_picked":["hadesmod:GuardyWardy","hadesmod:FierceCry"],"picked":"hadesmod:AlternateAnesidora","floor":4},{"not_picked":["hadesmod:Hitpower","hadesmod:GlanceShot"],"picked":"hadesmod:DeepPull","floor":5},{"not_picked":["hadesmod:Claws","hadesmod:Restrikeler"],"picked":"hadesmod:Snipe","floor":6},{"not_picked":["hadesmod:DigIn","hadesmod:SplashyHit"],"picked":"hadesmod:Velvet","floor":11},{"not_picked":["hadesmod:JinnsKnowledge","hadesmod:Snipe"],"picked":"hadesmod:MagnhildStrike","floor":12},{"not_picked":["hadesmod:SelfieForm","hadesmod:DrainingDoom"],"picked":"hadesmod:WepSpamm","floor":16},{"not_picked":["hadesmod:Restrikeler","hadesmod:GlanceShot"],"picked":"hadesmod:Bloodsight","floor":18},{"not_picked":["hadesmod:Strikeshield","hadesmod:PrepareAttack"],"picked":"hadesmod:Spin+","floor":19}],"player_experience":515140,"relics_obtained":[{"floor":6,"key":"ReplayFunnel"},{"floor":9,"key":"aspiration:StickyExplosives_weak"},{"floor":11,"key":"Calipers"}],"event_choices":[{"damage_healed":0,"gold_gain":0,"player_choice":"Ignored","damage_taken":0,"max_hp_gain":0,"max_hp_loss":0,"event_name":"betterNote:BetterNote","floor":8,"gold_loss":0,"cards_obtained":["yuri:JumpScare"]},{"damage_healed":0,"gold_gain":0,"player_choice":"Upgraded","damage_taken":0,"max_hp_gain":0,"max_hp_loss":0,"event_name":"Upgrade Shrine","floor":14,"gold_loss":0,"cards_upgraded":["hadesmod:MagnhildStrike"]}],"is_beta":false,"boss_relics":[{"not_picked":["energizedSpire:SpiderWeb","Busted Crown"],"picked":"theForsaken:PaleLantern"}],"items_purged_floors":[],"is_endless":false,"potions_floor_spawned":[3,4,5,11,18],"killed_by":"Chosen and Byrds","ascension_level":0}}