{"host":"opyh6vr790e42ffe","time":1611702844,"event":{"mods":["BaseMod","Bestiary","Colored Map","Downfall","Highlight Path","Minty Spire (QoL Compilation)","Relic Stats","StSLib"],"gold_per_floor":[99,110,260,273,288,188,263,325,325,335,365,365,390,401,417,513,513,413,424,440,28,43,143,169,69,98,98,112,112,112,124,140,245,245,245,245,245,261,340,360,434,469,136,41,41,41,41,2,13,13,13,13],"floor_reached":50,"language":"ENG","playtime":3127,"items_purged":["downfall:Icky","bronze:Defend","downfall:Haunted"],"score":650,"play_id":"94d24930-d690-4c2b-a6cd-29169b6625d7","local_time":"20210126151404","is_ascension_mode":false,"campfire_choices":[{"floor":1,"key":"RECALL"},{"data":"bronze:GetLatest","floor":6,"key":"SMITH"},{"data":"bronze:Separator","floor":9,"key":"SMITH"},{"floor":12,"key":"REST"},{"data":"bronze:Assembly","floor":18,"key":"SMITH"},{"floor":25,"key":"REST"},{"data":"bronze:Repair","floor":27,"key":"SMITH"},{"data":"bronze:Optimize","floor":29,"key":"SMITH"},{"data":"bronze:AlphaBuild","floor":35,"key":"SMITH"},{"data":"bronze:Boost","floor":45,"key":"SMITH"},{"data":"J.A.X.","floor":47,"key":"SMITH"}],"circlet_count":0,"master_deck":["bronze:Defend","bronze:Replicate","bronze:Goto","bronze:BronzeArmor","bronze:GetLatest+1","bronze:FineTuning","bronze:ChildClass","bronze:Separator+1","bronze:Shield","bronze:Optimize+1","bronze:Boost+1","bronze:Flail","bronze:BronzeOrb","bronze:Assembly+1","bronze:Overload","bronze:Return+1","bronze:Format","bronze:Fortify+1","bronze:Terminator","bronze:BronzeOrb","bronze:Branch","J.A.X.+1","bronze:Repair+1","bronze:Fortify","bronze:Assembly+1","bronze:Repair+1","bronze:Turbo","bronze:Constructor","bronze:AlphaBuild+1","bronze:Safeguard+1","bronze:Fortify+1","bronze:Branch+1","expansioncontent:AwakenDeath","expansioncontent:AwakenDeath","expansioncontent:LastStand","bronze:Invalidate+1","bronze:CleanCode","bronze:CutThrough+1","bronze:Repulsor","expansioncontent:QuickStudy","bronze:Deprecate+1"],"relics":["bronze:BronzeCore","downfall:HeartBlessingRed","Pear","InkBottle","Potion Belt","Turnip","Runic Pyramid","downfall:HeartBlessingGreen","Matryoshka","MutagenicStrength","Ancient Tea Set","downfall:HeartBlessingBlue","bronze:SilverBullet","Astrolabe","Lantern","The Courier","Bottled Lightning","Question Card","Unceasing Top","bronze:BottledCode","Chemical X"],"acts_visited":["Exordium","TheCity","TheBeyond"],"potions_floor_usage":[8,19,25,33,50,50,50],"damage_taken":[{"damage":0,"enemies":"2 Louse","floor":2,"turns":3},{"damage":7,"enemies":"Jaw Worm","floor":4,"turns":5},{"damage":1,"enemies":"Cultist","floor":5,"turns":4},{"damage":22,"enemies":"3 Sentries","floor":8,"turns":10},{"damage":6,"enemies":"Blue Slaver","floor":10,"turns":2},{"damage":12,"enemies":"Lagavulin","floor":11,"turns":6},{"damage":9,"enemies":"Gremlin Nob","floor":13,"turns":5},{"damage":13,"enemies":"3 Louse","floor":14,"turns":2},{"damage":0,"enemies":"Large Slime","floor":15,"turns":5},{"damage":17,"enemies":"IC_STATUS_ARCHETYPE","floor":16,"turns":5},{"damage":6,"enemies":"3 Byrds","floor":19,"turns":2},{"damage":8,"enemies":"Spheric Guardian","floor":20,"turns":4},{"damage":0,"enemies":"downfall:FleeingMerchant","floor":21,"turns":4},{"damage":18,"enemies":"3 Cultists","floor":22,"turns":4},{"damage":32,"enemies":"downfall:Augmenter","floor":23,"turns":7},{"damage":0,"enemies":"Slavers","floor":26,"turns":2},{"damage":0,"enemies":"Shelled Parasite and Fungi","floor":28,"turns":4},{"damage":0,"enemies":"Chosen and Byrds","floor":31,"turns":4},{"damage":8,"enemies":"Sentry and Sphere","floor":32,"turns":4},{"damage":6,"enemies":"SI_MIRROR_ARCHETYPE","floor":33,"turns":7},{"damage":29,"enemies":"3 Darklings","floor":38,"turns":4},{"damage":3,"enemies":"Orb Walker","floor":40,"turns":3},{"damage":39,"enemies":"Nemesis","floor":42,"turns":11},{"damage":3,"enemies":"downfall:FleeingMerchant","floor":44,"turns":4},{"damage":3,"enemies":"downfall:FleeingMerchant","floor":48,"turns":4},{"damage":20,"enemies":"Sphere and 2 Shapes","floor":49,"turns":6},{"damage":87,"enemies":"DF_ARCHETYPE_ORBS","floor":50,"turns":6}],"seed_played":"-1488805652227305264","potions_obtained":[{"floor":4,"key":"DistilledChaos"},{"floor":8,"key":"Fruit Juice"},{"floor":13,"key":"Dexterity Potion"},{"floor":14,"key":"hexamod:SoulburnPotion"},{"floor":16,"key":"LiquidBronze"},{"floor":20,"key":"BlessingOfTheForge"},{"floor":23,"key":"EntropicBrew"},{"floor":26,"key":"champ:CounterPotion"},{"floor":40,"key":"ColorlessPotion"},{"floor":42,"key":"PowerPotion"}],"is_trial":false,"path_per_floor":["R","M","?","M","M","R","T","?","R","M","E","R","E","M","M","B",null,"R","M","M","$","M","?","T","R","E","R","M","R","?","M","M","B",null,"R","?","?","M","T","M","T","E","?","$","R","?","R","$","M","B"],"character_chosen":"THE_AUTOMATON","items_purchased":["bronze:Format","Matryoshka","Chemical X","expansioncontent:QuickStudy"],"campfire_rested":2,"item_purchase_floors":[21,21,48,48],"current_hp_per_floor":[70,70,70,63,62,62,72,50,50,44,32,56,47,34,34,17,80,80,74,66,66,48,16,16,59,59,59,69,69,69,90,87,95,95,95,85,85,67,67,84,84,65,107,107,107,97,97,94,77,0,0,0],"gold":13,"neow_bonus":"TRANSFORM_CARD","is_daily":false,"chose_seed":false,"campfire_upgraded":8,"win_rate":0.0,"timestamp":1611702844,"path_taken":["R","M","?","M","M","R","T","?","R","M","E","R","E","M","M","BOSS","R","M","M","$","M","?","T","R","E","R","M","R","?","?","M","BOSS","R","?","?","M","?","M","T","E","?","$","R","?","R","$","M","BOSS"],"items_purchased_type":["Card","Relic","Relic","Card"],"build_version":"2020-12-22","purchased_purges":3,"victory":false,"max_hp_per_floor":[70,70,70,70,70,70,80,80,80,80,80,80,80,80,80,80,80,80,80,80,80,80,80,80,95,95,95,95,95,95,95,95,95,95,95,95,95,95,95,95,95,95,107,107,107,97,97,97,97,97,97,97],"relic_stats":{"counters":[27,127],"Astrolabe":["bronze:Safeguard","bronze:Fortify","bronze:Branch"],"Turnip":[27],"Chemical X":[4],"Question Card":4,"obtain_stats":[{"Potion Belt":11,"Lantern":37,"bronze:BronzeCore":0,"Pear":7,"downfall:HeartBlessingRed":6,"Astrolabe":34,"downfall:HeartBlessingGreen":18,"The Courier":37,"Ancient Tea Set":24,"Question Card":41,"bronze:BottledCode":46,"Matryoshka":21,"downfall:HeartBlessingBlue":25,"MutagenicStrength":23,"Turnip":13,"Bottled Lightning":39,"Chemical X":48,"bronze:SilverBullet":26,"InkBottle":8,"Unceasing Top":42,"Runic Pyramid":17},{"Potion Belt":6,"Lantern":20,"bronze:BronzeCore":0,"Pear":3,"downfall:HeartBlessingRed":3,"Astrolabe":20,"downfall:HeartBlessingGreen":10,"The Courier":20,"Ancient Tea Set":15,"Question Card":22,"bronze:BottledCode":24,"Matryoshka":13,"downfall:HeartBlessingBlue":15,"MutagenicStrength":15,"Turnip":7,"Bottled Lightning":21,"Chemical X":25,"bronze:SilverBullet":16,"InkBottle":4,"Unceasing Top":23,"Runic Pyramid":10},{"Potion Belt":30,"Lantern":89,"bronze:BronzeCore":0,"Pear":12,"downfall:HeartBlessingRed":12,"Astrolabe":89,"downfall:HeartBlessingGreen":47,"The Courier":89,"Ancient Tea Set":68,"Question Card":96,"bronze:BottledCode":111,"Matryoshka":57,"downfall:HeartBlessingBlue":68,"MutagenicStrength":68,"Turnip":35,"Bottled Lightning":93,"Chemical X":115,"bronze:SilverBullet":70,"InkBottle":22,"Unceasing Top":107,"Runic Pyramid":47}],"InkBottle":[47],"Unceasing Top":[0]},"card_choices":[{"not_picked":["bronze:DelayedSlice","bronze:Turbo"],"picked":"bronze:GetLatest","floor":2},{"not_picked":["bronze:DarkDash","bronze:Shield"],"picked":"bronze:FineTuning","floor":4},{"not_picked":["bronze:WhirlingStrike","bronze:BitShift"],"picked":"bronze:ChildClass","floor":5},{"not_picked":["bronze:ShipIt","bronze:Overload"],"picked":"bronze:Separator","floor":8},{"not_picked":["bronze:Return","bronze:WhirlingStrike"],"picked":"bronze:Shield","floor":10},{"not_picked":["bronze:BugBarrage","bronze:CloningBeam"],"picked":"bronze:Optimize","floor":11},{"not_picked":["bronze:Safeguard","bronze:ItsAFeature"],"picked":"bronze:Boost","floor":13},{"not_picked":["bronze:Separator","bronze:WildBeam"],"picked":"bronze:Flail","floor":14},{"not_picked":["bronze:Backtrace","bronze:Optimize"],"picked":"bronze:BronzeOrb","floor":15},{"not_picked":["bronze:BurnOut","bronze:HyperBeam"],"picked":"bronze:Assembly","floor":16},{"not_picked":["bronze:CutThrough+1","bronze:Shell+1"],"picked":"bronze:Overload","floor":19},{"not_picked":["bronze:WildBeam","bronze:BitShift","bronze:Separator"],"picked":"SKIP","floor":20},{"not_picked":["bronze:ForLoop","bronze:CutThrough"],"picked":"bronze:Return+1","floor":21},{"not_picked":["bronze:Safeguard","bronze:BitShift"],"picked":"bronze:Fortify+1","floor":22},{"not_picked":["bronze:DigitalCarnage","bronze:OilSpill"],"picked":"bronze:Terminator","floor":23},{"not_picked":[],"picked":"J.A.X.","floor":23},{"not_picked":["bronze:FindAndReplace","bronze:FollowUp"],"picked":"bronze:Repair","floor":26},{"not_picked":["bronze:CloningBeam","bronze:DigitalCarnage+1"],"picked":"bronze:Fortify","floor":28},{"not_picked":["bronze:Backtrace+1","bronze:Shield"],"picked":"bronze:Turbo","floor":31},{"not_picked":["bronze:Turbo+1","bronze:BitShift"],"picked":"bronze:Constructor","floor":32},{"not_picked":["bronze:ShipIt","bronze:FindAndReplace"],"picked":"bronze:AlphaBuild","floor":33},{"not_picked":["expansioncontent:GuardianWhirl","expansioncontent:YouAreMine"],"picked":"expansioncontent:AwakenDeath","floor":36},{"not_picked":["expansioncontent:PrepareCrush","expansioncontent:PolyBeam"],"picked":"expansioncontent:AwakenDeath","floor":36},{"not_picked":["expansioncontent:Hexaburn","expansioncontent:PrepareCrush"],"picked":"expansioncontent:LastStand","floor":36},{"not_picked":["bronze:Frontload","bronze:ForLoop+1","bronze:DelayedGuard+1"],"picked":"SKIP","floor":38},{"not_picked":["bronze:CutThrough","bronze:BitShift"],"picked":"bronze:Invalidate+1","floor":40},{"not_picked":["bronze:BuggyMess+1","bronze:Backtrace+1","bronze:ForceShield+1"],"picked":"bronze:CleanCode","floor":42},{"not_picked":["bronze:ItsAFeature","bronze:BugBarrage+1","bronze:Shield+1"],"picked":"bronze:CutThrough+1","floor":44},{"not_picked":["bronze:Fortify+1","bronze:Overheat","bronze:Iterate"],"picked":"bronze:Repulsor","floor":48},{"not_picked":["bronze:DelayedGuard","bronze:BronzeArmor+1","bronze:Flail+1"],"picked":"bronze:Deprecate+1","floor":49}],"player_experience":2644480,"relics_obtained":[{"floor":7,"key":"Pear"},{"floor":8,"key":"InkBottle"},{"floor":11,"key":"Potion Belt"},{"floor":13,"key":"Turnip"},{"floor":23,"key":"MutagenicStrength"},{"floor":24,"key":"Ancient Tea Set"},{"floor":26,"key":"bronze:SilverBullet"},{"floor":37,"key":"Lantern"},{"floor":37,"key":"The Courier"},{"floor":39,"key":"Bottled Lightning"},{"floor":41,"key":"Question Card"},{"floor":42,"key":"Unceasing Top"}],"event_choices":[],"is_beta":false,"boss_relics":[{"not_picked":["Coffee Dripper","bronze:MakeshiftBattery"],"picked":"Runic Pyramid"},{"not_picked":["Fusion Hammer","Tiny House"],"picked":"Astrolabe"}],"items_purged_floors":[21,44,48],"is_endless":false,"potions_floor_spawned":[4,8,13,14,16,20,23,26,32,40,42,49],"killed_by":"DF_ARCHETYPE_ORBS","ascension_level":0}}