{"host":"xervbyl8oukkrn1w","time":1611699401,"event":{"mods":["BaseMod","Downfall","Hubris","Infinite Spire","Mad Scientist","Minty Spire (QoL Compilation)","Quick Restart","READ ME - Guardian Mod","Reliquary","Replay The Spire","Shade Mod","StSLib","The Blackbeard","The Cursed","The Elementalist","The Jungle","The Necromancer","The Runesmith"],"gold_per_floor":[114,15,44,72,100,112,157,169,206,218,255,267,279,68,68,68,68],"floor_reached":16,"language":"ENG","playtime":1347,"items_purged":["Defend_G"],"score":108,"play_id":"ac7b7f9f-afff-4508-b326-23dcd3948683","local_time":"20210126221641","is_ascension_mode":false,"campfire_choices":[{"data":"Draining Mist","floor":6,"key":"SMITH"},{"data":"Survivor","floor":10,"key":"SMITH"},{"floor":12,"key":"REST"},{"data":"Cloak And Dagger","floor":15,"key":"SMITH"}],"circlet_count":0,"master_deck":["Strike_G","Strike_G","Strike_G","Strike_G","Strike_G","Defend_G","Defend_G","Defend_G","Defend_G","Survivor+1","Neutralize","Draining Mist+1","Hidden Blade","Blade Dance","Poisoned Stab","Cloak And Dagger+1"],"relics":["Ring of the Snake","MawBank","infinitespire:Beetle Shell","ReplayTheSpireMod:Lightbulb","hubris:OldNail","infinitespire:Lucky Rock","elementalistmod:RedRibbon","hubris:EmptyBottle"],"acts_visited":["Exordium"],"potions_floor_usage":[7,16,16,16,16],"damage_taken":[{"damage":0,"enemies":"Cultist","floor":1,"turns":4},{"damage":0,"enemies":"2 Louse","floor":3,"turns":2},{"damage":0,"enemies":"Jaw Worm","floor":4,"turns":4},{"damage":7,"enemies":"Looter","floor":5,"turns":4},{"damage":16,"enemies":"Gremlin Nob","floor":7,"turns":4},{"damage":22,"enemies":"Lagavulin","floor":11,"turns":7},{"damage":87,"enemies":"Slime Boss","floor":16,"turns":14}],"seed_played":"-8927692247485389468","potions_obtained":[{"floor":1,"key":"CunningPotion"},{"floor":4,"key":"Regen Potion"},{"floor":11,"key":"Block Potion"}],"is_trial":false,"path_per_floor":["M","?","M","M","M","R","E","T","T","R","E","R","?","$","R","B"],"character_chosen":"THE_SILENT","items_purchased":["hubris:EmptyBottle"],"campfire_rested":1,"item_purchase_floors":[14],"current_hp_per_floor":[77,77,77,77,70,70,54,54,54,54,32,55,55,55,55,0,0],"gold":68,"neow_bonus":"TEN_PERCENT_HP_BONUS","is_daily":false,"chose_seed":false,"campfire_upgraded":3,"win_rate":0.0,"timestamp":1611699401,"path_taken":["M","?","?","M","M","R","E","?","T","R","E","R","?","?","R","BOSS"],"items_purchased_type":["Relic"],"build_version":"2020-12-22","purchased_purges":1,"victory":false,"max_hp_per_floor":[77,77,77,77,77,77,77,77,77,77,77,77,77,77,77,77,77],"card_choices":[{"not_picked":["Dodge and Roll","Quick Slash"],"picked":"Draining Mist","floor":1},{"not_picked":["Sucker Punch","hubris:Sniper"],"picked":"Hidden Blade","floor":3},{"not_picked":["Prepared","Skewer","Acrobatics"],"picked":"SKIP","floor":4},{"not_picked":["Calculated Gamble","Corpse Explosion"],"picked":"Blade Dance","floor":5},{"not_picked":["Dagger Throw","Cloak And Dagger"],"picked":"Poisoned Stab","floor":7},{"not_picked":["hubris:SlightOfHand","Eviscerate"],"picked":"Cloak And Dagger","floor":11}],"player_experience":115999,"relics_obtained":[{"floor":7,"key":"infinitespire:Beetle Shell"},{"floor":8,"key":"ReplayTheSpireMod:Lightbulb"},{"floor":9,"key":"hubris:OldNail"},{"floor":11,"key":"infinitespire:Lucky Rock"}],"event_choices":[{"damage_healed":0,"gold_gain":0,"player_choice":"Paid Gold","damage_taken":0,"relics_obtained":["MawBank"],"max_hp_gain":0,"max_hp_loss":0,"event_name":"WeMeetAgain","floor":2,"gold_loss":99}],"is_beta":false,"boss_relics":[],"items_purged_floors":[14],"is_endless":false,"potions_floor_spawned":[1,4,11],"killed_by":"Slime Boss","ascension_level":0}}