{"host":"r53pw7z744tg3fxg","time":1611686607,"event":{"mods":["AchievementEnabler","BaseMod","Colored Map","Colored Powertips","Highlight Path","Minty Spire (QoL Compilation)","Quick Restart","Transform Curses"],"gold_per_floor":[110,127,142,142,63,63,73,73,97,97,109,109,128,161,161,235,235,251,263,263,263,63,63,63,81,107,107,107],"floor_reached":27,"language":"ENG","playtime":668,"items_purged":[],"score":487,"play_id":"369a4377-861f-4fae-acfb-82a74662aef0","local_time":"20210126114327","is_ascension_mode":true,"campfire_choices":[{"floor":6.0,"key":"REST"},{"data":"Eruption","floor":10.0,"key":"SMITH"},{"data":"BattleHymn","floor":12.0,"key":"SMITH"},{"floor":15.0,"key":"REST"},{"floor":23.0,"key":"REST"}],"circlet_count":0,"master_deck":["AscendersBane","Strike_P","Strike_P","Strike_P","Strike_P","Defend_P","Defend_P","Defend_P","Eruption+1","Vigilance","EmptyFist","ReachHeaven","Conclude","Evaluate","BattleHymn+1","TalkToTheHand","CutThroughFate","Brilliance","DevaForm","ForeignInfluence","DeceiveReality","WindmillStrike","FollowUp"],"relics":["PureWater","FaceOfCleric","Potion Belt","Ancient Tea Set","VioletLotus","Toolbox","Pen Nib"],"acts_visited":["Exordium","TheCity"],"potions_floor_usage":[27,27,27],"damage_taken":[{"damage":1.0,"enemies":"Cultist","floor":1.0,"turns":3.0},{"damage":10.0,"enemies":"2 Louse","floor":2.0,"turns":3.0},{"damage":4.0,"enemies":"Jaw Worm","floor":3.0,"turns":2.0},{"damage":0.0,"enemies":"Exordium Wildlife","floor":7.0,"turns":2.0},{"damage":4.0,"enemies":"2 Fungi Beasts","floor":11.0,"turns":3.0},{"damage":4.0,"enemies":"3 Louse","floor":13.0,"turns":2.0},{"damage":20.0,"enemies":"3 Sentries","floor":14.0,"turns":3.0},{"damage":0.0,"enemies":"Slime Boss","floor":16.0,"turns":4.0},{"damage":21.0,"enemies":"2 Thieves","floor":18.0,"turns":4.0},{"damage":6.0,"enemies":"Chosen","floor":19.0,"turns":5.0},{"damage":21,"enemies":"Centurion and Healer","floor":25,"turns":4},{"damage":37,"enemies":"Slavers","floor":27,"turns":2}],"seed_played":"-9156805297466657622","potions_obtained":[{"floor":3.0,"key":"Block Potion"},{"floor":7.0,"key":"Energy Potion"},{"floor":14.0,"key":"Ancient Potion"},{"floor":16.0,"key":"Block Potion"},{"floor":18.0,"key":"Explosive Potion"}],"is_trial":false,"path_per_floor":["M","M","M","?","$","R","M","$","T","R","M","R","M","E","R","B",null,"M","M","?","?","$","R","?","M","T","E"],"character_chosen":"WATCHER","items_purchased":["BattleHymn","Toolbox","FollowUp"],"campfire_rested":3,"item_purchase_floors":[5,22,22],"current_hp_per_floor":[60,50,46,46,46,66,67,67,67,67,64,64,61,42,63,64,71,51,46,46,46,46,68,47,27,27,0,0],"gold":107,"neow_bonus":"TRANSFORM_CARD","is_daily":false,"chose_seed":false,"campfire_upgraded":2,"win_rate":0.0,"timestamp":1611686607,"path_taken":["M","M","M","?","$","R","M","?","T","R","M","R","M","E","R","BOSS","M","M","?","?","?","R","?","?","T","E"],"items_purchased_type":["Card","Relic","Card"],"build_version":"2020-12-22","purchased_purges":0,"victory":false,"max_hp_per_floor":[68,68,68,68,68,68,69,69,69,69,70,70,71,72,72,73,73,74,75,75,75,75,75,80,81,81,81,81],"card_choices":[{"not_picked":["SashWhip","InnerPeace"],"picked":"ReachHeaven","floor":1.0},{"not_picked":["FollowUp","EmptyFist"],"picked":"Conclude","floor":2.0},{"not_picked":["Protect","FlyingSleeves"],"picked":"Evaluate","floor":3.0},{"not_picked":["FlurryOfBlows","Collect"],"picked":"TalkToTheHand","floor":7.0},{"not_picked":["JustLucky","Protect","Wireheading"],"picked":"SKIP","floor":11.0},{"not_picked":["Worship","Protect"],"picked":"CutThroughFate","floor":13.0},{"not_picked":["ClearTheMind","Nirvana"],"picked":"Brilliance","floor":14.0},{"not_picked":["Vault","Judgement"],"picked":"DevaForm","floor":16.0},{"not_picked":["CutThroughFate","Evaluate"],"picked":"ForeignInfluence","floor":18.0},{"not_picked":["Study","EmptyBody"],"picked":"DeceiveReality","floor":19.0},{"not_picked":["ClearTheMind","SignatureMove","Evaluate+1"],"picked":"SKIP","floor":25}],"player_experience":1365498,"relics_obtained":[{"floor":9.0,"key":"Potion Belt"},{"floor":14.0,"key":"Ancient Tea Set"},{"floor":26,"key":"Pen Nib"}],"event_choices":[{"damage_healed":0.0,"max_hp_gain":0.0,"max_hp_loss":0.0,"gold_gain":0.0,"event_name":"FaceTrader","player_choice":"Trade","floor":4.0,"gold_loss":0.0,"damage_taken":0.0,"relics_obtained":["FaceOfCleric"]},{"damage_healed":0.0,"max_hp_gain":0.0,"max_hp_loss":0.0,"gold_gain":0.0,"event_name":"The Library","player_choice":"Read","floor":20.0,"gold_loss":0.0,"damage_taken":0.0,"cards_obtained":["WindmillStrike"]},{"damage_healed":0.0,"max_hp_gain":0.0,"max_hp_loss":0.0,"gold_gain":0.0,"event_name":"Vampires","player_choice":"Ignored","floor":21.0,"gold_loss":0.0,"damage_taken":0.0},{"damage_healed":0.0,"max_hp_gain":5.0,"max_hp_loss":0.0,"gold_gain":0.0,"event_name":"Forgotten Altar","player_choice":"Shed Blood","floor":24.0,"gold_loss":0.0,"damage_taken":26.0}],"is_beta":false,"boss_relics":[{"not_picked":["SacredBark","Runic Dome"],"picked":"VioletLotus"}],"items_purged_floors":[],"is_endless":false,"potions_floor_spawned":[3,7,14,16,18],"killed_by":"Slavers","ascension_level":17}}