{"host":"qekv59dthhdg54sz","time":1611682718,"event":{"mods":["AchievementEnabler","BaseMod","Colored Map","DeckTracker","KOR Keyword Fix","Minty Spire (QoL Compilation)","Rare Cards Sparkle","StSLib","SuperFastMode"],"gold_per_floor":[117,135,135,135,135,135,160,160,187,216,141,42,56,66,66,139,139,158,81,99,299,62,62,62,62,142,152,152,172,172,197,197,197,197],"floor_reached":33,"language":"KOR","playtime":650,"items_purged":["Strike_R"],"score":518,"play_id":"c05f1079-1bd4-4cce-8dc4-437d84ac3e15","local_time":"20210127023838","is_ascension_mode":true,"campfire_choices":[{"data":"Searing Blow+2","floor":6.0,"key":"SMITH"},{"data":"Searing Blow+3","floor":8.0,"key":"SMITH"},{"data":"True Grit","floor":15.0,"key":"SMITH"},{"data":"Limit Break","floor":23.0,"key":"SMITH"},{"data":"Deep Breath","floor":25.0,"key":"SMITH"},{"data":"Double Tap","floor":28,"key":"SMITH"},{"floor":30,"key":"REST"},{"floor":32,"key":"REST"}],"circlet_count":0,"master_deck":["AscendersBane","Bash+1","Searing Blow+4","Immolate","True Grit+1","Shrug It Off","Armaments","Double Tap+1","Feed","Pommel Strike","Exhume","Armaments","Spot Weakness","Rampage","Spot Weakness","Flame Barrier","Limit Break+1","Deep Breath+1","Second Wind+1"],"relics":["Burning Blood","NeowsBlessing","Meat on the Bone","Strawberry","Whetstone","Blood Vial","Pandora\u0027s Box","Gremlin Horn","Potion Belt"],"acts_visited":["Exordium","TheCity"],"potions_floor_usage":[27],"damage_taken":[{"damage":0.0,"enemies":"Small Slimes","floor":1.0,"turns":2.0},{"damage":0.0,"enemies":"Jaw Worm","floor":2.0,"turns":1.0},{"damage":0.0,"enemies":"Lagavulin","floor":7.0,"turns":1.0},{"damage":17.0,"enemies":"3 Sentries","floor":10.0,"turns":5.0},{"damage":0.0,"enemies":"Cultist","floor":13.0,"turns":2.0},{"damage":6.0,"enemies":"Looter","floor":14.0,"turns":3.0},{"damage":65.0,"enemies":"Hexaghost","floor":16.0,"turns":13.0},{"damage":44.0,"enemies":"2 Thieves","floor":18.0,"turns":5.0},{"damage":3.0,"enemies":"Spheric Guardian","floor":20.0,"turns":3.0},{"damage":19,"enemies":"Shelled Parasite and Fungi","floor":27,"turns":4},{"damage":14,"enemies":"Snecko","floor":29,"turns":4},{"damage":53,"enemies":"Book of Stabbing","floor":31,"turns":5},{"damage":36,"enemies":"Automaton","floor":33,"turns":6}],"seed_played":"5821830282915288847","potions_obtained":[{"floor":2.0,"key":"PowerPotion"},{"floor":7.0,"key":"Dexterity Potion"},{"floor":18.0,"key":"Strength Potion"}],"is_trial":false,"path_per_floor":["M","M","?","?","T","R","E","R","T","E","?","$","M","M","R","B",null,"M","$","M","?","$","R","?","R","T","M","R","M","R","E","R","B"],"character_chosen":"IRONCLAD","items_purchased":["Shrug It Off","Flame Barrier","Limit Break","Deep Breath"],"campfire_rested":2,"item_purchase_floors":[12,19,22,22],"current_hp_per_floor":[74,75,52,52,52,52,65,65,65,54,54,54,62,64,64,19,66,42,42,50,50,50,50,25,25,25,26,26,32,59,26,53,19,19],"gold":197,"neow_bonus":"THREE_ENEMY_KILL","is_daily":false,"chose_seed":false,"campfire_upgraded":6,"win_rate":0.0,"timestamp":1611682718,"path_taken":["M","M","?","?","?","R","E","R","T","E","?","$","M","M","R","BOSS","M","$","M","?","?","R","?","R","T","M","R","M","R","E","R","BOSS"],"items_purchased_type":["Card","Card","Card","Card"],"build_version":"2020-12-22","purchased_purges":1,"victory":false,"max_hp_per_floor":[75,75,75,75,75,75,82,82,82,82,82,82,82,82,82,82,82,82,82,85,85,85,85,90,90,90,90,90,90,90,90,90,90,90],"card_choices":[{"not_picked":["Clothesline","Seeing Red"],"picked":"Searing Blow","floor":1.0},{"not_picked":["Sentinel","Rupture","Body Slam"],"picked":"SKIP","floor":2.0},{"not_picked":["Flex","Pummel"],"picked":"Immolate","floor":7.0},{"not_picked":["Wild Strike","Body Slam"],"picked":"True Grit","floor":10.0},{"not_picked":["Body Slam","Clothesline","Juggernaut"],"picked":"SKIP","floor":13.0},{"not_picked":["Shrug It Off","Wild Strike"],"picked":"Armaments","floor":14.0},{"not_picked":["Brutality","Immolate"],"picked":"Double Tap","floor":16.0},{"not_picked":["Anger","Heavy Blade","Warcry"],"picked":"SKIP","floor":18.0},{"not_picked":["Thunderclap","Metallicize","Cleave"],"picked":"SKIP","floor":20.0},{"not_picked":["Iron Wave","Cleave"],"picked":"Second Wind+1","floor":27},{"not_picked":["True Grit","Sword Boomerang","Combust"],"picked":"SKIP","floor":29},{"not_picked":["Brutality","Armaments","Whirlwind"],"picked":"SKIP","floor":31}],"player_experience":856376,"relics_obtained":[{"floor":5.0,"key":"Meat on the Bone"},{"floor":7.0,"key":"Strawberry"},{"floor":9.0,"key":"Whetstone"},{"floor":10.0,"key":"Blood Vial"},{"floor":26.0,"key":"Gremlin Horn"},{"floor":31,"key":"Potion Belt"}],"event_choices":[{"damage_healed":0.0,"max_hp_gain":0.0,"max_hp_loss":0.0,"gold_gain":0.0,"event_name":"Shining Light","player_choice":"Entered Light","floor":3.0,"gold_loss":0.0,"damage_taken":23.0,"cards_upgraded":["Searing Blow","Strike_R"]},{"damage_healed":0.0,"max_hp_gain":0.0,"max_hp_loss":0.0,"gold_gain":0.0,"event_name":"Living Wall","player_choice":"Grow","floor":4.0,"gold_loss":0.0,"damage_taken":0.0,"cards_upgraded":["Searing Blow"]},{"cards_removed":["Strike_R"],"damage_healed":0.0,"max_hp_gain":0.0,"max_hp_loss":0.0,"gold_gain":0.0,"event_name":"The Cleric","player_choice":"Card Removal","floor":11.0,"gold_loss":75.0,"damage_taken":0.0},{"damage_healed":0.0,"max_hp_gain":0.0,"max_hp_loss":0.0,"gold_gain":250.0,"event_name":"The Joust","player_choice":"Bet on Owner","floor":21.0,"gold_loss":50.0,"damage_taken":0.0},{"damage_healed":0.0,"max_hp_gain":5.0,"max_hp_loss":0.0,"gold_gain":0.0,"event_name":"Forgotten Altar","player_choice":"Shed Blood","floor":24.0,"gold_loss":0.0,"damage_taken":30.0}],"is_beta":false,"boss_relics":[{"not_picked":["Velvet Choker","Mark of Pain"],"picked":"Pandora\u0027s Box"}],"items_purged_floors":[12],"is_endless":false,"potions_floor_spawned":[2,7,18],"killed_by":"Automaton","ascension_level":15}}