{"host":"nrxstibvl428zo7h","time":1611640376,"event":{"mods":["AchievementEnabler","BaseMod","Colored Map","Dark Map","Hermit","Minty Spire (QoL Compilation)","StSLib","The Blackbeard","The Disciple"],"gold_per_floor":[112,112,112,125,149,184,184,184,184,184,10,10,31,54,54,203,203,222,245,309,489,523,523,571,610,610,334,348,376,112,112,112,263,326,372,705,980,605,620,620,679,679,679,690,723,723,723,723,723,723],"floor_reached":51,"language":"ENG","playtime":1686,"items_purged":["Regret"],"score":830,"play_id":"9ef586e8-9a91-4bd6-a5a7-6342f7086032","local_time":"20210125215256","is_ascension_mode":false,"campfire_choices":[{"floor":8,"key":"REST"},{"data":"blackbeard:Cutlass","floor":12,"key":"SMITH"},{"floor":15,"key":"REST"},{"floor":23,"key":"REST"},{"floor":32,"key":"REST"},{"floor":40,"key":"RECALL"},{"floor":42,"key":"REST"},{"floor":47,"key":"REST"},{"floor":49,"key":"REST"}],"circlet_count":0,"master_deck":["blackbeard:BlackbeardStrike+1","blackbeard:BlackbeardStrike+1","blackbeard:BlackbeardStrike+1","blackbeard:BlackbeardStrike+1","blackbeard:IntimidatingStrike+1","blackbeard:BlackbeardDefend+1","blackbeard:BlackbeardDefend+1","blackbeard:BlackbeardDefend+1","blackbeard:Cutlass+1","blackbeard:RemoveScurvy+1","blackbeard:HumongousCannonball+1","blackbeard:SwordDance+1","blackbeard:Dagger+1","blackbeard:DoubleCannonball+1","blackbeard:GoldenStrike+1","blackbeard:Bandana+1","blackbeard:Dagger+1","blackbeard:CaptainsHat+1","blackbeard:GoldenStrike+1","blackbeard:Toast+1","blackbeard:GoldenStrike+1","blackbeard:DeadlyArsenal+1","blackbeard:Sword+1","blackbeard:ReapersScythe+1","blackbeard:GoldenStrike+1","blackbeard:DoubleBottom+1","blackbeard:CaptainsCabin+1","blackbeard:DoubleBottom+1","Enlightenment+1","blackbeard:Revenge+1","Pain","blackbeard:BoostMorale+1","blackbeard:DelayedPain+1","blackbeard:GoldenStrike+1","blackbeard:GoldenDefense+1","blackbeard:Bandana+1","blackbeard:DoubleBottom+1","blackbeard:BlindAttacks+1","blackbeard:Shrapnel+1","Mind Blast+1","blackbeard:TacticalRetreat+1","blackbeard:CannonballSupply+1","blackbeard:Rum+1","blackbeard:GoldenCannonball+1"],"relics":["blackbeard:LoadTheCannons","Molten Egg 2","Shuriken","Sundial","blackbeard:PowderCan","Membership Card","Velvet Choker","Red Mask","Centennial Puzzle","Happy Flower","Medical Kit","Pen Nib","blackbeard:BloodOrange","Pantograph","WarpedTongs","Tiny House","Sling","Vajra","Bottled Tornado","Frozen Egg 2","Bag of Preparation","Mark of the Bloom"],"acts_visited":["Exordium","TheCity","TheBeyond"],"potions_floor_usage":[],"damage_taken":[{"damage":1,"enemies":"Jaw Worm","floor":1,"turns":4},{"damage":0,"enemies":"2 Louse","floor":4,"turns":2},{"damage":0,"enemies":"Cultist","floor":5,"turns":2},{"damage":28,"enemies":"Gremlin Nob","floor":6,"turns":4},{"damage":0,"enemies":"2 Fungi Beasts","floor":13,"turns":2},{"damage":0,"enemies":"3 Louse","floor":14,"turns":2},{"damage":36,"enemies":"Slime Boss","floor":16,"turns":12},{"damage":16,"enemies":"Spheric Guardian","floor":18,"turns":4},{"damage":19,"enemies":"2 Thieves","floor":19,"turns":3},{"damage":17,"enemies":"Masked Bandits","floor":20,"turns":4},{"damage":5,"enemies":"Sentry and Sphere","floor":22,"turns":3},{"damage":1,"enemies":"Chosen and Byrds","floor":24,"turns":5},{"damage":9,"enemies":"Centurion and Healer","floor":25,"turns":5},{"damage":1,"enemies":"Cultist and Chosen","floor":28,"turns":3},{"damage":8,"enemies":"Snake Plant","floor":29,"turns":3},{"damage":36,"enemies":"Automaton","floor":33,"turns":7},{"damage":5,"enemies":"Orb Walker","floor":35,"turns":4},{"damage":9,"enemies":"3 Shapes","floor":39,"turns":2},{"damage":17,"enemies":"Giant Head","floor":41,"turns":7},{"damage":18,"enemies":"Jaw Worm Horde","floor":44,"turns":3},{"damage":22,"enemies":"Nemesis","floor":45,"turns":3},{"damage":28,"enemies":"Time Eater","floor":50,"turns":10}],"seed_played":"-5711187983035402534","potions_obtained":[{"floor":1,"key":"SpeedPotion"},{"floor":13,"key":"Strength Potion"},{"floor":14,"key":"Strength Potion"},{"floor":16,"key":"ColorlessPotion"}],"is_trial":false,"path_per_floor":["M","?","?","M","M","E","T","R","T","?","$","R","M","M","R","B",null,"M","M","?","?","M","R","M","M","T","$","M","M","$","?","R","B",null,"M","?","?","$","M","R","E","R","T","M","E","?","R","?","R","B",null],"character_chosen":"BLACKBEARD_CLASS","items_purchased":["Membership Card","blackbeard:GoldenStrike+1","Happy Flower","Medical Kit","Pen Nib","blackbeard:GoldenStrike+1","blackbeard:DoubleBottom","blackbeard:BloodOrange","Pantograph","Enlightenment","blackbeard:Revenge+1","blackbeard:GoldenDefense","blackbeard:Bandana","blackbeard:DoubleBottom","blackbeard:BlindAttacks+1","blackbeard:Shrapnel+1","Sling","Vajra","Mind Blast+1"],"campfire_rested":7,"item_purchase_floors":[11,11,27,27,27,27,27,30,30,30,30,38,38,38,38,38,38,38,38],"current_hp_per_floor":[81,81,61,61,61,38,38,62,62,62,62,62,62,67,82,51,82,66,52,40,21,21,45,49,40,40,40,39,36,36,36,60,46,87,82,82,82,82,73,73,61,87,87,69,47,47,47,47,47,19],"gold":723,"neow_bonus":"TEN_PERCENT_HP_BONUS","is_daily":false,"chose_seed":false,"campfire_upgraded":1,"win_rate":0.0,"timestamp":1611640376,"path_taken":["M","?","?","M","M","E","?","R","T","?","$","R","?","M","R","BOSS","M","M","?","?","M","R","?","M","T","?","M","?","$","?","R","BOSS","M","?","?","$","?","R","E","R","T","M","E","?","R","?","R","BOSS"],"items_purchased_type":["Relic","Card","Relic","Relic","Relic","Card","Card","Relic","Relic","Card","Card","Card","Card","Card","Card","Card","Relic","Relic","Card"],"build_version":"2020-12-22","purchased_purges":1,"victory":true,"max_hp_per_floor":[82,82,82,82,82,82,82,82,82,82,82,82,82,82,82,82,82,82,82,82,82,82,82,82,82,82,82,82,82,82,82,82,82,87,87,87,87,87,87,87,87,87,87,87,87,87,87,83,83,83],"card_choices":[{"not_picked":["blackbeard:BeatUp","blackbeard:RearmingStrike"],"picked":"blackbeard:RemoveScurvy","floor":1},{"not_picked":["blackbeard:BlindAttacks","blackbeard:PirateEarring"],"picked":"blackbeard:SwordDance","floor":4},{"not_picked":["blackbeard:Recklessness","blackbeard:TerrorOfTheSeas"],"picked":"blackbeard:Dagger","floor":5},{"not_picked":["blackbeard:BoostMorale","blackbeard:TerrorOfTheSeas"],"picked":"blackbeard:DoubleCannonball+1","floor":6},{"not_picked":["blackbeard:CannonBarrage","blackbeard:SmithingHammer"],"picked":"blackbeard:Bandana","floor":13},{"not_picked":["blackbeard:DeadlyArsenal","blackbeard:WoodenLeg"],"picked":"blackbeard:Dagger","floor":14},{"not_picked":["blackbeard:PowerHungry","blackbeard:Parrot"],"picked":"blackbeard:CaptainsHat","floor":16},{"not_picked":["blackbeard:WeaponProficiency","blackbeard:FieryDefense"],"picked":"blackbeard:GoldenStrike+1","floor":18},{"not_picked":["blackbeard:FieryDefense","blackbeard:Dagger"],"picked":"blackbeard:Toast+1","floor":19},{"not_picked":["blackbeard:RemoveScurvy","blackbeard:FieryDefense"],"picked":"blackbeard:GoldenStrike+1","floor":20},{"not_picked":["blackbeard:ArmorUp","blackbeard:Sharpening"],"picked":"blackbeard:DeadlyArsenal","floor":22},{"not_picked":["blackbeard:FieryDefense","blackbeard:PirateHook+1"],"picked":"blackbeard:Sword","floor":24},{"not_picked":["blackbeard:FieryDefense","blackbeard:Provisioning"],"picked":"blackbeard:ReapersScythe","floor":25},{"not_picked":["blackbeard:Toast","blackbeard:Upgrade"],"picked":"blackbeard:CaptainsCabin+1","floor":28},{"not_picked":["blackbeard:WoodenLeg","blackbeard:WiseDefense"],"picked":"blackbeard:DoubleBottom+1","floor":29},{"not_picked":["blackbeard:UndeadForm","blackbeard:PirateStrength"],"picked":"blackbeard:BoostMorale","floor":33},{"not_picked":["blackbeard:Sword+1","blackbeard:PiratesWill"],"picked":"blackbeard:DelayedPain","floor":34},{"not_picked":["blackbeard:WoodenLeg","blackbeard:Dagger"],"picked":"blackbeard:GoldenStrike+1","floor":35},{"not_picked":["blackbeard:PiratesWill+1","blackbeard:PirateEarring"],"picked":"blackbeard:TacticalRetreat+1","floor":39},{"not_picked":["blackbeard:SwordDance","blackbeard:Dagger+1"],"picked":"blackbeard:CannonballSupply","floor":41},{"not_picked":["blackbeard:Sword","blackbeard:Provisioning+1"],"picked":"blackbeard:Rum+1","floor":44},{"not_picked":["blackbeard:PowderKeg+1","blackbeard:GoldenStrike+1"],"picked":"blackbeard:GoldenCannonball+1","floor":45}],"player_experience":92393,"relics_obtained":[{"floor":6,"key":"Molten Egg 2"},{"floor":7,"key":"Shuriken"},{"floor":9,"key":"Sundial"},{"floor":20,"key":"Red Mask"},{"floor":26,"key":"Centennial Puzzle"},{"floor":41,"key":"Bottled Tornado"},{"floor":43,"key":"Frozen Egg 2"},{"floor":45,"key":"Bag of Preparation"}],"event_choices":[{"damage_healed":0,"gold_gain":0,"cards_transformed":["blackbeard:BlackbeardDefend"],"player_choice":"Change","damage_taken":0,"max_hp_gain":0,"max_hp_loss":0,"event_name":"Living Wall","floor":2,"gold_loss":0,"cards_obtained":["blackbeard:HumongousCannonball"]},{"damage_healed":0,"gold_gain":0,"player_choice":"Take Damage","damage_taken":20,"relics_obtained":["Golden Idol"],"max_hp_gain":0,"max_hp_loss":0,"event_name":"Golden Idol","floor":3,"gold_loss":0},{"damage_healed":0,"gold_gain":0,"player_choice":"Gave Potion","damage_taken":0,"relics_obtained":["blackbeard:PowderCan"],"max_hp_gain":0,"max_hp_loss":0,"event_name":"WeMeetAgain","floor":10,"gold_loss":0},{"damage_healed":0,"gold_gain":0,"player_choice":"Fought Bandits","damage_taken":0,"max_hp_gain":0,"max_hp_loss":0,"event_name":"Masked Bandits","floor":20,"gold_loss":0},{"damage_healed":0,"gold_gain":180,"player_choice":"GOLD GOLD ","damage_taken":19,"max_hp_gain":0,"max_hp_loss":0,"event_name":"Knowing Skull","floor":21,"potions_obtained":[],"gold_loss":0,"cards_obtained":[]},{"damage_healed":0,"gold_gain":0,"player_choice":"Rummage","damage_taken":0,"relics_obtained":["WarpedTongs"],"max_hp_gain":0,"max_hp_loss":0,"event_name":"Accursed Blacksmith","floor":31,"gold_loss":0,"cards_obtained":["Pain"]},{"damage_healed":0,"gold_gain":333,"player_choice":"Gave Idol","damage_taken":0,"max_hp_gain":0,"max_hp_loss":0,"event_name":"The Moai Head","floor":36,"relics_lost":["Golden Idol"],"gold_loss":0},{"damage_healed":0,"gold_gain":275,"player_choice":"Desecrate","damage_taken":0,"max_hp_gain":0,"max_hp_loss":0,"event_name":"Golden Shrine","floor":37,"gold_loss":0,"cards_obtained":["Regret"]},{"damage_healed":0,"gold_gain":0,"player_choice":"Upgrade","damage_taken":0,"relics_obtained":["Mark of the Bloom"],"max_hp_gain":0,"max_hp_loss":0,"event_name":"MindBloom","floor":46,"gold_loss":0,"cards_upgraded":["blackbeard:BlackbeardStrike","blackbeard:BlackbeardStrike","blackbeard:BlackbeardStrike","blackbeard:IntimidatingStrike","blackbeard:BlackbeardDefend","blackbeard:BlackbeardDefend","blackbeard:BlackbeardDefend","blackbeard:RemoveScurvy","blackbeard:HumongousCannonball","blackbeard:SwordDance","blackbeard:Dagger","blackbeard:Bandana","blackbeard:Dagger","blackbeard:CaptainsHat","blackbeard:DeadlyArsenal","blackbeard:Sword","blackbeard:ReapersScythe","blackbeard:DoubleBottom","Enlightenment","blackbeard:BoostMorale","blackbeard:DelayedPain","blackbeard:GoldenDefense","blackbeard:Bandana","blackbeard:DoubleBottom","blackbeard:CannonballSupply"]},{"damage_healed":0,"gold_gain":0,"player_choice":"Max HP","damage_taken":0,"max_hp_gain":0,"max_hp_loss":4,"event_name":"Winding Halls","floor":48,"gold_loss":0}],"is_beta":false,"boss_relics":[{"not_picked":["Philosopher\u0027s Stone","Calling Bell"],"picked":"Velvet Choker"},{"not_picked":["SacredBark","Runic Dome"],"picked":"Tiny House"}],"items_purged_floors":[38],"is_endless":false,"potions_floor_spawned":[1,13,14,16,19,20,28,35,44],"ascension_level":0}}