{"host":"p090fjik2phvjstn","time":1611703567,"event":{"mods":["AchievementEnabler","BaseMod","Block Reminder","Colored Powertips","Minty Spire (QoL Compilation)","Quick Restart","Synergy Search"],"gold_per_floor":[117,67,77,2,16,0,30,50,76,76,134,162,462,476,476,574,574,589,589,33,47,0,0,29,29,29,61,72,83,109,123,123,228,278,289,151,151,8,23,23,41,41,90,117,117,152,152,163,163,163],"floor_reached":51,"language":"ENG","playtime":3100,"items_purged":["Strike_G","Strike_G"],"score":1062,"play_id":"71c4d66e-a056-4d23-9063-399cda98025a","local_time":"20210126232607","is_ascension_mode":true,"campfire_choices":[{"floor":10.0,"key":"REST"},{"floor":15.0,"key":"REST"},{"floor":23.0,"key":"REST"},{"floor":25.0,"key":"REST"},{"floor":32.0,"key":"REST"},{"floor":40,"key":"REST"},{"floor":42,"key":"REST"},{"floor":45,"key":"REST"},{"floor":47,"key":"REST"},{"floor":49,"key":"REST"}],"circlet_count":0,"master_deck":["Strike_G+1","Defend_G","Defend_G","Defend_G","Defend_G","Defend_G","Survivor","Neutralize","Dash","Noxious Fumes","Envenom","Wraith Form v2","Blade Dance","Footwork","PiercingWail","Malaise","Finisher","Well Laid Plans","Concentrate+1","Predator","Night Terror","After Image","Predator","Terror+1","Crippling Poison","Endless Agony+1","Phantasmal Killer","Blade Dance+1","Unload"],"relics":["Fusion Hammer","Nunchaku","Centennial Puzzle","Boot","Matryoshka","Bronze Scales","Old Coin","HoveringKite","Bottled Tornado","Vajra","WingedGreaves","Happy Flower","Art of War","Calipers","Regal Pillow","Tiny House","Bag of Preparation","PreservedInsect","Dead Branch","Tough Bandages"],"acts_visited":["Exordium","TheCity","TheBeyond"],"potions_floor_usage":[33,41,41,44,50,50],"damage_taken":[{"damage":0.0,"enemies":"2 Louse","floor":1.0,"turns":4.0},{"damage":0.0,"enemies":"Jaw Worm","floor":3.0,"turns":4.0},{"damage":0.0,"enemies":"Cultist","floor":5.0,"turns":4.0},{"damage":2.0,"enemies":"Gremlin Nob","floor":7.0,"turns":5.0},{"damage":4.0,"enemies":"Blue Slaver","floor":8.0,"turns":4.0},{"damage":16.0,"enemies":"Lagavulin Event","floor":11.0,"turns":6.0},{"damage":13.0,"enemies":"3 Sentries","floor":12.0,"turns":7.0},{"damage":10.0,"enemies":"Exordium Wildlife","floor":14.0,"turns":3.0},{"damage":4.0,"enemies":"The Guardian","floor":16.0,"turns":12.0},{"damage":17.0,"enemies":"Spheric Guardian","floor":18.0,"turns":8.0},{"damage":2.0,"enemies":"3 Byrds","floor":21.0,"turns":2.0},{"damage":12.0,"enemies":"Gremlin Leader","floor":24.0,"turns":5.0},{"damage":7.0,"enemies":"Book of Stabbing","floor":27.0,"turns":6.0},{"damage":12.0,"enemies":"Snecko","floor":28.0,"turns":5.0},{"damage":6.0,"enemies":"Centurion and Healer","floor":29.0,"turns":7.0},{"damage":10.0,"enemies":"Slavers","floor":30.0,"turns":5.0},{"damage":26.0,"enemies":"Cultist and Chosen","floor":31.0,"turns":6.0},{"damage":26,"enemies":"Collector","floor":33,"turns":10},{"damage":23,"enemies":"Orb Walker","floor":35,"turns":5},{"damage":0,"enemies":"3 Shapes","floor":39,"turns":6},{"damage":43,"enemies":"Spire Growth","floor":41,"turns":5},{"damage":24,"enemies":"Reptomancer","floor":44,"turns":5},{"damage":3,"enemies":"Nemesis","floor":46,"turns":5},{"damage":0,"enemies":"Transient","floor":48,"turns":5},{"damage":51,"enemies":"Time Eater","floor":50,"turns":12}],"seed_played":"-4834291595099698738","potions_obtained":[{"floor":1.0,"key":"Dexterity Potion"},{"floor":3.0,"key":"Explosive Potion"},{"floor":5.0,"key":"EssenceOfSteel"},{"floor":16.0,"key":"DuplicationPotion"},{"floor":21.0,"key":"LiquidMemories"},{"floor":24.0,"key":"SkillPotion"},{"floor":27.0,"key":"SpeedPotion"},{"floor":30.0,"key":"Dexterity Potion"},{"floor":34,"key":"CultistPotion"},{"floor":35,"key":"Swift Potion"},{"floor":39,"key":"ColorlessPotion"},{"floor":46,"key":"DistilledChaos"},{"floor":48,"key":"Fire Potion"}],"is_trial":false,"path_per_floor":["M","?","M","$","M","?","E","M","T","R","?","E","T","M","R","B",null,"M","?","$","M","?","R","E","R","T","E","M","M","E","M","R","B",null,"M","$","?","$","M","R","M","R","T","E","R","E","R","M","R","B",null],"character_chosen":"THE_SILENT","items_purchased":["Noxious Fumes","Bottled Tornado","Vajra","Well Laid Plans","Crippling Poison","Bag of Preparation"],"campfire_rested":10,"item_purchase_floors":[4,20,20,20,36,38],"current_hp_per_floor":[63,63,63,63,63,63,61,57,57,70,54,41,41,31,52,48,65,48,48,48,46,46,67,55,70,70,63,51,45,35,9,45,19,62,39,39,39,39,39,75,32,69,69,45,75,72,75,75,75,24],"gold":163,"neow_bonus":"BOSS_RELIC","is_daily":false,"chose_seed":false,"campfire_upgraded":0,"win_rate":0.0,"timestamp":1611703567,"path_taken":["M","?","M","$","M","?","E","M","T","R","?","E","?","M","R","BOSS","M","?","$","M","?","R","E","R","T","E","M","M","E","?","R","BOSS","M","$","?","$","?","R","M","R","T","E","R","E","R","M","R","BOSS"],"items_purchased_type":["Card","Relic","Relic","Card","Card","Relic"],"build_version":"2020-12-22","purchased_purges":2,"victory":true,"max_hp_per_floor":[70,70,70,70,70,70,70,70,70,70,70,70,70,70,70,70,70,70,70,70,70,70,70,70,70,70,70,70,70,70,70,70,70,75,75,75,75,75,75,75,75,75,75,75,75,75,75,75,75,75],"card_choices":[{"not_picked":["Prepared","Outmaneuver"],"picked":"Dash","floor":1.0},{"not_picked":["Backflip","Flying Knee","Prepared"],"picked":"SKIP","floor":3.0},{"not_picked":["Flying Knee","Blur"],"picked":"Envenom","floor":5.0},{"not_picked":["PiercingWail","Prepared"],"picked":"Wraith Form v2","floor":7.0},{"not_picked":["Deadly Poison","Escape Plan"],"picked":"Blade Dance","floor":8.0},{"not_picked":["Infinite Blades","Slice"],"picked":"Footwork","floor":12.0},{"not_picked":["Distraction","Flechettes"],"picked":"PiercingWail","floor":14.0},{"not_picked":["Tools of the Trade","Envenom"],"picked":"Malaise","floor":16.0},{"not_picked":["Slice","Cloak And Dagger+1","Poisoned Stab+1"],"picked":"SKIP","floor":18.0},{"not_picked":["Deflect","Expertise","Outmaneuver+1"],"picked":"SKIP","floor":21.0},{"not_picked":["Underhanded Strike","Deadly Poison"],"picked":"Concentrate+1","floor":24.0},{"not_picked":["Unload","Reflex","Backflip"],"picked":"SKIP","floor":27.0},{"not_picked":["Choke+1","Flechettes"],"picked":"Predator","floor":28.0},{"not_picked":["Bouncing Flask+1","Outmaneuver","Infinite Blades"],"picked":"SKIP","floor":29.0},{"not_picked":["Deadly Poison","Tools of the Trade"],"picked":"Night Terror","floor":30.0},{"not_picked":["Concentrate","Cloak And Dagger","Well Laid Plans"],"picked":"SKIP","floor":31.0},{"not_picked":["Adrenaline","Glass Knife"],"picked":"After Image","floor":33},{"not_picked":["Prepared+1","Bouncing Flask"],"picked":"Predator","floor":34},{"not_picked":["PiercingWail","Backflip+1"],"picked":"Terror+1","floor":35},{"not_picked":["Leg Sweep+1","Acrobatics"],"picked":"Endless Agony+1","floor":39},{"not_picked":["Caltrops+1","Quick Slash","Bane"],"picked":"SKIP","floor":41},{"not_picked":["Dagger Spray+1","Slice"],"picked":"Phantasmal Killer","floor":44},{"not_picked":["Finisher+1","PiercingWail"],"picked":"Blade Dance+1","floor":46},{"not_picked":["Concentrate+1","Dagger Spray+1"],"picked":"Unload","floor":48}],"player_experience":531601,"relics_obtained":[{"floor":7.0,"key":"Nunchaku"},{"floor":9.0,"key":"Centennial Puzzle"},{"floor":11.0,"key":"Boot"},{"floor":12.0,"key":"Matryoshka"},{"floor":13.0,"key":"Bronze Scales"},{"floor":13.0,"key":"Old Coin"},{"floor":24.0,"key":"WingedGreaves"},{"floor":26.0,"key":"Happy Flower"},{"floor":26.0,"key":"Art of War"},{"floor":27.0,"key":"Calipers"},{"floor":30.0,"key":"Regal Pillow"},{"floor":43,"key":"PreservedInsect"},{"floor":44,"key":"Dead Branch"},{"floor":46,"key":"Tough Bandages"}],"event_choices":[{"cards_removed":["Strike_G"],"damage_healed":0.0,"max_hp_gain":0.0,"max_hp_loss":0.0,"gold_gain":0.0,"event_name":"The Cleric","player_choice":"Card Removal","floor":2.0,"gold_loss":50.0,"damage_taken":0.0},{"damage_healed":0.0,"max_hp_gain":0.0,"max_hp_loss":0.0,"gold_gain":0.0,"event_name":"World of Goop","player_choice":"Left Gold","floor":6.0,"gold_loss":16.0,"damage_taken":0.0},{"damage_healed":0.0,"max_hp_gain":0.0,"max_hp_loss":0.0,"gold_gain":30.0,"event_name":"Dead Adventurer","player_choice":"Searched \u00273\u0027 times","floor":11.0,"gold_loss":0.0,"damage_taken":0.0},{"damage_healed":0.0,"max_hp_gain":0.0,"max_hp_loss":0.0,"gold_gain":0.0,"event_name":"The Library","player_choice":"Read","floor":19.0,"gold_loss":0.0,"damage_taken":0.0,"cards_obtained":["Finisher"]},{"damage_healed":0.0,"max_hp_gain":0.0,"max_hp_loss":0.0,"gold_gain":0.0,"event_name":"Masked Bandits","player_choice":"Paid Fearfully","floor":22.0,"gold_loss":47.0,"damage_taken":0.0},{"cards_removed":["Strike_G"],"damage_healed":0,"gold_gain":0,"player_choice":"Purged","damage_taken":0,"max_hp_gain":0,"max_hp_loss":0,"event_name":"Purifier","floor":37,"gold_loss":0}],"is_beta":false,"boss_relics":[{"not_picked":["Coffee Dripper","Ectoplasm"],"picked":"HoveringKite"},{"not_picked":["Velvet Choker","Cursed Key"],"picked":"Tiny House"}],"items_purged_floors":[20,36],"is_endless":false,"potions_floor_spawned":[1,3,5,16,21,24,27,30,35,39,46,48],"ascension_level":8}}