{"host":"rj1j8apb2x4vafcu","time":1611684829,"event":{"mods":["AchievementEnabler","Act Like it!","BaseMod","Colored Map","Colored Powertips","Minty Spire (QoL Compilation)","Rare Cards Sparkle","StSLib"],"gold_per_floor":[117,136,136,153,32,32,49,80,103,278,292,292,321,337,337,337,337],"floor_reached":16,"language":"ENG","playtime":792,"items_purged":["Defend_G"],"score":123,"play_id":"b3048467-57b6-4ae2-b990-a076e91bcc80","local_time":"20210126161349","is_ascension_mode":true,"campfire_choices":[{"data":"Tactician","floor":6,"key":"SMITH"},{"floor":12,"key":"REST"},{"floor":15,"key":"REST"}],"circlet_count":0,"master_deck":["Strike_G","Strike_G","Strike_G","Strike_G+1","Defend_G","Defend_G","Defend_G","Defend_G","Survivor","Neutralize","Tactician+1","Heel Hook","Infinite Blades","Slice+1","Cloak And Dagger","Blade Dance","Doubt","Backflip","Slice"],"relics":["Sozu","Art of War","Boot","Whetstone"],"acts_visited":["Exordium"],"potions_floor_usage":[],"damage_taken":[{"damage":2,"enemies":"2 Louse","floor":1,"turns":3},{"damage":4,"enemies":"Cultist","floor":2,"turns":5},{"damage":0,"enemies":"Jaw Worm","floor":4,"turns":4},{"damage":10,"enemies":"Exordium Wildlife","floor":7,"turns":3},{"damage":27,"enemies":"Gremlin Nob","floor":8,"turns":5},{"damage":14,"enemies":"Lots of Slimes","floor":11,"turns":4},{"damage":21,"enemies":"Lagavulin","floor":13,"turns":6},{"damage":2,"enemies":"Blue Slaver","floor":14,"turns":3},{"damage":34,"enemies":"The Guardian","floor":16,"turns":13}],"seed_played":"8024063139494060919","potions_obtained":[],"is_trial":false,"path_per_floor":["M","M","?","M","$","R","M","E","T","?","M","R","E","M","R","B"],"character_chosen":"THE_SILENT","items_purchased":["Slice"],"campfire_rested":2,"item_purchase_floors":[5],"current_hp_per_floor":[68,64,64,64,64,64,54,27,27,27,13,34,13,11,32,0,0],"gold":337,"neow_bonus":"BOSS_RELIC","is_daily":false,"chose_seed":false,"campfire_upgraded":1,"win_rate":0.0,"timestamp":1611684829,"path_taken":["M","M","?","?","$","R","M","E","T","?","M","R","E","M","R","BOSS"],"items_purchased_type":["Card"],"build_version":"2020-12-22","purchased_purges":1,"victory":false,"max_hp_per_floor":[70,70,70,70,70,70,70,70,70,70,70,70,70,70,70,70,70],"card_choices":[{"not_picked":["Terror","Quick Slash"],"picked":"Tactician","floor":1},{"not_picked":["Dash","Terror"],"picked":"Heel Hook","floor":2},{"not_picked":["Sucker Punch","Skewer"],"picked":"Infinite Blades","floor":4},{"not_picked":["Slice","Bane"],"picked":"Cloak And Dagger","floor":7},{"not_picked":["Outmaneuver","Skewer"],"picked":"Blade Dance","floor":8},{"not_picked":["Dagger Throw","Tactician"],"picked":"Backflip","floor":11},{"not_picked":["Reflex","Outmaneuver","Bouncing Flask"],"picked":"SKIP","floor":13},{"not_picked":["Reflex","Outmaneuver","Bouncing Flask"],"picked":"SKIP","floor":13},{"not_picked":["Acrobatics","Eviscerate"],"picked":"Slice","floor":14}],"player_experience":129820,"relics_obtained":[{"floor":8,"key":"Art of War"},{"floor":9,"key":"Boot"},{"floor":13,"key":"Whetstone"}],"event_choices":[{"cards_removed":["Strike_G"],"damage_healed":0,"gold_gain":0,"player_choice":"Purged","damage_taken":0,"max_hp_gain":0,"max_hp_loss":0,"event_name":"Purifier","floor":3,"gold_loss":0},{"damage_healed":0,"gold_gain":175,"player_choice":"AGREE","damage_taken":0,"max_hp_gain":0,"max_hp_loss":0,"event_name":"Liars Game","floor":10,"gold_loss":0,"cards_obtained":["Doubt"]}],"is_beta":false,"boss_relics":[],"items_purged_floors":[5],"is_endless":false,"potions_floor_spawned":[1,4,7,8],"killed_by":"The Guardian","ascension_level":2}}