{"host":"yqw1zpryoutrnocq","time":1611667392,"event":{"mods":["2.2 Compatiblity","AchievementEnabler","BaseMod","Colored Map","Custom Start","DeckTracker","Minty Spire (QoL Compilation)","Replay The Spire","StSLib","SuperFastMode"],"gold_per_floor":[117,132,148,163,175,206,217,217,217],"floor_reached":8,"language":"KOR","playtime":398,"items_purged":[],"score":74,"play_id":"48f48d43-bbb6-4914-9130-82355e6cc31d","local_time":"20210126072312","is_ascension_mode":true,"campfire_choices":[],"circlet_count":0,"master_deck":["Strike_G","Strike_G","Strike_G","Strike_G","Strike_G","Defend_G","Defend_G","Defend_G","Defend_G","Defend_G","Survivor","Neutralize+1","PiercingWail","Dagger Spray","Prepared","Fluid Movement","Deadly Poison","PiercingWail","Noxious Fumes"],"relics":["Ring of the Snake","Dream Catcher"],"acts_visited":["Exordium"],"potions_floor_usage":[6,6],"damage_taken":[{"damage":6,"enemies":"Small Slimes","floor":1,"turns":4},{"damage":0,"enemies":"Cultist","floor":2,"turns":4},{"damage":7,"enemies":"Jaw Worm","floor":3,"turns":4},{"damage":9,"enemies":"2 Fungi Beasts","floor":4,"turns":3},{"damage":1,"enemies":"Red Slaver","floor":5,"turns":6},{"damage":20,"enemies":"3 Sentries","floor":6,"turns":10},{"damage":4,"enemies":"Large Slime","floor":7,"turns":8},{"damage":32,"enemies":"Lagavulin","floor":8,"turns":6}],"seed_played":"-8834072295194024375","potions_obtained":[{"floor":2,"key":"GhostInAJar"},{"floor":4,"key":"LifebloodPotion"}],"is_trial":false,"path_per_floor":["M","M","M","M","M","E","M","E"],"character_chosen":"THE_SILENT","items_purchased":[],"campfire_rested":0,"item_purchase_floors":[],"current_hp_per_floor":[64,64,57,48,47,27,23,0,0],"gold":217,"neow_bonus":"UPGRADE_CARD","is_daily":false,"chose_seed":false,"campfire_upgraded":0,"win_rate":0.0,"timestamp":1611667392,"path_taken":["M","M","M","M","M","E","M","E"],"items_purchased_type":[],"build_version":"2020-12-22","purchased_purges":0,"victory":false,"max_hp_per_floor":[70,70,70,70,70,70,70,70,70],"card_choices":[{"not_picked":["Underhanded Strike","Sucker Punch"],"picked":"PiercingWail","floor":1},{"not_picked":["Backflip","Dodge and Roll"],"picked":"Dagger Spray","floor":2},{"not_picked":["Flechettes","Deflect"],"picked":"Prepared","floor":3},{"not_picked":["Dash","ReplayTheSpireMod:The Works"],"picked":"Fluid Movement","floor":4},{"not_picked":["Sneak Up","Dagger Throw"],"picked":"Deadly Poison","floor":5},{"not_picked":["ReplayTheSpireMod:Shiv Toss","Distraction"],"picked":"PiercingWail","floor":6},{"not_picked":["Bouncing Flask","ReplayTheSpireMod:The Works"],"picked":"Noxious Fumes","floor":7}],"player_experience":225783,"relics_obtained":[{"floor":6,"key":"Dream Catcher"}],"event_choices":[],"is_beta":false,"boss_relics":[],"items_purged_floors":[],"is_endless":false,"potions_floor_spawned":[2,4],"killed_by":"Lagavulin","ascension_level":4}}