{"host":"9709z2dy8v1s63sm","time":1611651142,"event":{"mods":["AchievementEnabler","BaseMod","Minty Spire (QoL Compilation)","StSLib","SuperFastMode"],"gold_per_floor":[414,119,130,7,18,18,28,60,60,60,73,85,85,111,111,206,206,221,12,27,40,64,89,89,119,119,119,136,146,180,199,199,302,302,314,6,16,61,74,101,201,230,285,285,297,315,315,215,215,215,215,215,1,28,28],"floor_reached":56,"language":"KOR","playtime":3191,"items_purged":["Strike_R","Searing Blow+1","Strike_R+1","Bash+1"],"score":2069,"play_id":"67ed23cd-faf9-4665-a283-369e08e2bfa7","local_time":"20210126175222","is_ascension_mode":true,"campfire_choices":[{"data":"Rampage","floor":6.0,"key":"SMITH"},{"data":"Shockwave","floor":13.0,"key":"SMITH"},{"data":"Disarm","floor":15.0,"key":"SMITH"},{"data":"Pommel Strike","floor":24.0,"key":"SMITH"},{"data":"Feel No Pain","floor":27.0,"key":"SMITH"},{"data":"Dark Embrace","floor":32.0,"key":"SMITH"},{"data":"Barricade","floor":44.0,"key":"SMITH"},{"floor":47.0,"key":"RECALL"},{"data":"Evolve","floor":49.0,"key":"SMITH"},{"data":"Entrench","floor":52.0,"key":"SMITH"}],"circlet_count":0,"master_deck":["AscendersBane","Defend_R","Defend_R","Defend_R","Rampage+1","Purity","Evolve+1","Shockwave+1","Disarm+1","Pommel Strike+1","Double Tap+1","Metallicize+1","Corruption+1","Feel No Pain+1","Sentinel+1","Shrug It Off","Sentinel","Second Wind+1","Body Slam+1","Power Through","Dark Embrace+1","Seeing Red","Barricade+1","Entrench+1","Entrench+1","Impervious","Ghostly Armor","Burning Pact+1","True Grit+1","Dual Wield","Flame Barrier"],"relics":["Burning Blood","Old Coin","Centennial Puzzle","The Courier","TungstenRod","Incense Burner","Astrolabe","War Paint","Ornamental Fan","Art of War","Anchor","Sozu","Calipers","Torii","Whetstone","Bottled Tornado","Nunchaku","Red Skull"],"acts_visited":["Exordium","TheCity","TheBeyond","TheEnding"],"potions_floor_usage":[55,55],"damage_taken":[{"damage":2.0,"enemies":"2 Louse","floor":1.0,"turns":3.0},{"damage":1.0,"enemies":"Cultist","floor":3.0,"turns":3.0},{"damage":7.0,"enemies":"Small Slimes","floor":5.0,"turns":3.0},{"damage":8.0,"enemies":"2 Fungi Beasts","floor":7.0,"turns":5.0},{"damage":17.0,"enemies":"Lagavulin","floor":8.0,"turns":8.0},{"damage":4.0,"enemies":"Red Slaver","floor":11.0,"turns":5.0},{"damage":8.0,"enemies":"Looter","floor":12.0,"turns":4.0},{"damage":25.0,"enemies":"Gremlin Nob","floor":14.0,"turns":5.0},{"damage":23.0,"enemies":"The Guardian","floor":16.0,"turns":9.0},{"damage":4.0,"enemies":"3 Byrds","floor":18.0,"turns":8.0},{"damage":0.0,"enemies":"Chosen","floor":20.0,"turns":6.0},{"damage":19.0,"enemies":"3 Cultists","floor":21.0,"turns":7.0},{"damage":36.0,"enemies":"Gremlin Leader","floor":23.0,"turns":5.0},{"damage":7.0,"enemies":"Book of Stabbing","floor":25.0,"turns":6.0},{"damage":10.0,"enemies":"Chosen and Byrds","floor":28.0,"turns":7.0},{"damage":3.0,"enemies":"Sentry and Sphere","floor":29.0,"turns":4.0},{"damage":3.0,"enemies":"Gremlin Leader","floor":30.0,"turns":8.0},{"damage":6.0,"enemies":"3 Cultists","floor":31.0,"turns":6.0},{"damage":3.0,"enemies":"Automaton","floor":33.0,"turns":9.0},{"damage":0.0,"enemies":"Orb Walker","floor":35.0,"turns":4.0},{"damage":3.0,"enemies":"3 Shapes","floor":37.0,"turns":4.0},{"damage":0.0,"enemies":"2 Orb Walkers","floor":38.0,"turns":2.0},{"damage":0.0,"enemies":"Jaw Worm Horde","floor":39.0,"turns":3.0},{"damage":0.0,"enemies":"Giant Head","floor":40.0,"turns":6.0},{"damage":0.0,"enemies":"Nemesis","floor":42.0,"turns":7.0},{"damage":0.0,"enemies":"Writhing Mass","floor":45.0,"turns":5.0},{"damage":0.0,"enemies":"4 Shapes","floor":46.0,"turns":4.0},{"damage":0.0,"enemies":"Time Eater","floor":50.0,"turns":4.0},{"damage":0.0,"enemies":"Shield and Spear","floor":54.0,"turns":2.0},{"damage":0,"enemies":"The Heart","floor":55,"turns":3}],"seed_played":"-1140058185532427617","potions_obtained":[{"floor":3.0,"key":"SteroidPotion"},{"floor":5.0,"key":"DuplicationPotion"},{"floor":11.0,"key":"HeartOfIron"},{"floor":20.0,"key":"Strength Potion"},{"floor":25.0,"key":"Energy Potion"},{"floor":28.0,"key":"ElixirPotion"},{"floor":29.0,"key":"DuplicationPotion"},{"floor":33.0,"key":"DuplicationPotion"}],"is_trial":false,"path_per_floor":["M","$","M","$","M","R","M","E","T","?","M","M","R","E","R","B",null,"M","$","M","M","T","E","R","E","T","R","M","M","E","M","R","B",null,"M","$","M","?","M","E","?","E","T","R","M","M","R","$","R","B",null,"R","$","E","B",null],"character_chosen":"IRONCLAD","items_purchased":["Rampage","Centennial Puzzle","Purity","Evolve","Feel No Pain","Sentinel","Shrug It Off","Sentinel","Calipers","Dual Wield","Flame Barrier"],"campfire_rested":0,"item_purchase_floors":[2,2,4,4,19,19,19,19,36,53,53],"current_hp_per_floor":[55,55,60,60,59,59,57,46,46,46,48,46,46,27,27,10,63,65,65,71,58,58,28,28,27,27,27,23,26,29,29,29,32,68,74,74,77,80,80,80,80,80,80,80,80,80,80,80,80,80,80,80,80,80,80],"gold":28,"neow_bonus":"ONE_RARE_RELIC","is_daily":false,"chose_seed":false,"campfire_upgraded":9,"win_rate":0.0,"timestamp":1611651142,"path_taken":["M","$","M","$","M","R","M","E","T","?","M","M","R","E","R","BOSS","M","$","M","M","?","E","R","E","T","R","?","M","E","M","R","BOSS","M","$","M","?","M","E","?","E","T","R","M","M","R","$","R","BOSS","R","$","E","BOSS"],"items_purchased_type":["Card","Relic","Card","Card","Card","Card","Card","Card","Relic","Card","Card"],"build_version":"2020-12-22","purchased_purges":4,"victory":true,"max_hp_per_floor":[80,80,80,80,80,80,80,80,80,80,80,80,80,80,80,80,80,80,80,80,80,80,80,80,80,80,80,80,80,80,80,80,80,80,80,80,80,80,80,80,80,80,80,80,80,80,80,80,80,80,80,80,80,80,80],"card_choices":[{"not_picked":["Warcry","Metallicize","Clothesline"],"picked":"SKIP","floor":1.0},{"not_picked":["Clothesline","Spot Weakness","Flame Barrier"],"picked":"SKIP","floor":3.0},{"not_picked":["Clash","Twin Strike"],"picked":"Shockwave","floor":5.0},{"not_picked":["True Grit","Disarm","Headbutt"],"picked":"SKIP","floor":7.0},{"not_picked":["True Grit","Headbutt"],"picked":"Disarm","floor":7.0},{"not_picked":["Wild Strike","Headbutt","Uppercut"],"picked":"SKIP","floor":8.0},{"not_picked":["Clothesline","Thunderclap","Disarm"],"picked":"SKIP","floor":11.0},{"not_picked":["Perfected Strike","Hemokinesis","Flex"],"picked":"SKIP","floor":12.0},{"not_picked":["Pummel","Whirlwind"],"picked":"Pommel Strike","floor":14.0},{"not_picked":["Immolate","Demon Form"],"picked":"Double Tap","floor":16.0},{"not_picked":["Sword Boomerang","Seeing Red","Pommel Strike"],"picked":"SKIP","floor":18.0},{"not_picked":["Combust","Armaments","Flex"],"picked":"SKIP","floor":20.0},{"not_picked":["Wild Strike+1","Feed"],"picked":"Second Wind+1","floor":21.0},{"not_picked":["Entrench","Clash"],"picked":"Body Slam+1","floor":23.0},{"not_picked":["Intimidate","Fiend Fire","Clash+1"],"picked":"SKIP","floor":25.0},{"not_picked":["Blood for Blood","Second Wind","Body Slam"],"picked":"SKIP","floor":28.0},{"not_picked":["Twin Strike","Battle Trance"],"picked":"Power Through","floor":29.0},{"not_picked":["Limit Break","Burning Pact"],"picked":"Dark Embrace","floor":30.0},{"not_picked":["Iron Wave","Rage+1"],"picked":"Seeing Red","floor":31.0},{"not_picked":["Immolate","Impervious"],"picked":"Barricade","floor":33.0},{"not_picked":["Sword Boomerang","Cleave+1"],"picked":"Entrench","floor":35.0},{"not_picked":["Body Slam+1","Heavy Blade"],"picked":"Entrench+1","floor":37.0},{"not_picked":["Iron Wave","Dropkick"],"picked":"Impervious","floor":38.0},{"not_picked":["Entrench","Anger"],"picked":"Ghostly Armor","floor":39.0},{"not_picked":["Disarm","Dropkick"],"picked":"Burning Pact+1","floor":40.0},{"not_picked":["Berserk","Whirlwind","Body Slam"],"picked":"SKIP","floor":42.0},{"not_picked":["Sword Boomerang+1","Anger+1"],"picked":"True Grit+1","floor":45.0},{"not_picked":["Pommel Strike+1","Body Slam","Sever Soul+1"],"picked":"SKIP","floor":46.0},{"not_picked":["Clothesline","Brutality","Flex+1"],"picked":"SKIP","floor":54.0}],"player_experience":88405,"relics_obtained":[{"floor":8.0,"key":"The Courier"},{"floor":9.0,"key":"TungstenRod"},{"floor":14.0,"key":"Incense Burner"},{"floor":22.0,"key":"War Paint"},{"floor":23.0,"key":"Ornamental Fan"},{"floor":25.0,"key":"Art of War"},{"floor":30.0,"key":"Anchor"},{"floor":38.0,"key":"Torii"},{"floor":40.0,"key":"Whetstone"},{"floor":42.0,"key":"Bottled Tornado"},{"floor":43.0,"key":"Nunchaku"},{"floor":54.0,"key":"Red Skull"}],"event_choices":[{"cards_removed":["Strike_R"],"damage_healed":0.0,"max_hp_gain":0.0,"max_hp_loss":0.0,"gold_gain":0.0,"event_name":"Bonfire Elementals","player_choice":"Offered Basic","floor":10.0,"gold_loss":0.0,"damage_taken":0.0},{"damage_healed":0.0,"max_hp_gain":0.0,"max_hp_loss":0.0,"gold_gain":0.0,"event_name":"Mysterious Sphere","player_choice":"Fight","floor":38.0,"gold_loss":0.0,"damage_taken":0.0},{"damage_healed":0.0,"max_hp_gain":0.0,"max_hp_loss":0.0,"gold_gain":100.0,"event_name":"Golden Shrine","player_choice":"Pray","floor":41.0,"gold_loss":0.0,"damage_taken":0.0}],"is_beta":false,"boss_relics":[{"not_picked":["Philosopher\u0027s Stone","Tiny House"],"picked":"Astrolabe"},{"not_picked":["Runic Cube","Black Star"],"picked":"Sozu"}],"items_purged_floors":[2,36,48,53],"is_endless":false,"potions_floor_spawned":[3,5,11,20,25,28,29,33,35,40,42,54],"ascension_level":10}}