{"host":"p8f0otjoacyb9giz","time":1611659830,"event":{"mods":["AchievementEnabler","BaseMod","Downfall","Minty Spire (QoL Compilation)","StSLib"],"gold_per_floor":[99,99,99,99,99,16,16,16,44,44,59,71,71,71,71],"floor_reached":13,"language":"ENG","playtime":396,"items_purged":[],"score":91,"play_id":"6060f5d6-6bb7-40ad-b425-bb67fbea7170","local_time":"20210126141710","is_ascension_mode":true,"campfire_choices":[{"data":"hexamod:Float","floor":1,"key":"SMITH"},{"data":"hexamod:HexaLevel","floor":8,"key":"SMITH"},{"floor":10,"key":"RECALL"}],"circlet_count":0,"master_deck":["hexamod:Strike","hexamod:Strike","hexamod:Strike","hexamod:Strike","hexamod:Defend","hexamod:Defend","hexamod:Defend","hexamod:Defend","hexamod:Sear","hexamod:Float+1","hexamod:GhostflameBarrier","hexamod:ExtraCrispy","hexamod:ChargedBarrage","hexamod:HexaLevel+1","hexamod:HeatCrush","hexamod:Incineration","hexamod:UnlimitedPower","hexamod:PhantomCloak"],"relics":["hexamod:SpiritBrand","downfall:HeartsMalice","Thread and Needle","Toy Ornithopter"],"acts_visited":["Exordium"],"potions_floor_usage":[],"damage_taken":[{"damage":0,"enemies":"2 Louse","floor":2,"turns":1},{"damage":0,"enemies":"Cultist","floor":3,"turns":1},{"damage":0,"enemies":"Small Slimes","floor":4,"turns":1},{"damage":0,"enemies":"downfall:FleeingMerchant","floor":6,"turns":4},{"damage":16,"enemies":"Gremlin Nob","floor":9,"turns":4},{"damage":11,"enemies":"2 Fungi Beasts","floor":11,"turns":3},{"damage":17,"enemies":"3 Louse","floor":12,"turns":4},{"damage":28,"enemies":"3 Sentries","floor":13,"turns":6}],"seed_played":"6038564195144609942","potions_obtained":[{"floor":9,"key":"GamblersBrew"},{"floor":12,"key":"Guardian:BlockOnCardUsePotion"}],"is_trial":false,"path_per_floor":["R","M","M","M","?","$","T","R","E","R","M","M","E"],"character_chosen":"THE_SPIRIT","items_purchased":["hexamod:Incineration"],"campfire_rested":0,"item_purchase_floors":[6],"current_hp_per_floor":[70,70,70,70,70,70,70,70,54,54,43,26,0,0,0],"gold":71,"neow_bonus":"THREE_ENEMY_KILL","is_daily":false,"chose_seed":false,"campfire_upgraded":2,"win_rate":0.0,"timestamp":1611659830,"path_taken":["R","M","M","M","?","$","T","R","E","R","M","M","E"],"items_purchased_type":["Card"],"build_version":"2020-12-22","purchased_purges":0,"victory":false,"max_hp_per_floor":[70,70,70,70,70,70,70,70,70,70,70,70,70,70,70],"card_choices":[{"not_picked":["hexamod:ShieldOfDarkness","hexamod:ChargedBarrage"],"picked":"hexamod:GhostflameBarrier","floor":2},{"not_picked":["hexamod:SkipABeat","hexamod:GhostShield"],"picked":"hexamod:ExtraCrispy","floor":3},{"not_picked":["hexamod:InspiringFlames","hexamod:GhostShield"],"picked":"hexamod:ChargedBarrage","floor":4},{"not_picked":["hexamod:ThermalTransfer","hexamod:HauntingEcho"],"picked":"hexamod:HeatCrush","floor":6},{"not_picked":["hexamod:Hexaguard","hexamod:FifthSeal"],"picked":"hexamod:UnlimitedPower","floor":9},{"not_picked":["hexamod:NightmareStrike","hexamod:SuperheatedStrike","hexamod:DynamicBlow"],"picked":"SKIP","floor":11},{"not_picked":["hexamod:BurningTouch","hexamod:NightmareStrike"],"picked":"hexamod:PhantomCloak","floor":12}],"player_experience":405866,"relics_obtained":[{"floor":7,"key":"Thread and Needle"},{"floor":9,"key":"Toy Ornithopter"}],"event_choices":[],"is_beta":false,"boss_relics":[],"items_purged_floors":[],"is_endless":false,"potions_floor_spawned":[9,12],"killed_by":"3 Sentries","ascension_level":3}}