{"host":"guzbs4v8630hpsy6","time":1611674545,"event":{"mods":["2.2 Compatiblity","AchievementEnabler","BaseMod","Block Reminder","DeckTracker","Highlight Path","Minty Spire (QoL Compilation)","Relic Stats","SuperFastMode"],"gold_per_floor":[113,63,79,95,62,96,96,96,96,121,121,140,140,215,215,320,320,335,335,5,25,35,35,48,48,48,8,18,18,18,33,33,137,137,154,204,223,223,223,255,255,288,288,288,322,322,322,356,356,356,356,356,19,54,54,54],"floor_reached":55,"language":"ENG","playtime":5865,"items_purged":["Strike_B","Defend_B+1"],"score":1215,"play_id":"c3a8700c-b204-47bf-88be-3f0994976794","local_time":"20210126232225","is_ascension_mode":true,"campfire_choices":[{"floor":8.0,"key":"REST"},{"floor":11.0,"key":"REST"},{"data":"Defragment","floor":13.0,"key":"SMITH"},{"data":"Lockon","floor":15.0,"key":"SMITH"},{"data":"Go for the Eyes","floor":23.0,"key":"SMITH"},{"data":"Hologram","floor":25.0,"key":"SMITH"},{"data":"Defragment","floor":29.0,"key":"SMITH"},{"data":"Zap","floor":32.0,"key":"SMITH"},{"floor":47,"key":"DIG"},{"floor":49,"key":"RECALL"},{"floor":52,"key":"DIG"}],"circlet_count":0,"master_deck":["Strike_B+1","Defend_B+1","Defend_B+1","Defend_B+1","Zap+1","Dualcast","Chill+1","Compile Driver","Lockon+1","Hologram+1","Defragment+1","Core Surge","Capacitor+1","Go for the Eyes+1","Undo+1","Defragment+1","Fission+1","Echo Form","Loop+1","Coolheaded+1","Capacitor","Fission+1"],"relics":["Cracked Core","Bird Faced Urn","Ice Cream","Unceasing Top","Coffee Dripper","Toxic Egg 2","Meat on the Bone","Runic Pyramid","Shovel","PreservedInsect","Singing Bowl","Regal Pillow","Bottled Lightning","Ornamental Fan","Omamori","Mummified Hand","Eternal Feather"],"acts_visited":["Exordium","TheCity","TheBeyond","TheEnding"],"potions_floor_usage":[44,48,48],"damage_taken":[{"damage":7.0,"enemies":"Jaw Worm","floor":1.0,"turns":3.0},{"damage":3.0,"enemies":"Small Slimes","floor":3.0,"turns":3.0},{"damage":0.0,"enemies":"2 Louse","floor":4.0,"turns":2.0},{"damage":18.0,"enemies":"Exordium Thugs","floor":5.0,"turns":5.0},{"damage":31.0,"enemies":"Gremlin Nob","floor":6.0,"turns":4.0},{"damage":13.0,"enemies":"Lagavulin","floor":10.0,"turns":7.0},{"damage":4.0,"enemies":"3 Louse","floor":12.0,"turns":3.0},{"damage":0.0,"enemies":"Slime Boss","floor":16.0,"turns":8.0},{"damage":3.0,"enemies":"Chosen","floor":18.0,"turns":5.0},{"damage":12.0,"enemies":"Spheric Guardian","floor":21.0,"turns":4.0},{"damage":30.0,"enemies":"Snake Plant","floor":22.0,"turns":4.0},{"damage":21.0,"enemies":"Sentry and Sphere","floor":24.0,"turns":8.0},{"damage":10.0,"enemies":"Cultist and Chosen","floor":28.0,"turns":5.0},{"damage":4.0,"enemies":"3 Cultists","floor":31.0,"turns":5.0},{"damage":18.0,"enemies":"Automaton","floor":33.0,"turns":8.0},{"damage":12.0,"enemies":"3 Darklings","floor":35.0,"turns":6.0},{"damage":1.0,"enemies":"Mind Bloom Boss Battle","floor":36.0,"turns":7.0},{"damage":3.0,"enemies":"Orb Walker","floor":37.0,"turns":4.0},{"damage":5,"enemies":"Reptomancer","floor":40,"turns":8},{"damage":7,"enemies":"Nemesis","floor":42,"turns":7},{"damage":0,"enemies":"Writhing Mass","floor":44,"turns":1},{"damage":0,"enemies":"Giant Head","floor":45,"turns":7},{"damage":63,"enemies":"Reptomancer","floor":48,"turns":10},{"damage":0,"enemies":"Time Eater","floor":50,"turns":9},{"damage":52,"enemies":"Shield and Spear","floor":54,"turns":6},{"damage":83,"enemies":"The Heart","floor":55,"turns":3}],"seed_played":"-6040709985569159122","potions_obtained":[{"floor":1.0,"key":"SkillPotion"},{"floor":3.0,"key":"SmokeBomb"},{"floor":6.0,"key":"PowerPotion"},{"floor":16.0,"key":"Ancient Potion"},{"floor":22.0,"key":"LiquidMemories"},{"floor":36.0,"key":"SneckoOil"}],"is_trial":false,"path_per_floor":["M","?","M","M","M","E","?","R","T","E","R","M","R","?","R","B",null,"M","?","$","M","M","R","M","R","T","$","M","R","?","M","R","B",null,"M","?","M","?","?","E","?","E","T","M","E","T","R","E","R","B",null,"R","$","E","B"],"character_chosen":"DEFECT","items_purchased":["Toxic Egg 2","Defragment","Capacitor","Fission+1"],"campfire_rested":2,"item_purchase_floors":[20,27,53,53],"current_hp_per_floor":[68,68,65,65,47,16,16,40,40,27,51,47,47,36,36,38,71,70,70,70,60,34,34,17,17,17,17,25,25,25,39,39,41,72,72,77,82,78,78,78,78,73,73,75,82,82,82,43,43,61,78,78,78,56,0,0],"gold":54,"neow_bonus":"TEN_PERCENT_HP_BONUS","is_daily":false,"chose_seed":false,"campfire_upgraded":6,"win_rate":0.0,"timestamp":1611674545,"path_taken":["M","?","M","M","M","E","?","R","T","E","R","M","R","?","R","BOSS","M","?","?","M","?","R","M","R","T","$","M","R","?","M","R","BOSS","M","?","M","?","?","E","?","E","T","M","E","?","R","E","R","BOSS","R","$","E","BOSS"],"items_purchased_type":["Relic","Card","Card","Card"],"build_version":"2020-12-22","purchased_purges":2,"victory":false,"max_hp_per_floor":[82,82,82,82,82,82,82,82,82,82,82,82,82,82,82,82,82,82,82,82,82,82,82,82,82,82,82,82,82,82,82,82,82,82,82,82,82,78,78,78,78,80,80,80,82,82,82,84,84,84,84,84,84,86,86,86],"relic_stats":{"Regal Pillow":0,"Shovel":2,"Singing Bowl":8,"counters":[26,141],"Ornamental Fan":[36],"Mummified Hand":[14],"Bird Faced Urn":[128],"Eternal Feather":0,"PreservedInsect":319,"obtain_stats":[{"Ice Cream":9,"Regal Pillow":45,"Singing Bowl":42,"Eternal Feather":54,"PreservedInsect":40,"Omamori":48,"Shovel":36,"Ornamental Fan":47,"Mummified Hand":52,"Bird Faced Urn":6,"Coffee Dripper":17,"Bottled Lightning":46,"Toxic Egg 2":20,"Cracked Core":0,"Unceasing Top":10,"Meat on the Bone":26,"Runic Pyramid":34},{"Ice Cream":5,"Regal Pillow":22,"Singing Bowl":20,"Eternal Feather":25,"PreservedInsect":19,"Omamori":23,"Shovel":17,"Ornamental Fan":22,"Mummified Hand":24,"Bird Faced Urn":5,"Coffee Dripper":8,"Bottled Lightning":22,"Toxic Egg 2":9,"Cracked Core":0,"Unceasing Top":6,"Meat on the Bone":12,"Runic Pyramid":15},{"Ice Cream":17,"Regal Pillow":113,"Singing Bowl":106,"Eternal Feather":138,"PreservedInsect":99,"Omamori":123,"Shovel":87,"Ornamental Fan":113,"Mummified Hand":132,"Bird Faced Urn":17,"Coffee Dripper":35,"Bottled Lightning":113,"Toxic Egg 2":40,"Cracked Core":0,"Unceasing Top":24,"Meat on the Bone":56,"Runic Pyramid":74}],"Unceasing Top":[8],"Meat on the Bone":60},"card_choices":[{"not_picked":["Hologram","Darkness"],"picked":"Chill","floor":1.0},{"not_picked":["Sweeping Beam","BootSequence"],"picked":"Compile Driver","floor":3.0},{"not_picked":["Go for the Eyes","Gash"],"picked":"Lockon","floor":4.0},{"not_picked":["Force Field","BootSequence"],"picked":"Hologram","floor":5.0},{"not_picked":["Compile Driver","Blizzard","Darkness"],"picked":"SKIP","floor":6.0},{"not_picked":["Beam Cell","Gash","Force Field"],"picked":"SKIP","floor":10.0},{"not_picked":["Beam Cell","Steam Power"],"picked":"Defragment","floor":12.0},{"not_picked":["Meteor Strike","Thunder Strike"],"picked":"Core Surge","floor":16.0},{"not_picked":["Sunder","Gash","Beam Cell+1"],"picked":"SKIP","floor":18.0},{"not_picked":["Lockon+1","Self Repair"],"picked":"Capacitor+1","floor":21.0},{"not_picked":["Rebound","Heatsinks"],"picked":"Go for the Eyes","floor":22.0},{"not_picked":["Hologram+1","Stack+1"],"picked":"Undo+1","floor":24.0},{"not_picked":["Sweeping Beam+1","Redo+1","Turbo+1"],"picked":"SKIP","floor":28.0},{"not_picked":["Steam+1","Blizzard"],"picked":"Fission+1","floor":31.0},{"not_picked":["Hyperbeam","Electrodynamics"],"picked":"Echo Form","floor":33.0},{"not_picked":["Rebound+1","Hologram+1","Skim+1"],"picked":"SKIP","floor":35.0},{"not_picked":["Skim+1","Scrape+1"],"picked":"Loop+1","floor":36.0},{"not_picked":["Heatsinks+1","Steam+1"],"picked":"Coolheaded+1","floor":37.0},{"not_picked":["Self Repair+1","Go for the Eyes+1","Beam Cell+1"],"picked":"SKIP","floor":40},{"not_picked":["Aggregate+1","Darkness+1","Cold Snap"],"picked":"Singing Bowl","floor":42},{"not_picked":["Leap+1","Cold Snap","BootSequence+1"],"picked":"Singing Bowl","floor":45},{"not_picked":["Skim+1","Streamline","Compile Driver"],"picked":"Singing Bowl","floor":48},{"not_picked":["FTL","Rebound+1","Go for the Eyes+1"],"picked":"Singing Bowl","floor":54}],"player_experience":525596,"relics_obtained":[{"floor":6.0,"key":"Bird Faced Urn"},{"floor":9.0,"key":"Ice Cream"},{"floor":10.0,"key":"Unceasing Top"},{"floor":26.0,"key":"Meat on the Bone"},{"floor":36.0,"key":"Shovel"},{"floor":40,"key":"PreservedInsect"},{"floor":42,"key":"Singing Bowl"},{"floor":45,"key":"Regal Pillow"},{"floor":46,"key":"Bottled Lightning"},{"floor":47,"key":"Ornamental Fan"},{"floor":48,"key":"Omamori"},{"floor":52,"key":"Mummified Hand"},{"floor":54,"key":"Eternal Feather"}],"event_choices":[{"cards_removed":["Strike_B"],"damage_healed":0.0,"max_hp_gain":0.0,"max_hp_loss":0.0,"gold_gain":0.0,"event_name":"The Cleric","player_choice":"Card Removal","floor":2.0,"gold_loss":50.0,"damage_taken":0.0},{"damage_healed":0.0,"max_hp_gain":0.0,"max_hp_loss":0.0,"gold_gain":0.0,"event_name":"Shining Light","player_choice":"Ignored","floor":7.0,"gold_loss":0.0,"damage_taken":0.0},{"damage_healed":0.0,"max_hp_gain":0.0,"max_hp_loss":0.0,"gold_gain":75.0,"event_name":"World of Goop","player_choice":"Gather Gold","floor":14.0,"gold_loss":0.0,"damage_taken":11.0},{"damage_healed":0.0,"max_hp_gain":0.0,"max_hp_loss":0.0,"gold_gain":0.0,"event_name":"Upgrade Shrine","player_choice":"Upgraded","floor":19.0,"gold_loss":0.0,"damage_taken":0.0,"cards_upgraded":["Chill"]},{"damage_healed":0.0,"max_hp_gain":0.0,"max_hp_loss":0.0,"gold_gain":0.0,"event_name":"Back to Basics","player_choice":"Simplicity","floor":30.0,"gold_loss":0.0,"damage_taken":0.0,"cards_upgraded":["Strike_B","Strike_B","Defend_B","Defend_B","Defend_B","Defend_B"]},{"damage_healed":0.0,"max_hp_gain":0.0,"max_hp_loss":0.0,"gold_gain":0.0,"event_name":"MindBloom","player_choice":"Fight","floor":36.0,"gold_loss":0.0,"damage_taken":0.0},{"damage_healed":0.0,"max_hp_gain":0.0,"max_hp_loss":4.0,"gold_gain":0.0,"event_name":"Winding Halls","player_choice":"Max HP","floor":38.0,"gold_loss":0.0,"damage_taken":0.0},{"damage_healed":0.0,"max_hp_gain":0.0,"max_hp_loss":0.0,"gold_gain":0.0,"event_name":"Tomb of Lord Red Mask","player_choice":"Ignored","floor":39.0,"gold_loss":0.0,"damage_taken":0.0},{"cards_removed":["Strike_B"],"damage_healed":0,"gold_gain":0,"player_choice":"Removed Attack","damage_taken":0,"max_hp_gain":0,"max_hp_loss":0,"event_name":"Falling","floor":41,"gold_loss":0}],"is_beta":false,"boss_relics":[{"not_picked":["Black Star","Empty Cage"],"picked":"Coffee Dripper"},{"not_picked":["SlaversCollar","Sozu"],"picked":"Runic Pyramid"}],"items_purged_floors":[20,53],"is_endless":false,"potions_floor_spawned":[1,3,6,16,21,22,24,28,36,40,44],"killed_by":"The Heart","ascension_level":8}}