{"host":"gzsdmyo07u314vug","time":1611704663,"event":{"mods":["2.2 Compatiblity","Astrologer","BaseMod","Colored Powertips","GifTheSpireLib","Gremlin Mod","Hermit","Jorbs\u0027s Wanderer Trilogy","Minty Spire (QoL Compilation)","Quick Restart","Rare Cards Sparkle","Relic Stats","Replay The Spire","Robot Space Explorer","Shop Mod","StSLib","The Bug Knight","The Construct","The Cursed","The Elementalist","The Hierophant","The IronCluck","The Marked","The Necromancer","The Runesmith","The Servant 0.9.4","Unceasing Turn Reminder","everything is the same but u backflip on backflip","slay the spire mod where everything is the same but ironclad has a cowboy hat"],"gold_per_floor":[361,161,181,191,202,202,102,134,212,212,212,212,224,238,238,334,334,348,348,348,273,148,148,148,148,173,173,219,238,238,153,172,17,17,118,118,133,151,114,114,216,216,233,233,286,286,286],"floor_reached":46,"language":"ENG","playtime":2630,"items_purged":["stsjorbsmod:Amnesia","theMarked:Strike","Clumsy"],"score":633,"play_id":"3be736dd-fcf2-44ac-87bf-7a5886f5f7b9","local_time":"20210126204423","is_ascension_mode":true,"campfire_choices":[{"data":"theMarked:Seal","floor":6.0,"key":"SMITH"},{"data":"1","floor":10.0,"key":"LIFT"},{"data":"2","floor":12.0,"key":"LIFT"},{"data":"theMarked:WardOff","floor":15.0,"key":"SMITH"},{"data":"theMarked:Levitate","floor":23.0,"key":"SMITH"},{"data":"theMarked:Heritage","floor":27.0,"key":"SMITH"},{"data":"theMarked:Determination","floor":34.0,"key":"SMITH"},{"data":"3","floor":42.0,"key":"LIFT"},{"data":"theMarked:Maelstrom","floor":44.0,"key":"SMITH"}],"circlet_count":0,"master_deck":["theMarked:Defend","theMarked:Defend","theMarked:SoldierOfQuellstein","theMarked:Aftermath","theMarked:BanishingStrike","theMarked:Seal+1","theMarked:RepellingDischarge","theMarked:Heritage+1","theMarked:Determination+1","theMarked:WardOff+1","theMarked:Levitate+1","theMarked:Memento","theMarked:Pokerface","theMarked:WardOff+1","theMarked:Vacuum","theMarked:Maelstrom+1","theMarked:Memento"],"relics":["theMarked:ArtifactOfAir","Girya","StrikeDummy","Kintsugi","Dream Catcher","Replay:Baseball","Pantograph","DollysMirror","construct:WeddingRing","MealTicket"],"acts_visited":["Exordium","TheCity","TheBeyond"],"potions_floor_usage":[],"damage_taken":[{"damage":5.0,"enemies":"Cultist","floor":1.0,"turns":4.0},{"damage":11.0,"enemies":"Small Slimes","floor":3.0,"turns":3.0},{"damage":7.0,"enemies":"Jaw Worm","floor":4.0,"turns":2.0},{"damage":1.0,"enemies":"Blue Slaver","floor":5.0,"turns":4.0},{"damage":0.0,"enemies":"Gremlin Nob","floor":8.0,"turns":3.0},{"damage":0.0,"enemies":"3 Louse","floor":13.0,"turns":4.0},{"damage":10.0,"enemies":"Large Slime","floor":14.0,"turns":6.0},{"damage":15.0,"enemies":"Hexaghost","floor":16.0,"turns":10.0},{"damage":1.0,"enemies":"Spheric Guardian","floor":18.0,"turns":6.0},{"damage":3.0,"enemies":"Book of Stabbing","floor":26.0,"turns":6.0},{"damage":10.0,"enemies":"2 Thieves","floor":29.0,"turns":4.0},{"damage":0.0,"enemies":"Slavers","floor":30.0,"turns":1.0},{"damage":11.0,"enemies":"Centurion and Healer","floor":32.0,"turns":3.0},{"damage":0.0,"enemies":"Collector","floor":35.0,"turns":5.0},{"damage":0.0,"enemies":"3 Darklings","floor":37.0,"turns":5.0},{"damage":4.0,"enemies":"Orb Walker","floor":38.0,"turns":3.0},{"damage":4.0,"enemies":"Jaw Worm Horde","floor":43.0,"turns":3.0},{"damage":51,"enemies":"Reptomancer","floor":46,"turns":3}],"seed_played":"-8295987810245618682","potions_obtained":[{"floor":3.0,"key":"FearPotion"},{"floor":4.0,"key":"DuplicationPotion"},{"floor":14.0,"key":"ColorlessPotion"},{"floor":16.0,"key":"CultistPotion"},{"floor":29.0,"key":"SmokeBomb"},{"floor":32.0,"key":"DuplicationPotion"},{"floor":43.0,"key":"Elixir"}],"is_trial":false,"path_per_floor":["M","$","M","M","M","R","$","E","T","R","?","R","M","M","R","B",null,"M","?","?","?","$","R","PTL","PTL","E","R","T","M","E","?","M","$","R","B",null,"M","M","$","?","?","R","M","R","T","E"],"character_chosen":"THE_DEFAULT","items_purchased":["theMarked:BanishingStrike","theMarked:Seal","DollysMirror","theMarked:Maelstrom"],"campfire_rested":0,"item_purchase_floors":[2,2,33,39],"current_hp_per_floor":[65,65,54,47,46,46,46,46,46,46,46,46,46,36,36,21,70,69,69,56,56,56,56,56,56,53,53,53,43,43,43,32,32,32,57,75,75,71,71,71,53,53,49,49,49,0,0],"gold":286,"neow_bonus":"TWO_FIFTY_GOLD","is_daily":false,"chose_seed":false,"campfire_upgraded":6,"win_rate":0.0,"timestamp":1611704663,"path_taken":["M","$","?","M","M","R","$","E","T","R","?","R","?","M","R","BOSS","M","?","?","?","$","R","PTL","PTL","E","R","T","M","E","?","M","$","R","BOSS","M","M","$","?","?","R","M","R","T","E"],"items_purchased_type":["Card","Card","Relic","Card"],"build_version":"2020-12-22","purchased_purges":3,"victory":false,"max_hp_per_floor":[70,70,70,70,70,70,70,70,70,70,70,70,70,70,70,70,70,70,70,75,75,75,75,75,75,75,75,75,75,75,75,75,75,75,75,75,75,75,75,75,75,75,75,75,75,75,75],"relic_stats":{"Dream Catcher":0,"counters":[18,75],"Pantograph":25,"MealTicket":0,"obtain_stats":[{"theMarked:ArtifactOfAir":0,"Girya":8,"Dream Catcher":26,"Replay:Baseball":28,"construct:WeddingRing":36,"DollysMirror":33,"Pantograph":31,"MealTicket":45,"Kintsugi":17,"StrikeDummy":9},{"theMarked:ArtifactOfAir":0,"Girya":5,"Dream Catcher":10,"Replay:Baseball":10,"construct:WeddingRing":14,"DollysMirror":13,"Pantograph":12,"MealTicket":17,"Kintsugi":8,"StrikeDummy":5},{"theMarked:ArtifactOfAir":0,"Girya":16,"Dream Catcher":48,"Replay:Baseball":48,"construct:WeddingRing":61,"DollysMirror":56,"Pantograph":53,"MealTicket":72,"Kintsugi":36,"StrikeDummy":16}]},"card_choices":[{"not_picked":["theMarked:Overcharge","theMarked:ResourceFulStrike"],"picked":"theMarked:Aftermath","floor":1.0},{"not_picked":["theMarked:Reabsorb","theMarked:Electrify"],"picked":"theMarked:RepellingDischarge","floor":3.0},{"not_picked":["theMarked:ShockingTouch","theMarked:Opportunist","theMarked:ElectricStrings"],"picked":"SKIP","floor":4.0},{"not_picked":["theMarked:ChainLightning","theMarked:HeightenedSenses","theMarked:SwordAndMagic"],"picked":"SKIP","floor":5.0},{"not_picked":["theMarked:Frustration","theMarked:WastefulAttack"],"picked":"theMarked:Heritage","floor":8.0},{"not_picked":["theMarked:WastefulAttack","theMarked:Parkour"],"picked":"theMarked:Determination","floor":13.0},{"not_picked":["theMarked:AttractMetal","theMarked:Panic"],"picked":"theMarked:WardOff","floor":14.0},{"not_picked":["theMarked:EternalStudent","theMarked:ThrowWeapon"],"picked":"theMarked:Levitate","floor":16.0},{"not_picked":["theMarked:ResourceFulStrike","theMarked:Convert+1","theMarked:ChainLightning"],"picked":"SKIP","floor":18.0},{"not_picked":["theMarked:Friction","theMarked:Generate","theMarked:KeepCalmAndFight"],"picked":"SKIP","floor":26.0},{"not_picked":["theMarked:ResourceFulStrike","theMarked:Parkour","theMarked:SelfDefenseTraining"],"picked":"SKIP","floor":29.0},{"not_picked":["theMarked:TunnelVision","theMarked:ResourceFulStrike"],"picked":"theMarked:Pokerface","floor":32.0},{"not_picked":["theMarked:Abjuration","theMarked:FavorableWinds"],"picked":"theMarked:Vacuum","floor":35.0},{"not_picked":["theMarked:Opportunist","theMarked:TakeCover+1","theMarked:EmpowerWeapon"],"picked":"SKIP","floor":37.0},{"not_picked":["theMarked:ContemptForTheProud","theMarked:SwordAndMagic+1","theMarked:ElectricStrings"],"picked":"SKIP","floor":38.0},{"not_picked":["theMarked:Electrify+1","theMarked:ParalyzingBlade+1"],"picked":"theMarked:Memento","floor":41.0},{"not_picked":["theMarked:HeightenedSenses","theMarked:Challenge","theMarked:LightningStrikesTwice+1"],"picked":"SKIP","floor":43.0}],"player_experience":796090,"relics_obtained":[{"floor":8.0,"key":"Girya"},{"floor":9.0,"key":"StrikeDummy"},{"floor":26.0,"key":"Dream Catcher"},{"floor":28.0,"key":"Replay:Baseball"},{"floor":45.0,"key":"MealTicket"}],"event_choices":[{"cards_removed":["theMarked:Strike"],"damage_healed":0.0,"max_hp_gain":0.0,"max_hp_loss":0.0,"gold_gain":0.0,"event_name":"Purifier","player_choice":"Purged","floor":11.0,"gold_loss":0.0,"damage_taken":0.0},{"damage_healed":0.0,"max_hp_gain":0.0,"max_hp_loss":0.0,"gold_gain":0.0,"event_name":"The Library","player_choice":"Read","floor":19.0,"gold_loss":0.0,"damage_taken":0.0,"cards_obtained":["theMarked:Memento"]},{"damage_healed":0.0,"max_hp_gain":5.0,"max_hp_loss":0.0,"gold_gain":0.0,"event_name":"Forgotten Altar","player_choice":"Shed Blood","floor":20.0,"gold_loss":0.0,"damage_taken":18.0},{"cards_removed":["TheCursedMod:Dregs"],"damage_healed":0.0,"max_hp_gain":0.0,"max_hp_loss":0.0,"gold_gain":0.0,"event_name":"Beggar","player_choice":"Gave Gold","floor":21.0,"gold_loss":75.0,"damage_taken":0.0},{"damage_healed":0.0,"max_hp_gain":0.0,"max_hp_loss":0.0,"gold_gain":0.0,"event_name":"Addict","player_choice":"Obtained Relic","floor":31.0,"gold_loss":85.0,"damage_taken":0.0,"relics_obtained":["Pantograph"]}],"is_beta":false,"boss_relics":[{"not_picked":["SacredBark","Replay:Wanted Poster"],"picked":"Kintsugi"},{"not_picked":["Pandora\u0027s Box","theMarked:Eyepatch"],"picked":"construct:WeddingRing"}],"items_purged_floors":[2,7,22],"is_endless":false,"potions_floor_spawned":[3,4,14,16,29,32,43],"killed_by":"Reptomancer","ascension_level":3}}