{"host":"3jpwrwmmgyabjceh","time":1611657026,"event":{"mods":["AchievementEnabler","BaseMod","Colored Map","Colored Powertips","Highlight Path","Minty Spire (QoL Compilation)","Quick Restart","Relic Stats","StSLib","SuperFastMode"],"gold_per_floor":[109,122,140,140,140,167,167,197,197,197,207,227,227,241,241,344,344,360,372,382,401,421,421,421,421,421],"floor_reached":25,"language":"ENG","playtime":1029,"items_purged":[],"score":360,"play_id":"e5e4f3ec-04e1-49bc-8744-008f359b5e2b","local_time":"20210126133026","is_ascension_mode":true,"campfire_choices":[{"floor":7.0,"key":"REST"},{"floor":13,"key":"REST"},{"data":"Defragment","floor":15,"key":"SMITH"},{"floor":23,"key":"REST"}],"circlet_count":0,"master_deck":["Strike_B","Strike_B","Defend_B","Defend_B","Defend_B","Defend_B","Zap+1","Dualcast","Hologram","White Noise","Reinforced Body","Coolheaded","Barrage","Defragment+1","Core Surge","Skim","Loop","Compile Driver","Rainbow","Force Field","Doom and Gloom","Barrage+1","Loop","BootSequence"],"relics":["Cracked Core","Mummified Hand","Smiling Mask","White Beast Statue","Sozu","Akabeko"],"acts_visited":["Exordium","TheCity"],"potions_floor_usage":[8,12,16,20],"damage_taken":[{"damage":11.0,"enemies":"Jaw Worm","floor":1.0,"turns":6.0},{"damage":0.0,"enemies":"2 Louse","floor":2.0,"turns":5.0},{"damage":6.0,"enemies":"Cultist","floor":3.0,"turns":3.0},{"damage":15.0,"enemies":"Lagavulin","floor":6.0,"turns":5.0},{"damage":29,"enemies":"Gremlin Nob","floor":8,"turns":4},{"damage":3,"enemies":"Looter","floor":11,"turns":3},{"damage":0,"enemies":"Lots of Slimes","floor":12,"turns":1},{"damage":8,"enemies":"Exordium Wildlife","floor":14,"turns":5},{"damage":0,"enemies":"Hexaghost","floor":16,"turns":11},{"damage":21,"enemies":"Shell Parasite","floor":18,"turns":5},{"damage":4,"enemies":"Spheric Guardian","floor":19,"turns":4},{"damage":5,"enemies":"Centurion and Healer","floor":20,"turns":6},{"damage":0,"enemies":"Cultist and Chosen","floor":21,"turns":5},{"damage":20,"enemies":"Sentry and Sphere","floor":22,"turns":4},{"damage":36,"enemies":"Gremlin Leader","floor":25,"turns":4}],"seed_played":"3451539909582962344","potions_obtained":[{"floor":1.0,"key":"Strength Potion"},{"floor":3.0,"key":"Ancient Potion"},{"floor":8,"key":"Fire Potion"},{"floor":11,"key":"SneckoOil"},{"floor":12,"key":"GamblersBrew"},{"floor":14,"key":"Energy Potion"},{"floor":16,"key":"SpeedPotion"}],"is_trial":false,"path_per_floor":["M","M","M","?","?","E","R","E","T","?","M","M","R","M","R","B",null,"M","M","M","M","M","R","?","E"],"character_chosen":"DEFECT","items_purchased":[],"campfire_rested":3,"item_purchase_floors":[],"current_hp_per_floor":[39,39,33,33,33,18,40,11,11,11,8,8,30,22,22,22,62,41,37,32,32,12,34,34,0,0],"gold":421,"neow_bonus":"TRANSFORM_TWO_CARDS","is_daily":false,"chose_seed":false,"campfire_upgraded":1,"win_rate":0.0,"timestamp":1611657026,"path_taken":["M","M","M","?","?","E","R","E","T","?","?","M","R","M","R","BOSS","M","M","M","M","M","R","?","E"],"items_purchased_type":[],"build_version":"2020-12-22","purchased_purges":0,"victory":false,"max_hp_per_floor":[75,75,75,75,75,75,75,75,75,75,75,75,75,75,75,75,75,75,75,75,75,75,75,75,75,75],"relic_stats":{"Sozu":5,"counters":[15,70],"Mummified Hand":[40],"Smiling Mask":0,"obtain_stats":[{"Sozu":17,"Mummified Hand":6,"Cracked Core":0,"Smiling Mask":8,"White Beast Statue":9,"Akabeko":24},{"Sozu":9,"Mummified Hand":4,"Cracked Core":0,"Smiling Mask":5,"White Beast Statue":5,"Akabeko":14},{"Sozu":43,"Mummified Hand":19,"Cracked Core":0,"Smiling Mask":23,"White Beast Statue":23,"Akabeko":66}]},"card_choices":[{"not_picked":["Barrage","Skim"],"picked":"Reinforced Body","floor":1.0},{"not_picked":["Gash","Tempest"],"picked":"Streamline","floor":2.0},{"not_picked":["Beam Cell","Consume"],"picked":"Coolheaded","floor":3.0},{"not_picked":["Go for the Eyes","Turbo"],"picked":"Barrage","floor":6.0},{"not_picked":["Gash","Fusion"],"picked":"Defragment","floor":8},{"not_picked":["Stack","Melter"],"picked":"Skim","floor":11},{"not_picked":["Tempest","Conserve Battery"],"picked":"Loop","floor":12},{"not_picked":["Steam Power","BootSequence"],"picked":"Compile Driver","floor":14},{"not_picked":["Meteor Strike","Core Surge"],"picked":"Rainbow","floor":16},{"not_picked":["Beam Cell","Gash"],"picked":"Force Field","floor":18},{"not_picked":["Undo","Rebound"],"picked":"Doom and Gloom","floor":19},{"not_picked":["Beam Cell","FTL"],"picked":"Barrage+1","floor":20},{"not_picked":["Hologram","Chaos+1"],"picked":"Loop","floor":21},{"not_picked":["Sunder","Leap"],"picked":"BootSequence","floor":22}],"player_experience":282818,"relics_obtained":[{"floor":6.0,"key":"Mummified Hand"},{"floor":8,"key":"Smiling Mask"},{"floor":9,"key":"White Beast Statue"}],"event_choices":[{"damage_healed":0.0,"max_hp_gain":0.0,"max_hp_loss":0.0,"gold_gain":0.0,"event_name":"Liars Game","player_choice":"Ignored","floor":4.0,"gold_loss":0.0,"damage_taken":0.0},{"damage_healed":0.0,"max_hp_gain":0.0,"max_hp_loss":0.0,"gold_gain":0.0,"event_name":"Living Wall","player_choice":"Grow","floor":5.0,"gold_loss":0.0,"damage_taken":0.0,"cards_upgraded":["Zap"]},{"damage_healed":0,"gold_gain":0,"player_choice":"1 cards matched","damage_taken":0,"max_hp_gain":0,"max_hp_loss":0,"event_name":"Match and Keep!","floor":10,"gold_loss":0,"cards_obtained":["Core Surge"]},{"cards_removed":["Streamline"],"damage_healed":0,"gold_gain":0,"player_choice":"Gave Card","damage_taken":0,"relics_obtained":["Akabeko"],"max_hp_gain":0,"max_hp_loss":0,"event_name":"WeMeetAgain","floor":24,"gold_loss":0}],"is_beta":false,"boss_relics":[{"not_picked":["Cursed Key","Philosopher\u0027s Stone"],"picked":"Sozu"}],"items_purged_floors":[],"is_endless":false,"potions_floor_spawned":[1,3,8,11,12,14,16,18,19,20,21,22],"killed_by":"Gremlin Leader","ascension_level":7}}