{"host":"3ghcx3e93lhog3cp","time":1611638283,"event":{"mods":["AchievementEnabler","BaseMod","Downfall","Minty Spire (QoL Compilation)","Replay The Spire","StSLib"],"gold_per_floor":[111,125,137,156,30,64,64,82,133,133,150,163,179,193,193,293,293,304,291,167,371,371,371,371,371],"floor_reached":24,"language":"ENG","playtime":1264,"items_purged":["Strike_B","Defend_B"],"score":222,"play_id":"e0162b88-6845-4fb9-99a7-a365067f82ea","local_time":"20210125211803","is_ascension_mode":true,"campfire_choices":[{"data":"Electrodynamics","floor":10.0,"key":"SMITH"},{"floor":15.0,"key":"REST"},{"data":"FIFO Queue","floor":23,"key":"SMITH"}],"circlet_count":0,"master_deck":["Strike_B","Strike_B","Strike_B","Defend_B","Defend_B","Defend_B","Zap","Dualcast","Panic Button","Hologram","Self Repair","Sweeping Beam","Sweeping Beam","Electrodynamics+1","Rebound","Coolheaded","Redo","Leap","Conserve Battery","FIFO Queue+1","Thunder Strike","Compile Driver","Lockon","Ball Lightning","Capacitor","Decay"],"relics":["Cracked Core","Art of War","Dream Catcher","Sozu"],"acts_visited":["Exordium","TheCity"],"potions_floor_usage":[],"damage_taken":[{"damage":1.0,"enemies":"Cultist","floor":1.0,"turns":3.0},{"damage":8.0,"enemies":"2 Louse","floor":2.0,"turns":2.0},{"damage":7.0,"enemies":"Jaw Worm","floor":3.0,"turns":2.0},{"damage":16.0,"enemies":"Looter","floor":4.0,"turns":4.0},{"damage":30.0,"enemies":"Gremlin Nob","floor":6.0,"turns":4.0},{"damage":6.0,"enemies":"Blue Slaver","floor":8.0,"turns":3.0},{"damage":9.0,"enemies":"Red Slaver","floor":11.0,"turns":2.0},{"damage":9.0,"enemies":"Exordium Wildlife","floor":12.0,"turns":3.0},{"damage":6.0,"enemies":"Looter","floor":13.0,"turns":2.0},{"damage":9.0,"enemies":"2 Fungi Beasts","floor":14.0,"turns":2.0},{"damage":26.0,"enemies":"Hexaghost","floor":16.0,"turns":10.0},{"damage":12,"enemies":"3 Byrds","floor":18,"turns":3},{"damage":22,"enemies":"2 Thieves","floor":19,"turns":4},{"damage":37,"enemies":"Snake Plant","floor":24,"turns":3}],"seed_played":"-4197574969778945038","potions_obtained":[{"floor":1.0,"key":"Ancient Potion"},{"floor":3.0,"key":"Explosive Potion"},{"floor":4.0,"key":"Elixir"},{"floor":13.0,"key":"Toxic Potion"},{"floor":14.0,"key":"Energy Potion"}],"is_trial":false,"path_per_floor":["M","M","M","M","$","E","$","M","T","R","M","M","M","M","R","B",null,"M","M","$","?","?","R","M"],"character_chosen":"DEFECT","items_purchased":["Sweeping Beam","Ball Lightning"],"campfire_rested":1,"item_purchase_floors":[5,20],"current_hp_per_floor":[81,73,66,57,57,34,34,35,35,35,26,24,25,23,47,28,82,77,62,62,30,30,30,0,0],"gold":371,"neow_bonus":"TEN_PERCENT_HP_BONUS","is_daily":false,"chose_seed":false,"campfire_upgraded":2,"win_rate":0.0,"timestamp":1611638283,"path_taken":["M","M","M","M","$","E","$","?","T","R","M","M","M","M","R","BOSS","M","M","$","?","?","R","M"],"items_purchased_type":["Card","Card"],"build_version":"2020-12-22","purchased_purges":2,"victory":false,"max_hp_per_floor":[82,82,82,82,82,82,82,82,82,82,82,82,82,82,82,82,82,82,82,82,82,82,82,82,82],"card_choices":[{"not_picked":["Rip and Tear","ReplayTheSpireMod:Reroute Power"],"picked":"Panic Button","floor":1.0},{"not_picked":["Steam Power","Steam"],"picked":"Hologram","floor":2.0},{"not_picked":["Stack","Hello World"],"picked":"Self Repair","floor":3.0},{"not_picked":["ReplayTheSpireMod:System Scan","Panic Button"],"picked":"Sweeping Beam","floor":4.0},{"not_picked":["Hologram","Redo"],"picked":"Electrodynamics","floor":6.0},{"not_picked":["Stack","Beam Cell"],"picked":"Rebound","floor":8.0},{"not_picked":["Aggregate","Go for the Eyes"],"picked":"Coolheaded","floor":11.0},{"not_picked":["Rebound","Barrage"],"picked":"Redo","floor":12.0},{"not_picked":["Steam","Streamline"],"picked":"Leap","floor":13.0},{"not_picked":["Panic Button","Gash"],"picked":"Conserve Battery","floor":14.0},{"not_picked":["Mirror Shield","BasicCrystalCard"],"picked":"FIFO Queue","floor":15.0},{"not_picked":["Machine Learning","ReplayTheSpireMod:Omega Cannon"],"picked":"Thunder Strike","floor":16.0},{"not_picked":["Beam Cell+1","Go for the Eyes"],"picked":"Compile Driver","floor":18},{"not_picked":["ReplayGash","Steam"],"picked":"Lockon","floor":19},{"not_picked":["Streamline","Auto Shields+1"],"picked":"Capacitor","floor":21}],"player_experience":191530,"relics_obtained":[{"floor":6.0,"key":"Art of War"},{"floor":9.0,"key":"Dream Catcher"}],"event_choices":[{"damage_healed":0,"gold_gain":0,"player_choice":"Smashed Altar","damage_taken":0,"max_hp_gain":0,"max_hp_loss":0,"event_name":"Forgotten Altar","floor":22,"gold_loss":0,"cards_obtained":["Decay"]}],"is_beta":false,"boss_relics":[{"not_picked":["Busted Crown","Replay:Wanted Poster"],"picked":"Sozu"}],"items_purged_floors":[5,20],"is_endless":false,"potions_floor_spawned":[1,3,4,13,14,19],"killed_by":"Snake Plant","ascension_level":2}}