{"host":"lktusdb9orijgc6z","time":1611692211,"event":{"mods":["BaseMod","Bestiary","Colored Map","Colored Powertips","Filter the Spire","Minty Spire (QoL Compilation)","Permanent Neow","Quick Restart","Relic Stats","StSLib","everything is the same but u backflip on backflip","slay the spire mod where everything is the same but ironclad has a cowboy hat"],"gold_per_floor":[17,30,30,43,43,43,70,70,70,83,83,103,121,147,147,221,221,236,248,248,248,248,282,282,312,312,331,431,431,451,46,46,123,123,137,137,137,152,152,152,152,152,152,178,197,226,52,72,72,72],"floor_reached":51,"language":"ENG","playtime":2433,"items_purged":["Setup","Apotheosis+1"],"score":1518,"play_id":"88672ac7-e056-4970-aadc-0c0009f2a629","local_time":"20210126211651","is_ascension_mode":true,"campfire_choices":[{"data":"Apotheosis","floor":6,"key":"SMITH"},{"data":"Neutralize","floor":8,"key":"SMITH"},{"data":"Crippling Poison","floor":11,"key":"SMITH"},{"data":"Leg Sweep","floor":15,"key":"SMITH"},{"data":"Backstab","floor":24,"key":"SMITH"},{"data":"A Thousand Cuts","floor":29,"key":"SMITH"},{"data":"Malaise","floor":32,"key":"SMITH"},{"data":"Accuracy","floor":40,"key":"SMITH"},{"floor":42,"key":"RECALL"},{"data":"Wraith Form v2","floor":49,"key":"SMITH"}],"circlet_count":0,"master_deck":["AscendersBane","Survivor+1","Neutralize+1","Deadly Poison+1","Leg Sweep+1","Tools of the Trade+1","Crippling Poison+1","Eviscerate+1","Acrobatics+1","Adrenaline+1","Backstab+1","Bane+1","Adrenaline+1","Accuracy+1","Malaise+1","Phantasmal Killer+1","Unload+1","Dash+1","Cloak And Dagger+1","Cloak And Dagger+1","Ghostly+1","Ghostly+1","Ghostly+1","A Thousand Cuts+1","Escape Plan+1","Dagger Spray+1","Adrenaline+1","Cloak And Dagger+1","Envenom+1","Blade Dance+1","Terror+1","PiercingWail+1","Wraith Form v2+1","Accuracy"],"relics":["Ring of the Snake","StrikeDummy","Matryoshka","Thread and Needle","Pandora\u0027s Box","MutagenicStrength","Pen Nib","Calipers","Vajra","Kunai","WingedGreaves","Ornamental Fan","Torii","Coffee Dripper","Mark of the Bloom","Oddly Smooth Stone","Bottled Lightning","Prayer Wheel","Strawberry"],"acts_visited":["Exordium","TheCity","TheBeyond"],"potions_floor_usage":[14,25,28,33,50,50],"damage_taken":[{"damage":0,"enemies":"Cultist","floor":1,"turns":4},{"damage":3,"enemies":"Jaw Worm","floor":2,"turns":3},{"damage":0,"enemies":"2 Louse","floor":4,"turns":3},{"damage":7,"enemies":"Lagavulin","floor":7,"turns":5},{"damage":3,"enemies":"Looter","floor":10,"turns":3},{"damage":1,"enemies":"Large Slime","floor":12,"turns":5},{"damage":8,"enemies":"Exordium Wildlife","floor":13,"turns":3},{"damage":2,"enemies":"3 Sentries","floor":14,"turns":7},{"damage":18,"enemies":"The Guardian","floor":16,"turns":11},{"damage":0,"enemies":"3 Byrds","floor":18,"turns":2},{"damage":0,"enemies":"Spheric Guardian","floor":19,"turns":3},{"damage":1,"enemies":"Book of Stabbing","floor":23,"turns":6},{"damage":11,"enemies":"Slavers","floor":25,"turns":5},{"damage":0,"enemies":"Snecko","floor":27,"turns":3},{"damage":0,"enemies":"Colosseum Slavers","floor":28,"turns":3},{"damage":4,"enemies":"Colosseum Nobs","floor":28,"turns":3},{"damage":0,"enemies":"Chosen and Byrds","floor":30,"turns":4},{"damage":1,"enemies":"Champ","floor":33,"turns":9},{"damage":0,"enemies":"3 Shapes","floor":35,"turns":2},{"damage":0,"enemies":"3 Darklings","floor":38,"turns":1},{"damage":0,"enemies":"Nemesis","floor":44,"turns":5},{"damage":0,"enemies":"Spire Growth","floor":45,"turns":3},{"damage":0,"enemies":"Giant Head","floor":46,"turns":5},{"damage":0,"enemies":"Sphere and 2 Shapes","floor":48,"turns":4},{"damage":10,"enemies":"Awakened One","floor":50,"turns":10}],"seed_played":"7401829910544139746","potions_obtained":[{"floor":2,"key":"Energy Potion"},{"floor":5,"key":"Regen Potion"},{"floor":5,"key":"LiquidBronze"},{"floor":7,"key":"CunningPotion"},{"floor":10,"key":"Dexterity Potion"},{"floor":14,"key":"SpeedPotion"},{"floor":18,"key":"CunningPotion"},{"floor":25,"key":"Weak Potion"},{"floor":27,"key":"Swift Potion"},{"floor":30,"key":"Weak Potion"},{"floor":38,"key":"ColorlessPotion"},{"floor":48,"key":"AttackPotion"}],"is_trial":false,"path_per_floor":["M","M","?","M","?","R","E","R","T","M","R","M","M","E","R","B",null,"M","M","?","?","?","E","R","E","T","M","?","R","M","$","R","B",null,"M","?","?","M","?","R","?","R","T","E","M","E","$","M","R","B",null],"character_chosen":"THE_SILENT","items_purchased":["Torii","Accuracy"],"campfire_rested":0,"item_purchase_floors":[31,47],"current_hp_per_floor":[59,56,56,56,56,56,49,49,49,46,46,45,37,35,35,17,54,54,54,33,33,33,32,32,21,21,21,17,17,17,17,17,16,29,29,29,29,29,29,29,29,29,29,29,29,29,29,29,29,19],"gold":72,"neow_bonus":"RANDOM_COLORLESS_2","is_daily":false,"chose_seed":false,"campfire_upgraded":9,"win_rate":0.0,"timestamp":1611692211,"path_taken":["M","M","?","?","?","R","E","R","T","M","R","?","M","E","R","BOSS","M","M","?","?","?","E","R","E","T","M","?","R","M","$","R","BOSS","M","?","?","M","?","R","?","R","T","E","M","E","$","?","R","BOSS"],"items_purchased_type":["Relic","Card"],"build_version":"2020-12-22","purchased_purges":2,"victory":true,"max_hp_per_floor":[66,66,66,66,66,66,66,66,66,66,66,66,66,66,66,66,66,66,66,33,33,33,33,33,33,33,33,33,33,33,33,33,33,33,33,31,31,31,31,31,31,31,31,31,31,38,38,38,38,38],"relic_stats":{"Mark of the Bloom":7,"Torii":6,"counters":[25,112],"Ornamental Fan":[108],"Pandora\u0027s Box":["Backstab","Setup","Bane","Adrenaline","Accuracy","Malaise","Phantasmal Killer","Unload","Dash"],"Prayer Wheel":2,"Pen Nib":[15],"Kunai":[28],"obtain_stats":[{"Mark of the Bloom":41,"Calipers":25,"Torii":31,"Vajra":26,"Oddly Smooth Stone":43,"Thread and Needle":14,"Pen Nib":23,"Matryoshka":9,"Ornamental Fan":28,"MutagenicStrength":22,"Strawberry":46,"Pandora\u0027s Box":17,"Prayer Wheel":44,"WingedGreaves":28,"Coffee Dripper":34,"Kunai":26,"Bottled Lightning":43,"StrikeDummy":7,"Ring of the Snake":0},{"Mark of the Bloom":20,"Calipers":13,"Torii":17,"Vajra":13,"Oddly Smooth Stone":20,"Thread and Needle":8,"Pen Nib":12,"Matryoshka":4,"Ornamental Fan":16,"MutagenicStrength":11,"Strawberry":23,"Pandora\u0027s Box":9,"Prayer Wheel":21,"WingedGreaves":16,"Coffee Dripper":18,"Kunai":13,"Bottled Lightning":20,"StrikeDummy":4,"Ring of the Snake":0},{"Mark of the Bloom":85,"Calipers":60,"Torii":73,"Vajra":60,"Oddly Smooth Stone":85,"Thread and Needle":33,"Pen Nib":55,"Matryoshka":15,"Ornamental Fan":69,"MutagenicStrength":49,"Strawberry":98,"Pandora\u0027s Box":44,"Prayer Wheel":90,"WingedGreaves":69,"Coffee Dripper":82,"Kunai":60,"Bottled Lightning":85,"StrikeDummy":15,"Ring of the Snake":0}],"Ring of the Snake":[50]},"card_choices":[{"not_picked":["Secret Weapon","Secret Technique"],"picked":"Apotheosis","floor":0},{"not_picked":["PiercingWail","Infinite Blades"],"picked":"Deadly Poison","floor":1},{"not_picked":["Tactician","Dagger Throw"],"picked":"Masterful Stab","floor":2},{"not_picked":["Expertise","Backflip"],"picked":"Leg Sweep","floor":4},{"not_picked":["Quick Slash","Reflex"],"picked":"Tools of the Trade","floor":7},{"not_picked":["Poisoned Stab","PiercingWail"],"picked":"Crippling Poison","floor":10},{"not_picked":["Outmaneuver","Dagger Throw"],"picked":"Eviscerate","floor":12},{"not_picked":["Skewer","Expertise","Accuracy"],"picked":"SKIP","floor":13},{"not_picked":["Dagger Throw","Prepared"],"picked":"Acrobatics","floor":14},{"not_picked":["Unload","Phantasmal Killer"],"picked":"Adrenaline","floor":16},{"not_picked":["Poisoned Stab","Underhanded Strike+1"],"picked":"Cloak And Dagger","floor":18},{"not_picked":["Setup","Sucker Punch"],"picked":"Cloak And Dagger","floor":19},{"not_picked":["Accuracy","Catalyst"],"picked":"A Thousand Cuts","floor":23},{"not_picked":["Deadly Poison","Deflect"],"picked":"Escape Plan","floor":25},{"not_picked":["Dodge and Roll","Distraction"],"picked":"Dagger Spray+1","floor":27},{"not_picked":["Terror","Flying Knee"],"picked":"Adrenaline","floor":28},{"not_picked":["Heel Hook","Dagger Throw"],"picked":"Cloak And Dagger+1","floor":30},{"not_picked":["Storm of Steel","Tools of the Trade"],"picked":"Envenom","floor":33},{"not_picked":["Dagger Spray","Poisoned Stab"],"picked":"Blade Dance","floor":35},{"not_picked":["Riddle With Holes","Distraction+1"],"picked":"Terror","floor":38},{"not_picked":["Flying Knee+1","Backflip"],"picked":"PiercingWail+1","floor":44},{"not_picked":["Slice","Deflect","Dagger Spray"],"picked":"SKIP","floor":45},{"not_picked":["Bane+1","Endless Agony+1","Concentrate"],"picked":"SKIP","floor":45},{"not_picked":["Dodge and Roll","Accuracy"],"picked":"Wraith Form v2","floor":46},{"not_picked":["Slice","Dodge and Roll+1","Leg Sweep"],"picked":"SKIP","floor":48},{"not_picked":["Dodge and Roll","Acrobatics+1","Quick Slash+1"],"picked":"SKIP","floor":48}],"player_experience":691146,"relics_obtained":[{"floor":7,"key":"StrikeDummy"},{"floor":9,"key":"Matryoshka"},{"floor":14,"key":"Thread and Needle"},{"floor":23,"key":"Pen Nib"},{"floor":25,"key":"Calipers"},{"floor":26,"key":"Vajra"},{"floor":26,"key":"Kunai"},{"floor":28,"key":"WingedGreaves"},{"floor":28,"key":"Ornamental Fan"},{"floor":43,"key":"Oddly Smooth Stone"},{"floor":43,"key":"Bottled Lightning"},{"floor":44,"key":"Prayer Wheel"},{"floor":46,"key":"Strawberry"}],"event_choices":[{"cards_removed":["Strike_G"],"damage_healed":0,"gold_gain":0,"player_choice":"Purged","damage_taken":0,"max_hp_gain":0,"max_hp_loss":0,"event_name":"Purifier","floor":3,"gold_loss":0},{"damage_healed":0,"gold_gain":0,"player_choice":"Got Potions","damage_taken":0,"max_hp_gain":0,"max_hp_loss":0,"event_name":"Lab","floor":5,"gold_loss":0},{"damage_healed":0,"gold_gain":0,"player_choice":"Became a Ghost","damage_taken":0,"max_hp_gain":0,"max_hp_loss":33,"event_name":"Ghosts","floor":20,"gold_loss":0,"cards_obtained":["Ghostly","Ghostly","Ghostly"]},{"damage_healed":0,"gold_gain":0,"player_choice":"Ignored","damage_taken":0,"max_hp_gain":0,"max_hp_loss":0,"event_name":"Vampires","floor":21,"gold_loss":0},{"damage_healed":0,"gold_gain":0,"player_choice":"Inject Mutagens","damage_taken":0,"relics_obtained":["MutagenicStrength"],"max_hp_gain":0,"max_hp_loss":0,"event_name":"Drug Dealer","floor":22,"gold_loss":0},{"damage_healed":0,"gold_gain":0,"player_choice":"Fight","damage_taken":0,"max_hp_gain":0,"max_hp_loss":0,"event_name":"Colosseum","floor":28,"gold_loss":0},{"damage_healed":0,"gold_gain":0,"player_choice":"Fought Nobs","damage_taken":0,"max_hp_gain":0,"max_hp_loss":0,"event_name":"Colosseum","floor":28,"gold_loss":0},{"damage_healed":0,"gold_gain":0,"player_choice":"Max HP","damage_taken":0,"max_hp_gain":0,"max_hp_loss":2,"event_name":"Winding Halls","floor":36,"gold_loss":0},{"cards_removed":["Masterful Stab"],"damage_healed":0,"gold_gain":0,"player_choice":"Removed Attack","damage_taken":0,"max_hp_gain":0,"max_hp_loss":0,"event_name":"Falling","floor":37,"gold_loss":0},{"damage_healed":0,"gold_gain":0,"player_choice":"Ignored","damage_taken":0,"max_hp_gain":0,"max_hp_loss":0,"event_name":"Tomb of Lord Red Mask","floor":39,"gold_loss":0},{"damage_healed":0,"gold_gain":0,"player_choice":"Upgrade","damage_taken":0,"relics_obtained":["Mark of the Bloom"],"max_hp_gain":0,"max_hp_loss":0,"event_name":"MindBloom","floor":41,"gold_loss":0,"cards_upgraded":["Survivor","Deadly Poison","Tools of the Trade","Eviscerate","Acrobatics","Adrenaline","Bane","Adrenaline","Phantasmal Killer","Unload","Dash","Cloak And Dagger","Cloak And Dagger","Ghostly","Ghostly","Ghostly","Escape Plan","Adrenaline","Envenom","Blade Dance","Terror"]}],"is_beta":false,"boss_relics":[{"not_picked":["Runic Dome","Calling Bell"],"picked":"Pandora\u0027s Box"},{"not_picked":["SlaversCollar","Velvet Choker"],"picked":"Coffee Dripper"}],"items_purged_floors":[31,47],"is_endless":false,"potions_floor_spawned":[2,7,10,14,18,25,27,30,38,45,48],"ascension_level":19}}