{"host":"gy6agq70t5jd8xfl","time":1611687547,"event":{"mods":["Aspiration","BaseMod","BetterRewards","Block Reminder","Colored Map","Colored Powertips","Conspire","Downfall","Energized Spire","Friendly Minions","GifTheSpireLib","Halation","Hermit","Hubris","Infinite Spire","Mad Scientist","Marked Mod","Minty Spire (QoL Compilation)","Permanent Neow","Quick Restart","Relic Stats","Replay The Spire","Robot Space Explorer","Shop Mod","Spicy Shops","StSLib","Stuff the Spire","The Animator","The Cursed","The Disciple","The Servant 0.9.4"],"gold_per_floor":[110,110,127,137,137,137,163,163,163,195,29,29,58,58,58,158,158,169,53,65,17,37,37,37,37],"floor_reached":23,"language":"ENG","playtime":765,"items_purged":[],"score":232,"play_id":"b5fa6896-501e-4281-8ed5-f563f62dc409","local_time":"20210126135907","daily_mods":["Specialized","Heirloom","Flight","DeadlyEvents"],"is_ascension_mode":false,"campfire_choices":[{"data":"bronze:Repulsor","floor":6,"key":"SMITH"},{"data":"bronze:ShipIt","floor":8,"key":"SMITH"},{"data":"bronze:Goto","floor":12,"key":"SMITH"},{"floor":15,"key":"REST"}],"circlet_count":0,"master_deck":["bronze:Defend","bronze:Defend","bronze:Replicate","bronze:Goto+1","bronze:OilSpill","bronze:OilSpill","bronze:OilSpill","bronze:OilSpill","bronze:OilSpill","bronze:Separator","StuffTheSpire:BrimstoneBlast","Flying Knee","Dagger Throw","bronze:Overheat","bronze:Repulsor+1","bronze:ShipIt+1","bronze:BronzeOrb","bronze:ClassDefault","bronze:ItsAFeature","bronze:CleanCode","bronze:Backtrace","bronze:Backtrace","bronze:ItsAFeature","bronze:BronzeArmor","bronze:Backtrace"],"relics":["bronze:BronzeCore","TungstenRod","Pen Nib","MerchantsRug","Iron Hammer","Replay:Drink Me","StuffTheSpire:Saxophone"],"acts_visited":["Exordium","TheCity"],"potions_floor_usage":[],"damage_taken":[{"damage":0,"enemies":"Small Slimes","floor":1,"turns":2},{"damage":1,"enemies":"Cultist","floor":3,"turns":2},{"damage":10,"enemies":"Jaw Worm","floor":4,"turns":2},{"damage":18,"enemies":"Lagavulin","floor":7,"turns":4},{"damage":14,"enemies":"Gremlin Nob","floor":10,"turns":3},{"damage":29,"enemies":"Lagavulin","floor":13,"turns":4},{"damage":33,"enemies":"Slime Boss","floor":16,"turns":7},{"damage":35,"enemies":"2 Thieves","floor":18,"turns":4},{"damage":0,"enemies":"Chosen","floor":20,"turns":2},{"damage":25,"enemies":"Snake Plant","floor":22,"turns":4},{"damage":10,"enemies":"3 Cultists","floor":23,"turns":3}],"seed_played":"-2276642510665201081","potions_obtained":[{"floor":3,"key":"Reflective Coating"},{"floor":16,"key":"Dexterity Potion"},{"floor":20,"key":"Elixir"}],"is_trial":true,"path_per_floor":["M","?","M","M","T","R","E","R","T","E","$","R","E","$","R","B",null,"M","$","M","$","M","M"],"character_chosen":"THE_AUTOMATON","items_purchased":["MerchantsRug","bronze:ClassDefault","bronze:Backtrace","bronze:ItsAFeature","StuffTheSpire:Saxophone"],"campfire_rested":1,"item_purchase_floors":[11,11,19,19,21],"current_hp_per_floor":[70,70,69,59,73,73,55,55,55,41,41,41,12,12,37,4,63,28,28,28,28,3,0,0,0],"gold":37,"neow_bonus":"","is_daily":false,"chose_seed":false,"campfire_upgraded":3,"win_rate":0.0,"timestamp":1611687547,"path_taken":["M","?","?","?","?","R","E","R","T","?","$","R","E","$","R","BOSS","M","$","?","?","M","?"],"items_purchased_type":["Relic","Card","Card","Card","Relic"],"build_version":"2020-12-22","purchased_purges":0,"victory":false,"max_hp_per_floor":[70,70,70,70,84,84,84,84,84,84,84,84,84,84,84,84,63,63,63,63,63,63,63,63,63],"relic_stats":{"counters":[11,37],"Pen Nib":[6],"obtain_stats":[{"MerchantsRug":11,"bronze:BronzeCore":0,"StuffTheSpire:Saxophone":21,"Mango":5,"Pen Nib":9,"Iron Hammer":13,"halation:KoshaPiece":10,"aspiration:DSix":7,"Replay:Drink Me":17,"TungstenRod":0},{"MerchantsRug":5,"bronze:BronzeCore":0,"StuffTheSpire:Saxophone":9,"Mango":3,"Pen Nib":4,"Iron Hammer":6,"halation:KoshaPiece":5,"aspiration:DSix":4,"Replay:Drink Me":7,"TungstenRod":0},{"MerchantsRug":13,"bronze:BronzeCore":0,"StuffTheSpire:Saxophone":30,"Mango":6,"Pen Nib":10,"Iron Hammer":17,"halation:KoshaPiece":13,"aspiration:DSix":10,"Replay:Drink Me":24,"TungstenRod":0}],"TungstenRod":24},"card_choices":[{"not_picked":["bronze:ChosenStrike","bronze:BugBarrage"],"picked":"bronze:Separator","floor":1},{"not_picked":["bronze:Terminator","bronze:WildBeam"],"picked":"bronze:Overheat","floor":3},{"not_picked":["bronze:DigitalCarnage","bronze:ForceShield"],"picked":"bronze:Repulsor","floor":4},{"not_picked":["bronze:Turbo","bronze:Overload"],"picked":"bronze:ShipIt","floor":7},{"not_picked":["bronze:CutThrough","bronze:BuggyMess"],"picked":"bronze:BronzeOrb","floor":10},{"not_picked":["bronze:Fortify","bronze:Terminator"],"picked":"bronze:ItsAFeature","floor":13},{"not_picked":["bronze:Virus","bronze:ShipIt"],"picked":"bronze:CleanCode","floor":16},{"not_picked":["bronze:Shield+1","bronze:Separator","bronze:Branch"],"picked":"SKIP","floor":18},{"not_picked":["bronze:Overheat","bronze:BitShift"],"picked":"bronze:BronzeArmor","floor":20},{"not_picked":["bronze:FindAndReplace","bronze:FineTuning"],"picked":"bronze:Backtrace","floor":22}],"player_experience":609058,"relics_obtained":[{"floor":5,"key":"Mango"},{"floor":7,"key":"aspiration:DSix"},{"floor":9,"key":"Pen Nib"},{"floor":10,"key":"halation:KoshaPiece"},{"floor":13,"key":"Iron Hammer"}],"event_choices":[],"is_beta":false,"boss_relics":[{"not_picked":["aspiration:PoetsPen_weak","ReplayTheSpireMod:SealedPack"],"picked":"Replay:Drink Me"}],"items_purged_floors":[],"is_endless":false,"potions_floor_spawned":[3,16,20],"killed_by":"3 Cultists","ascension_level":0}}