{"host":"bw00wb7p5bw58om7","time":1611693200,"event":{"mods":["100% Spire Juice","Act Like it!","BaseMod","Better Third Choice","CapriCore","Chen","Downfall","Gensokyo","Koishi","KomeijiMod","Marisa????????","Minty Spire (QoL Compilation)","Onozuka Komachi Mod","Permanent Neow","Prisma Mod","Reimu??????","Remilia??????","StSLib","The Administrix","The Immortal","The Senshi","The Servant 0.9.4","Yakumo Yukari mod"],"gold_per_floor":[110,124,24,40,57,57,70,70,93,109,122,154,174,15,15,120,120,120,120,120,120,120,120,120,120],"floor_reached":23,"language":"ENG","playtime":1099,"items_purged":[],"score":199,"play_id":"75b2300f-958f-440b-adf0-e4cc2c822596","local_time":"20210126203320","is_ascension_mode":false,"campfire_choices":[{"data":"MokouMod:Wildfire","floor":6,"key":"SMITH"},{"data":"MokouMod:AdaptivePyromancy","floor":8,"key":"SMITH"},{"data":"MokouMod:Stoke","floor":15,"key":"SMITH"}],"circlet_count":0,"master_deck":["MokouMod:Strike","MokouMod:Strike","MokouMod:Strike","MokouMod:Strike","MokouMod:Strike","MokouMod:Defend","MokouMod:Defend","MokouMod:Defend","MokouMod:Defend","MokouMod:HeatSpark","MokouMod:Combust","MokouMod:Wildfire+1","MokouMod:FlareStarter","MokouMod:ScorchedEarth+1","MokouMod:SearingShot","MokouMod:AdaptivePyromancy+1","MokouMod:Stoke+1","MokouMod:TemporalFireSeal","MokouMod:ScorchingColumn","MokouMod:Afterburner","MokouMod:EnchantingBambooForest+1","MokouMod:IgneousBlow+1","MokouMod:BlazingComet","MokouMod:FlareStarter+1","MokouMod:Sear"],"relics":["MokouMod:PhoenixFeather","Frozen Egg 2","Omamori","Lantern","NitorisBag","Ectoplasm","Gensokyo:ConquerorOfFear","Frozen Eye"],"acts_visited":["Gensokyo:Gensokyo","Gensokyo:Gensokyoer"],"potions_floor_usage":[16,16,16],"damage_taken":[{"damage":1,"enemies":"Gensokyo:Python","floor":1,"turns":4},{"damage":2,"enemies":"Gensokyo:Gryphon","floor":2,"turns":3},{"damage":2,"enemies":"Gensokyo:3_Fairies","floor":4,"turns":4},{"damage":2,"enemies":"Gensokyo:2_Rabbits","floor":5,"turns":4},{"damage":0,"enemies":"Gensokyo:LivingMonolith","floor":7,"turns":3},{"damage":12,"enemies":"Gensokyo:Kitsune","floor":10,"turns":4},{"damage":3,"enemies":"Gensokyo:VengefulSpirit","floor":11,"turns":3},{"damage":22,"enemies":"Gensokyo:Aya","floor":12,"turns":4},{"damage":14,"enemies":"Gensokyo:Gryphon_and_Rabbit","floor":13,"turns":5},{"damage":2,"enemies":"Gensokyo:Reimu","floor":16,"turns":6},{"damage":4,"enemies":"Gensokyo:Chomper","floor":18,"turns":3},{"damage":30,"enemies":"Gensokyo:AngelMirror","floor":19,"turns":3},{"damage":21,"enemies":"Gensokyo:Monolith_and_Dog","floor":20,"turns":5},{"damage":27,"enemies":"Gensokyo:Slime_Group","floor":22,"turns":5},{"damage":87,"enemies":"Gensokyo:Koishi","floor":23,"turns":6}],"seed_played":"1353087229204771109","potions_obtained":[{"floor":1,"key":"ZuzhouPotion:ReiMu"},{"floor":4,"key":"hexamod:SoulburnPotion"},{"floor":7,"key":"Fire Potion"},{"floor":10,"key":"EssenceOfSteel"},{"floor":18,"key":"FearPotion"},{"floor":22,"key":"Regen Potion"}],"is_trial":false,"path_per_floor":["M","M","?","M","M","R","M","R","T","M","M","E","M","COS","R","B",null,"M","M","M","?","M","E"],"character_chosen":"MKU","items_purchased":[],"campfire_rested":0,"item_purchase_floors":[],"current_hp_per_floor":[74,72,72,70,68,68,68,68,68,56,53,31,17,17,17,15,75,71,41,20,20,18,0,0,0],"gold":120,"neow_bonus":"THREE_CARDS","is_daily":false,"chose_seed":false,"campfire_upgraded":3,"win_rate":0.0,"timestamp":1611693200,"path_taken":["M","M","?","?","M","R","M","R","T","M","?","E","M","COS","R","BOSS","M","M","M","?","M","E"],"items_purchased_type":[],"build_version":"2020-12-22","purchased_purges":0,"victory":false,"max_hp_per_floor":[75,75,75,75,75,75,75,75,75,75,75,75,75,75,75,75,75,75,75,75,75,75,75,75,75],"card_choices":[{"not_picked":["MokouMod:FlareStarter","MokouMod:BurningDraft"],"picked":"MokouMod:Combust","floor":0},{"not_picked":["MokouMod:IgneousBlow","MokouMod:IndiscriminateIgnition"],"picked":"MokouMod:Wildfire","floor":1},{"not_picked":["MokouMod:BurningDraft","MokouMod:SubterraneanCore"],"picked":"MokouMod:FlareStarter","floor":2},{"not_picked":["MokouMod:Firecracker","MokouMod:InfernalWave"],"picked":"MokouMod:ScorchedEarth+1","floor":4},{"not_picked":["MokouMod:SearingBlow","MokouMod:BurningDraft"],"picked":"MokouMod:SearingShot","floor":5},{"not_picked":["MokouMod:EternalBurstReactor","MokouMod:FlamingFireTalons"],"picked":"MokouMod:AdaptivePyromancy","floor":7},{"not_picked":["MokouMod:Singe","MokouMod:ThermalPressure"],"picked":"MokouMod:Stoke","floor":10},{"not_picked":["MokouMod:SearingShot","MokouMod:WarmUp"],"picked":"MokouMod:TemporalFireSeal","floor":11},{"not_picked":["MokouMod:IgneousBlow","MokouMod:CrimsonFlare"],"picked":"MokouMod:ScorchingColumn","floor":12},{"not_picked":["MokouMod:BurningDraft","MokouMod:ShiftIgnition"],"picked":"MokouMod:Afterburner","floor":13},{"not_picked":["MokouMod:BurningHiddenBullet","MokouMod:SpontaneousHumanCombustion"],"picked":"MokouMod:EnchantingBambooForest+1","floor":16},{"not_picked":["MokouMod:Firecracker","MokouMod:ResoluteFlare+1"],"picked":"MokouMod:IgneousBlow+1","floor":18},{"not_picked":["MokouMod:SearingShot+1","MokouMod:Afterburner"],"picked":"MokouMod:BlazingComet","floor":19},{"not_picked":["MokouMod:Stoke","MokouMod:Combust"],"picked":"MokouMod:FlareStarter+1","floor":20},{"not_picked":["MokouMod:ShiftIgnition","MokouMod:EternalBurstReactor+1"],"picked":"MokouMod:Sear","floor":22}],"player_experience":289119,"relics_obtained":[{"floor":9,"key":"Omamori"},{"floor":12,"key":"Lantern"},{"floor":22,"key":"Gensokyo:ConquerorOfFear"}],"event_choices":[],"is_beta":false,"boss_relics":[{"not_picked":["Astrolabe","Fusion Hammer"],"picked":"Ectoplasm"}],"items_purged_floors":[],"is_endless":false,"potions_floor_spawned":[1,4,7,10,12,18,22],"killed_by":"Gensokyo:Koishi","ascension_level":0}}