{"host":"cyei475933pvpemq","time":1611625501,"event":{"mods":["Act Like it!","Aspiration","BaseMod","Better Third Choice","BetterRewards","Colored Map","Colored Powertips","Downfall","Energized Spire","Highlight Path","Hubris","Hyrulean Relics","Lobotomy","Mimic Mod","Minty Spire (QoL Compilation)","Replay The Spire","Spicy Shops","Spikes Relics","StSLib","Uncapped"],"gold_per_floor":[15,35,35,35,35,123,123,162,207,232,232,257,271,236,236,367,367,383,383,407,90,106,151,151],"floor_reached":23,"language":"ENG","playtime":1133,"items_purged":[],"score":201,"play_id":"118c46f3-2a84-45aa-b568-e7cfe3e66fea","local_time":"20210126024501","is_ascension_mode":false,"campfire_choices":[{"floor":7,"key":"REST"},{"floor":11,"key":"RECALL"},{"floor":15,"key":"REST"}],"circlet_count":0,"master_deck":["Strike_R","Strike_R","Strike_R","Strike_R","Strike_R","Defend_R","Defend_R","Defend_R","Defend_R","Bash","Heavy Blade","Metallicize","Injury","BlessedFruit","BlessedFruit","Juggernaut","hubris:ReadiedAction","Shrug It Off","True Grit","Shrug It Off","Juggernaut","CurseOfTheBell","Inflame+1","Flex","Shrug It Off+1"],"relics":["Burning Blood","BlackRope","Golden Idol","Ring of Fury","ReplayTheSpireMod:Ring of Challenge","aspiration:BabyByrd","HeavenlyBonsai","Pen Nib","Calling Bell","Gremlin Food","hubris:Reverence","Replay:Kaleidoscope","hubris:Towel","Regal Pillow","Meat on the Bone"],"acts_visited":["Exordium","TheCity"],"potions_floor_usage":[8,23,23,23],"damage_taken":[{"damage":0,"enemies":"2 Louse","floor":1,"turns":3},{"damage":3,"enemies":"Jaw Worm","floor":2,"turns":4},{"damage":43,"enemies":"Replay:BlueRogue","floor":6,"turns":13},{"damage":40,"enemies":"Lagavulin","floor":8,"turns":6},{"damage":11,"enemies":"Small Slimes","floor":9,"turns":5},{"damage":5,"enemies":"Small Slimes","floor":10,"turns":4},{"damage":0,"enemies":"Looter","floor":12,"turns":1},{"damage":15,"enemies":"Lots of Slimes","floor":13,"turns":4},{"damage":49,"enemies":"Slime Boss","floor":16,"turns":11},{"damage":18,"enemies":"Shell Parasite","floor":18,"turns":5},{"damage":34,"enemies":"3 Byrds","floor":20,"turns":5},{"damage":18,"enemies":"Snake Plant","floor":22,"turns":4},{"damage":63,"enemies":"Gremlin Leader","floor":23,"turns":4}],"seed_played":"-8750962584708314567","potions_obtained":[{"floor":6,"key":"Fire Potion"},{"floor":13,"key":"Strength Potion"},{"floor":18,"key":"Strength Potion"},{"floor":22,"key":"hexamod:SoulburnPotion"}],"is_trial":false,"path_per_floor":["M","M","?","?","?","E","R","E","MIM","M","R","M","M","?","R","B",null,"M","?","M","$","M","E"],"character_chosen":"IRONCLAD","items_purchased":["Regal Pillow","Meat on the Bone"],"campfire_rested":2,"item_purchase_floors":[21,21],"current_hp_per_floor":[80,80,80,80,80,43,67,35,32,35,35,41,34,56,82,41,90,79,79,52,52,53,0,0],"gold":151,"neow_bonus":"ONE_RARE_RELIC","is_daily":false,"chose_seed":false,"campfire_upgraded":0,"win_rate":0.0,"timestamp":1611625501,"path_taken":["M","M","?","?","?","E","R","E","MIM","M","R","?","M","?","R","BOSS","M","?","M","$","M","E"],"items_purchased_type":["Relic","Relic"],"build_version":"2020-12-22","purchased_purges":0,"victory":false,"max_hp_per_floor":[80,80,80,80,80,80,80,82,84,86,86,86,88,88,88,90,90,91,91,92,92,93,93,93],"card_choices":[{"not_picked":["Body Slam","Battle Trance"],"picked":"Heavy Blade","floor":1},{"not_picked":["Armaments","Twin Strike"],"picked":"Metallicize","floor":2},{"not_picked":["Berserk","Dual Wield"],"picked":"Juggernaut","floor":6},{"not_picked":["Headbutt","Defy Death"],"picked":"hubris:ReadiedAction","floor":8},{"not_picked":["Twin Strike","Sever Soul"],"picked":"Shrug It Off","floor":9},{"not_picked":["Heavy Blade","Uppercut","Hemokinesis"],"picked":"SKIP","floor":10},{"not_picked":["Heavy Blade","Twin Strike"],"picked":"True Grit","floor":12},{"not_picked":["Clothesline","Anger"],"picked":"Shrug It Off","floor":13},{"not_picked":["Replay:Many Hands","Fiend Fire"],"picked":"Juggernaut","floor":16},{"not_picked":["Headbutt","Hemokinesis"],"picked":"Inflame+1","floor":18},{"not_picked":["Run Through","Abandon+1"],"picked":"Flex","floor":20},{"not_picked":["Anger","Feel No Pain"],"picked":"Shrug It Off+1","floor":22}],"player_experience":317908,"relics_obtained":[{"floor":4,"key":"Ring of Fury"},{"floor":4,"key":"ReplayTheSpireMod:Ring of Challenge"},{"floor":6,"key":"HeavenlyBonsai"},{"floor":8,"key":"Pen Nib"},{"floor":17,"key":"Gremlin Food"},{"floor":17,"key":"hubris:Reverence"},{"floor":17,"key":"Replay:Kaleidoscope"}],"event_choices":[{"damage_healed":0,"gold_gain":0,"player_choice":"Take Wound","damage_taken":0,"relics_obtained":["Golden Idol"],"max_hp_gain":0,"max_hp_loss":0,"event_name":"Golden Idol","floor":3,"gold_loss":0,"cards_obtained":["Injury"]},{"damage_healed":22,"gold_gain":0,"player_choice":"Healed","damage_taken":0,"max_hp_gain":0,"max_hp_loss":0,"event_name":"The Cleric","floor":14,"gold_loss":35}],"is_beta":false,"boss_relics":[{"not_picked":["Painkiller Herb","hubris:RunicObelisk"],"picked":"Calling Bell"}],"items_purged_floors":[],"is_endless":false,"potions_floor_spawned":[6,13,18,22],"killed_by":"Gremlin Leader","ascension_level":0}}