{"host":"z8n47vy4vaymw9pl","time":1611687436,"event":{"mods":["2.2 Compatiblity","Act Like it!","Always Whale","BaseMod","Better Altar","Better Match","Better Note","Better Sensory Stone","Better Skull","Better Third Choice","Colored Map","Colored Powertips","Defuse TimeMaze Blight","Downfall","Energized Spire","Hubris","Minty Spire (QoL Compilation)","Reliquary","Replay The Spire","Robot Space Explorer","Spire Arcade","StSLib","The Blue Laboratory","The Caster","TheSurvivalist","TheSwordswoman","Unceasing Turn Reminder","Wandering Minibosses"],"gold_per_floor":[111,61,21,33,50,50,76,91,91,91,13,13,48,48,48,48,48],"floor_reached":16,"language":"ENG","playtime":901,"items_purged":[],"score":108,"play_id":"4350c43f-9664-49e7-bce8-bf4a5a504ac3","local_time":"20210126105716","is_ascension_mode":false,"campfire_choices":[{"floor":6,"key":"RECALL"},{"data":"RobotSpaceExplorer:Accelerator","floor":10,"key":"SMITH"},{"data":"RobotSpaceExplorer:PowerCollector","floor":12,"key":"SMITH"},{"floor":15,"key":"REST"}],"circlet_count":0,"master_deck":["RobotSpaceExplorer:Strike","RobotSpaceExplorer:Strike","RobotSpaceExplorer:Strike","RobotSpaceExplorer:Strike","RobotSpaceExplorer:Defend","RobotSpaceExplorer:Defend","RobotSpaceExplorer:Defend","RobotSpaceExplorer:Defend","RobotSpaceExplorer:Scan","RobotSpaceExplorer:MiniLasers","RobotSpaceExplorer:Accelerator+1","RobotSpaceExplorer:LaserBurst","RobotSpaceExplorer:ImprovisedAttack","RobotSpaceExplorer:Blaster","RobotSpaceExplorer:LuckyStrike","RobotSpaceExplorer:SurgingShield","RobotSpaceExplorer:PowerCollector+1","RobotSpaceExplorer:PlasmaMissile"],"relics":["RobotSpaceExplorer:RoboCore","betterThird:SlimedRelic","hubris:OldNail","Replay:Baseball","Bag of Preparation"],"acts_visited":["Exordium"],"potions_floor_usage":[4,7,7,13],"damage_taken":[{"damage":2,"enemies":"2 Louse","floor":1,"turns":3},{"damage":1,"enemies":"Cultist","floor":4,"turns":4},{"damage":6,"enemies":"Jaw Worm","floor":5,"turns":3},{"damage":46,"enemies":"Lagavulin","floor":7,"turns":9},{"damage":3,"enemies":"Large Slime","floor":8,"turns":6},{"damage":14,"enemies":"3 Sentries","floor":13,"turns":10},{"damage":35,"enemies":"Slime Boss","floor":16,"turns":5}],"seed_played":"8216666981976090921","potions_obtained":[{"floor":3,"key":"Energy Potion"},{"floor":3,"key":"blueLaboratory:EnragingPotion"},{"floor":3,"key":"FairyPotion"},{"floor":5,"key":"blueLaboratory:RecallPotion"},{"floor":7,"key":"PowerPotion"}],"is_trial":false,"path_per_floor":["M","?","?","M","M","R","E","M","T","R","$","R","E","?","R","B"],"character_chosen":"RobotSpaceExplorer","items_purchased":["RobotSpaceExplorer:PowerCollector"],"campfire_rested":1,"item_purchase_floors":[11],"current_hp_per_floor":[73,62,62,61,55,55,9,6,6,6,6,6,16,4,26,0,0],"gold":48,"neow_bonus":"ONE_RANDOM_RARE_CARD","is_daily":false,"chose_seed":false,"campfire_upgraded":2,"win_rate":0.0,"timestamp":1611687436,"path_taken":["M","?","?","M","M","R","E","?","T","R","$","R","E","?","R","BOSS"],"items_purchased_type":["Card"],"build_version":"2020-12-22","purchased_purges":0,"victory":false,"max_hp_per_floor":[75,75,75,75,75,75,75,75,75,75,75,75,75,75,75,75,75],"card_choices":[{"not_picked":["RobotSpaceExplorer:FrostMissile","RobotSpaceExplorer:SwiftStep"],"picked":"RobotSpaceExplorer:LaserBurst","floor":1},{"not_picked":["RobotSpaceExplorer:ShovelStrike","RobotSpaceExplorer:DualCore"],"picked":"RobotSpaceExplorer:ImprovisedAttack","floor":4},{"not_picked":["RobotSpaceExplorer:Probe","RobotSpaceExplorer:GlueShot"],"picked":"RobotSpaceExplorer:Blaster","floor":5},{"not_picked":["RobotSpaceExplorer:ExhaustFan","RobotSpaceExplorer:Electroshield"],"picked":"RobotSpaceExplorer:LuckyStrike","floor":7},{"not_picked":["RobotSpaceExplorer:SwiftStep","RobotSpaceExplorer:GlueShot"],"picked":"RobotSpaceExplorer:SurgingShield","floor":8},{"not_picked":["RobotSpaceExplorer:ShockKick","RobotSpaceExplorer:Arsenal"],"picked":"RobotSpaceExplorer:PlasmaMissile","floor":13}],"player_experience":540123,"relics_obtained":[{"floor":7,"key":"hubris:OldNail"},{"floor":13,"key":"Replay:Baseball"}],"event_choices":[{"damage_healed":0,"gold_gain":0,"player_choice":"Slimed","damage_taken":11,"max_hp_gain":0,"max_hp_loss":0,"event_name":"betterThird:BetterGoop","floor":2,"gold_loss":50},{"damage_healed":0,"gold_gain":0,"player_choice":"Bought 3 Potions","damage_taken":0,"max_hp_gain":0,"max_hp_loss":0,"event_name":"The Woman in Blue","floor":3,"gold_loss":0},{"damage_healed":0,"gold_gain":0,"player_choice":"Relic ","damage_taken":12,"max_hp_gain":0,"max_hp_loss":0,"event_name":"betterThird:BetterScrap","floor":14,"gold_loss":0,"cards_obtained":["FearNoEvil"]}],"is_beta":false,"boss_relics":[],"items_purged_floors":[],"is_endless":false,"potions_floor_spawned":[5,7],"killed_by":"Slime Boss","ascension_level":0}}