{"host":"w01zow3jg16g8jdh","time":1611664079,"event":{"mods":["AchievementEnabler","BaseMod","DeckTracker","Keyboard Shortcuts","Minty Spire (QoL Compilation)","Permanent Neow","StSLib","SuperFastMode"],"gold_per_floor":[110,110,128,138,153,188,241,253,265,297,309,73,73,73,73,146,146,157,2,15,15,15,15,45,45,71,71,71,94,113,136,136,218,268,284,284,80,91,101,135,135,67,92,0,15,27,49,78,78,78,78,78,78,78,111,111,111],"floor_reached":56,"language":"KOR","playtime":3189,"items_purged":["Strike_B","Strike_B","Zap+1"],"score":1979,"play_id":"611dc89b-b78a-4363-9079-bba04be7bc9a","local_time":"20210126212759","is_ascension_mode":true,"campfire_choices":[{"floor":8.0,"key":"REST"},{"data":"Coolheaded","floor":11.0,"key":"SMITH"},{"data":"Biased Cognition","floor":15.0,"key":"SMITH"},{"data":"Blizzard","floor":23.0,"key":"SMITH"},{"data":"Coolheaded","floor":25.0,"key":"SMITH"},{"data":"Barrage","floor":28.0,"key":"SMITH"},{"floor":32.0,"key":"RECALL"},{"floor":41.0,"key":"REST"},{"floor":49.0,"key":"REST"},{"data":"Skim","floor":53.0,"key":"SMITH"}],"circlet_count":0,"master_deck":["AscendersBane","Strike_B","Defend_B","Defend_B","Defend_B+1","Dualcast","Barrage+1","Cold Snap","Coolheaded+1","Biased Cognition+1","Self Repair+1","Echo Form+1","Blizzard+1","Coolheaded+1","Turbo+1","Double Energy+1","Capacitor+1","Biased Cognition+1","Heatsinks+1","Capacitor+1","Skim+1"],"relics":["Empty Cage","Matryoshka","MawBank","MealTicket","Frozen Egg 2","ClockworkSouvenir","Juzu Bracelet","Nuclear Battery","Pantograph","Mango","CeramicFish","Tiny House","Singing Bowl","Toy Ornithopter","Red Mask","Meat on the Bone","Nunchaku"],"acts_visited":["Exordium","TheCity","TheBeyond","TheEnding"],"potions_floor_usage":[56,56],"damage_taken":[{"damage":13.0,"enemies":"Small Slimes","floor":1.0,"turns":5.0},{"damage":9.0,"enemies":"Jaw Worm","floor":3.0,"turns":5.0},{"damage":9.0,"enemies":"2 Louse","floor":4.0,"turns":2.0},{"damage":1.0,"enemies":"Blue Slaver","floor":5.0,"turns":4.0},{"damage":19.0,"enemies":"3 Sentries","floor":6.0,"turns":12.0},{"damage":10.0,"enemies":"Large Slime","floor":10.0,"turns":4.0},{"damage":13.0,"enemies":"The Guardian","floor":16.0,"turns":11.0},{"damage":0.0,"enemies":"Spheric Guardian","floor":18.0,"turns":5.0},{"damage":10.0,"enemies":"Chosen","floor":20.0,"turns":6.0},{"damage":21.0,"enemies":"Gremlin Leader","floor":24.0,"turns":8.0},{"damage":14.0,"enemies":"Shelled Parasite and Fungi","floor":29.0,"turns":8.0},{"damage":0.0,"enemies":"Centurion and Healer","floor":30.0,"turns":6.0},{"damage":0.0,"enemies":"Snecko","floor":31.0,"turns":6.0},{"damage":24.0,"enemies":"Collector","floor":33.0,"turns":7.0},{"damage":17.0,"enemies":"3 Darklings","floor":35.0,"turns":5.0},{"damage":4.0,"enemies":"Orb Walker","floor":38.0,"turns":7.0},{"damage":48.0,"enemies":"Transient","floor":39.0,"turns":6.0},{"damage":0.0,"enemies":"Nemesis","floor":40.0,"turns":11.0},{"damage":27.0,"enemies":"Sphere and 2 Shapes","floor":45.0,"turns":6.0},{"damage":0.0,"enemies":"Spire Growth","floor":46.0,"turns":4.0},{"damage":0.0,"enemies":"Maw","floor":47.0,"turns":8.0},{"damage":61.0,"enemies":"Reptomancer","floor":48.0,"turns":12.0},{"damage":52.0,"enemies":"Awakened One","floor":50.0,"turns":13.0},{"damage":0.0,"enemies":"Donu and Deca","floor":51.0,"turns":11.0},{"damage":10.0,"enemies":"Shield and Spear","floor":55.0,"turns":9.0},{"damage":107,"enemies":"The Heart","floor":56,"turns":11}],"seed_played":"4830845786303416739","potions_obtained":[{"floor":4.0,"key":"Weak Potion"},{"floor":6.0,"key":"EssenceOfSteel"},{"floor":10.0,"key":"PotionOfCapacity"},{"floor":20.0,"key":"GamblersBrew"},{"floor":24.0,"key":"Energy Potion"},{"floor":30.0,"key":"PotionOfCapacity"},{"floor":34.0,"key":"LiquidBronze"},{"floor":39.0,"key":"SteroidPotion"},{"floor":40.0,"key":"LiquidMemories"}],"is_trial":false,"path_per_floor":["M","?","M","M","M","E","T","R","T","M","R","$","?","$","R","B",null,"M","$","M","?","T","R","E","R","T","$","R","M","M","M","R","B",null,"M","?","$","M","M","E","R","$","T","?","M","M","M","E","R","B","B",null,"R","$","E","B"],"character_chosen":"DEFECT","items_purchased":["ClockworkSouvenir","Coolheaded","Heatsinks+1","Capacitor+1"],"campfire_rested":3,"item_purchase_floors":[12,19,37,42],"current_hp_per_floor":[51,51,42,33,32,13,13,34,34,24,24,39,13,28,28,25,60,70,71,71,71,71,71,74,74,74,85,85,81,85,85,85,71,87,80,80,85,85,47,59,85,87,87,87,72,84,91,42,69,63,93,93,93,93,95,0,0],"gold":111,"neow_bonus":"BOSS_RELIC","is_daily":false,"chose_seed":false,"campfire_upgraded":6,"win_rate":0.0,"timestamp":1611664079,"path_taken":["M","?","M","M","M","E","?","R","T","M","R","$","?","?","R","BOSS","M","$","M","?","?","R","E","R","T","?","R","M","M","M","R","BOSS","M","?","$","M","M","E","R","?","T","?","M","M","M","E","R","BOSS","BOSS","R","$","E","BOSS"],"items_purchased_type":["Relic","Card","Card","Card"],"build_version":"2020-12-22","purchased_purges":3,"victory":false,"max_hp_per_floor":[71,71,71,71,71,71,71,71,71,71,71,71,71,71,71,71,71,71,71,71,71,71,71,85,85,85,85,85,85,85,85,85,85,90,90,85,85,85,85,87,87,87,87,87,89,91,91,93,93,93,93,93,93,93,95,95,95],"card_choices":[{"not_picked":["Rebound","Scrape"],"picked":"Barrage","floor":1.0},{"not_picked":["Steam","Stack"],"picked":"Cold Snap","floor":3.0},{"not_picked":["Static Discharge","Scrape","Recycle"],"picked":"SKIP","floor":4.0},{"not_picked":["Doom and Gloom","Leap"],"picked":"Coolheaded","floor":5.0},{"not_picked":["Redo","Heatsinks"],"picked":"Biased Cognition","floor":6.0},{"not_picked":["Rebound","Stack"],"picked":"Self Repair+1","floor":10.0},{"not_picked":["Buffer+1","Machine Learning+1"],"picked":"Echo Form+1","floor":16.0},{"not_picked":["Conserve Battery","Stack"],"picked":"Blizzard","floor":18.0},{"not_picked":["Compile Driver+1","Redo","Beam Cell"],"picked":"SKIP","floor":20.0},{"not_picked":["Compile Driver","Redo"],"picked":"Turbo+1","floor":24.0},{"not_picked":["Conserve Battery","BootSequence"],"picked":"Double Energy+1","floor":29.0},{"not_picked":["Chaos","Storm+1","Doom and Gloom"],"picked":"SKIP","floor":30.0},{"not_picked":["Rebound","Chaos"],"picked":"Capacitor+1","floor":31.0},{"not_picked":["Creative AI+1","Reboot"],"picked":"Biased Cognition+1","floor":33.0},{"not_picked":["Sweeping Beam","Leap","Redo+1"],"picked":"SKIP","floor":35.0},{"not_picked":["Tempest","Turbo","Steam"],"picked":"SKIP","floor":38.0},{"not_picked":["BootSequence","Machine Learning+1","Sweeping Beam"],"picked":"SKIP","floor":39.0},{"not_picked":["Tempest","Compile Driver","Lockon"],"picked":"Singing Bowl","floor":40.0},{"not_picked":["Gash","Redo","Doom and Gloom"],"picked":"Singing Bowl","floor":45.0},{"not_picked":["Go for the Eyes","Undo","Gash"],"picked":"Singing Bowl","floor":46.0},{"not_picked":["Recycle","Hologram"],"picked":"Skim","floor":47.0},{"not_picked":["Conserve Battery","Self Repair+1","Rebound"],"picked":"Singing Bowl","floor":48.0},{"not_picked":["Go for the Eyes","Redo","Gash"],"picked":"Singing Bowl","floor":55.0}],"player_experience":320132,"relics_obtained":[{"floor":6.0,"key":"Matryoshka"},{"floor":7.0,"key":"MawBank"},{"floor":7.0,"key":"MealTicket"},{"floor":9.0,"key":"Frozen Egg 2"},{"floor":22.0,"key":"Pantograph"},{"floor":24.0,"key":"Mango"},{"floor":26.0,"key":"CeramicFish"},{"floor":40.0,"key":"Singing Bowl"},{"floor":43.0,"key":"Toy Ornithopter"},{"floor":48.0,"key":"Meat on the Bone"},{"floor":55.0,"key":"Nunchaku"}],"event_choices":[{"damage_healed":0.0,"max_hp_gain":0.0,"max_hp_loss":0.0,"gold_gain":0.0,"event_name":"Living Wall","player_choice":"Grow","floor":2.0,"gold_loss":0.0,"damage_taken":0.0,"cards_upgraded":["Zap"]},{"damage_healed":0.0,"max_hp_gain":0.0,"max_hp_loss":0.0,"gold_gain":0.0,"event_name":"Scrap Ooze","player_choice":"Success","floor":13.0,"gold_loss":0.0,"damage_taken":26.0,"relics_obtained":["Juzu Bracelet"]},{"damage_healed":0.0,"max_hp_gain":0.0,"max_hp_loss":0.0,"gold_gain":0.0,"event_name":"Cursed Tome","player_choice":"Ignored","floor":21.0,"gold_loss":0.0,"damage_taken":0.0},{"damage_healed":0.0,"max_hp_gain":0.0,"max_hp_loss":5.0,"gold_gain":0.0,"event_name":"Winding Halls","player_choice":"Max HP","floor":36.0,"gold_loss":0.0,"damage_taken":0.0},{"damage_healed":0.0,"max_hp_gain":0.0,"max_hp_loss":0.0,"gold_gain":0.0,"event_name":"Tomb of Lord Red Mask","player_choice":"Paid","floor":44.0,"gold_loss":92.0,"damage_taken":0.0,"relics_obtained":["Red Mask"]}],"is_beta":false,"boss_relics":[{"not_picked":["Philosopher\u0027s Stone","Inserter"],"picked":"Nuclear Battery"},{"not_picked":["SacredBark","Cursed Key"],"picked":"Tiny House"}],"items_purged_floors":[12,19,37],"is_endless":false,"potions_floor_spawned":[4,6,10,20,24,30,39,40,45,48,55],"killed_by":"The Heart","ascension_level":20}}