{"host":"1v40mr5lzhkzagea","time":1611675994,"event":{"mods":["Arknights The Spire","BaseMod","Dota2Spire","Downfall","Hunter ¡‘»À","Lobotomy","Minty Spire (QoL Compilation)","Replay The Spire","Robot Space Explorer","Spicy Shops","StSLib","TestMod","The Blackbeard","The Construct","The Marked","[IsaacMod]“‘»ˆº‚À˛"],"gold_per_floor":[99,31,31,50,64,64,64,82,82,116,129,142,292,311,324,424,424,324,337,437,451,451,462,536,536,436,48,48,48,59,77,96,96,113,127,225,225,225,244,254,270,40,40,90,82,102,170,197,242,242,8,28,76,76,76],"floor_reached":53,"language":"ZHS","playtime":3481,"items_purged":["Regret","Pride","ReplayTheSpireMod:Splinters"],"score":772,"play_id":"e05a96fc-2aaa-4c57-9aae-756d38b51aa6","local_time":"20210126234634","is_ascension_mode":false,"campfire_choices":[{"floor":1,"key":"RECALL"},{"data":"hexamod:Defend","floor":6,"key":"SMITH"},{"data":"hexamod:Defend","floor":9,"key":"SMITH"},{"data":"DoctorFetus","floor":18,"key":"SMITH"},{"floor":26,"key":"REST"},{"data":"expansioncontent:QuickStudy","floor":33,"key":"SMITH"},{"data":"hexamod:RainOfEmbers","floor":38,"key":"SMITH"},{"data":"hexamod:ExtraCrispy","floor":43,"key":"SMITH"},{"data":"hexamod:EmpoweredFlame","floor":50,"key":"SMITH"}],"circlet_count":0,"master_deck":["hexamod:Strike","hexamod:Strike","hexamod:Strike+1","hexamod:Strike+1","hexamod:Defend+1","hexamod:Defend","hexamod:Defend","hexamod:Defend+1","hexamod:Sear","hexamod:Float","DoctorFetus+1","hexamod:FastForward","hexamod:SpectersWail","hexamod:RainOfEmbers+1","hexamod:ThermalTransfer+1","hexamod:WildfireWeapon","hexamod:DynamicBlow+1","hexamod:EmpoweredFlame+1","downfall:Icky","hexamod:ExtraCrispy+1","hexamod:SpectersWail+1","hexamod:ForkedFlame+1","hexamod:SpectersWail+1","hexamod:NightmareGuise","hexamod:ShieldOfDarkness","hexamod:Hexaguard","hexamod:StepThrough+1","hexamod:ThermalTransfer+1","expansioncontent:QuickStudy+1","ReplayTheSpireMod:IOU","hexamod:SpectersWail+1","hexamod:ChargedBarrage","hexamod:RetreatToShadows","hexamod:PhantomFireball+1","hexamod:RadiantFlame+1","hexamod:GhostflameInferno","hexamod:SearingWound","hexamod:BacktrackSmack+1","hexamod:GhostShield","hexamod:SpectersWail+1","hexamod:RainOfEmbers+1","hexamod:BurningTouch+1","hexamod:FirstSeal","hexamod:SecondSeal","hexamod:ThirdSeal","hexamod:FourthSeal","hexamod:HauntingEcho+1","hexamod:HeatShield+1","hexamod:HeatMetal+1","hexamod:SpectersWail+1","hexamod:NightmareGuise","hexamod:RetreatToShadows+1","Parasite","hexamod:NightmareStrike+1","hexamod:SpectersWail+1"],"relics":["hexamod:SpiritBrand","testmod-TestBox","HushsDoor","DeadEye","testmod-ArcanaOfDestiny","Replay:Wax Seal","Molten Egg 2","Replay:Ringing Soul","construct:ClawGrip","downfall:HeartBlessingRed","MoneyPower","Replay:Bottled Steam","Incense Burner","downfall:HeartBlessingBlue","Mummified Hand","MagicMushroom","Membership Card","Iron Hammer","Juzu Bracelet","Chaos","Dota2Spire:MagicBottle","testmod-Acrobat","Whetstone","PreservedInsect","ReplayTheSpireMod:Shallot"],"acts_visited":["Exordium","TheCity","TheBeyond"],"potions_floor_usage":[16,20,31,53,53,53],"damage_taken":[{"damage":0,"enemies":"downfall:FleeingMerchant","floor":2,"turns":4},{"damage":2,"enemies":"2 Louse","floor":4,"turns":2},{"damage":6,"enemies":"Jaw Worm","floor":5,"turns":3},{"damage":0,"enemies":"Cultist","floor":8,"turns":2},{"damage":9,"enemies":"3 Sentries","floor":10,"turns":4},{"damage":2,"enemies":"Large Slime","floor":11,"turns":3},{"damage":17,"enemies":"Exordium Thugs","floor":12,"turns":4},{"damage":2,"enemies":"Blue Slaver","floor":14,"turns":3},{"damage":12,"enemies":"Red Slaver","floor":15,"turns":3},{"damage":23,"enemies":"WA_ARCHETYPE_RETAIN","floor":16,"turns":5},{"damage":13,"enemies":"Shell Parasite","floor":19,"turns":4},{"damage":4,"enemies":"Colosseum Nobs","floor":20,"turns":5},{"damage":5,"enemies":"Chosen","floor":21,"turns":2},{"damage":16,"enemies":"Centurion and Healer","floor":23,"turns":4},{"damage":0,"enemies":"downfall:FleeingMerchant","floor":27,"turns":4},{"damage":3,"enemies":"Chosen and Byrds","floor":30,"turns":4},{"damage":23,"enemies":"Shelled Parasite and Fungi","floor":31,"turns":5},{"damage":5,"enemies":"Centurion and Healer","floor":32,"turns":5},{"damage":9,"enemies":"Chosen and Byrds","floor":34,"turns":4},{"damage":0,"enemies":"Snake Plant","floor":35,"turns":3},{"damage":9,"enemies":"IC_MUSHROOM_ARCHETYPE","floor":36,"turns":6},{"damage":0,"enemies":"3 Shapes","floor":39,"turns":3},{"damage":0,"enemies":"Orb Walker","floor":40,"turns":2},{"damage":6,"enemies":"Spire Growth","floor":41,"turns":3},{"damage":0,"enemies":"downfall:FleeingMerchant","floor":42,"turns":3},{"damage":2,"enemies":"Jaw Worm Horde","floor":46,"turns":3},{"damage":20,"enemies":"Sphere and 2 Shapes","floor":48,"turns":4},{"damage":17,"enemies":"Nemesis","floor":49,"turns":5},{"damage":0,"enemies":"3 Darklings","floor":52,"turns":2},{"damage":225,"enemies":"Delirium","floor":53,"turns":40}],"seed_played":"-1102529494078188000","potions_obtained":[{"floor":5,"key":"hexamod:EctoCoolerPotion"},{"floor":8,"key":"Swift Potion"},{"floor":12,"key":"Fire Potion"},{"floor":15,"key":"Guardian:BlockOnCardUsePotion"},{"floor":16,"key":"Energy Potion"},{"floor":20,"key":"Energy Potion"},{"floor":31,"key":"Weak Potion"},{"floor":35,"key":"hexamod:EctoCoolerPotion"},{"floor":46,"key":"Fire Potion"},{"floor":47,"key":"Venom Potion"},{"floor":52,"key":"DistilledChaos"}],"is_trial":false,"path_per_floor":["R","$","?","M","M","R","T","M","R","E","M","M","?","M","M","B",null,"R","M","?","M","?","M","T","?","R","$","PTL","PTL","M","M","M","R","M","M","B",null,"R","M","M","M","$","R","T","?","M","?","M","E","R","$","M","B"],"character_chosen":"THE_SPIRIT","items_purchased":["hexamod:SpectersWail","hexamod:ThermalTransfer+1","expansioncontent:QuickStudy","Mummified Hand","ChaosCard","hexamod:SearingWound","Membership Card","Iron Hammer","Juzu Bracelet","Chaos","hexamod:BurningTouch+1","Dota2Spire:MagicBottle","PreservedInsect","ReplayTheSpireMod:Shallot","hexamod:NightmareStrike+1"],"campfire_rested":1,"item_purchase_floors":[2,27,27,27,37,37,42,42,42,42,42,42,51,51,51],"current_hp_per_floor":[77,77,77,75,69,69,69,69,69,63,64,50,53,54,45,25,98,98,88,87,85,88,75,75,75,121,124,124,124,124,104,102,102,96,99,93,140,140,143,146,143,147,147,147,143,152,155,139,142,142,145,149,0,0,0],"gold":76,"neow_bonus":"TEN_PERCENT_HP_BONUS","is_daily":false,"chose_seed":false,"campfire_upgraded":7,"win_rate":0.0,"timestamp":1611675994,"path_taken":["R","$","?","M","M","R","T","?","R","E","M","M","?","M","M","BOSS","R","M","?","?","?","M","T","?","R","$","PTL","PTL","?","M","M","R","M","M","BOSS","R","M","M","?","$","R","T","?","M","?","M","E","R","$","M","BOSS"],"items_purchased_type":["Card","Card","Card","Relic","Card","Card","Relic","Relic","Relic","Card","Card","Relic","Relic","Relic","Card"],"build_version":"2020-12-22","purchased_purges":3,"victory":false,"max_hp_per_floor":[77,77,77,77,77,77,77,77,77,80,83,86,89,92,95,98,98,98,101,104,107,110,113,113,113,123,126,126,126,129,132,135,135,138,141,144,140,140,143,146,149,152,152,152,155,158,161,164,167,167,170,173,173,173,173],"card_choices":[{"not_picked":[],"picked":"DoctorFetus","floor":0},{"not_picked":["hexamod:InspiringFlames","hexamod:ThermalTransfer"],"picked":"hexamod:FastForward","floor":2},{"not_picked":["hexamod:HeatCrush","hexamod:FastForward"],"picked":"hexamod:AdvancingGuard","floor":4},{"not_picked":["hexamod:NightmareStrike","hexamod:HauntingEcho"],"picked":"hexamod:RainOfEmbers","floor":5},{"not_picked":["hexamod:ShieldOfDarkness","hexamod:NightmareStrike+1"],"picked":"hexamod:ThermalTransfer+1","floor":8},{"not_picked":["hexamod:AdvancingGuard","hexamod:HauntingEcho+1"],"picked":"hexamod:WildfireWeapon","floor":10},{"not_picked":["Bomb","hexamod:Firestarter+1"],"picked":"hexamod:DynamicBlow+1","floor":11},{"not_picked":["hexamod:FourthSeal","hexamod:Firestarter+1"],"picked":"hexamod:EmpoweredFlame","floor":12},{"not_picked":["hexamod:SwordOfDarkness+1","hexamod:Rewind"],"picked":"hexamod:ExtraCrispy","floor":14},{"not_picked":["hexamod:InspiringFlames","Bomb"],"picked":"hexamod:SpectersWail+1","floor":15},{"not_picked":["hexamod:ParanormalForm","hexamod:TurnItUp"],"picked":"hexamod:ForkedFlame+1","floor":16},{"not_picked":["hexamod:HauntingEcho+1","hexamod:NightmareStrike+1"],"picked":"hexamod:SpectersWail+1","floor":19},{"not_picked":["hexamod:HauntingEcho+1","hexamod:Firestarter+1"],"picked":"hexamod:NightmareGuise","floor":20},{"not_picked":["hexamod:InspiringFlames","hexamod:HauntingEcho+1"],"picked":"hexamod:ShieldOfDarkness","floor":21},{"not_picked":["hexamod:BacktrackSmack+1","hexamod:HauntingEcho+1"],"picked":"hexamod:Hexaguard","floor":23},{"not_picked":["hexamod:HauntingEcho+1","hexamod:FirstSeal"],"picked":"hexamod:StepThrough+1","floor":27},{"not_picked":["hexamod:DynamicBlow+1","hexamod:ThermalTransfer+1"],"picked":"hexamod:SpectersWail+1","floor":30},{"not_picked":["hexamod:ThermalTransfer+1","hexamod:SixthSeal"],"picked":"hexamod:ChargedBarrage","floor":31},{"not_picked":["hexamod:EtherealExpedition","hexamod:ShieldOfDarkness"],"picked":"hexamod:RetreatToShadows","floor":32},{"not_picked":["hexamod:NightmareStrike+1","hexamod:Firestarter+1"],"picked":"hexamod:PhantomFireball+1","floor":34},{"not_picked":["hexamod:Rewind","hexamod:AdvancingGuard"],"picked":"hexamod:RadiantFlame+1","floor":35},{"not_picked":["hexamod:GhostOfSpirePresent","hexamod:UnlimitedPower"],"picked":"hexamod:GhostflameInferno","floor":36},{"not_picked":["hexamod:Haunt+1","hexamod:SkipABeat+1"],"picked":"hexamod:BacktrackSmack+1","floor":39},{"not_picked":["hexamod:FastForward+1","hexamod:NightmareStrike+1"],"picked":"hexamod:GhostShield","floor":40},{"not_picked":["hexamod:FastForward","hexamod:HeatShield"],"picked":"hexamod:SpectersWail+1","floor":41},{"not_picked":["hexamod:SwordOfDarkness+1","hexamod:PhantomCloak"],"picked":"hexamod:RainOfEmbers+1","floor":42},{"not_picked":["hexamod:GhostflameBarrier+1","hexamod:GhostOfSpirePast"],"picked":"hexamod:HauntingEcho+1","floor":46},{"not_picked":["hexamod:RainOfEmbers+1","hexamod:AdvancingGuard"],"picked":"hexamod:HeatShield+1","floor":46},{"not_picked":["hexamod:RetreatToShadows+1","hexamod:FastForward+1"],"picked":"hexamod:HeatMetal+1","floor":47},{"not_picked":["hexamod:PhantomCloak","hexamod:BacktrackSmack+1"],"picked":"hexamod:SpectersWail+1","floor":48},{"not_picked":["hexamod:FastForward+1","hexamod:ParanormalForm"],"picked":"hexamod:NightmareGuise","floor":48},{"not_picked":["hexamod:SwordOfDarkness+1","hexamod:ShieldOfDarkness"],"picked":"hexamod:RetreatToShadows+1","floor":49},{"not_picked":["hexamod:InspiringFlames","hexamod:AdvancingGuard+1"],"picked":"hexamod:SpectersWail+1","floor":52}],"player_experience":73757,"relics_obtained":[{"floor":7,"key":"Molten Egg 2"},{"floor":10,"key":"Replay:Ringing Soul"},{"floor":20,"key":"MoneyPower"},{"floor":20,"key":"Replay:Bottled Steam"},{"floor":44,"key":"testmod-Acrobat"},{"floor":47,"key":"Whetstone"}],"event_choices":[{"damage_healed":0,"gold_gain":0,"player_choice":"Box","damage_taken":0,"relics_obtained":["Replay:Wax Seal"],"max_hp_gain":0,"max_hp_loss":0,"event_name":"Big Fish","floor":3,"gold_loss":0,"cards_obtained":["Regret"]},{"damage_healed":0,"gold_gain":0,"player_choice":"Stole Relic","damage_taken":0,"relics_obtained":["Incense Burner"],"max_hp_gain":0,"max_hp_loss":0,"event_name":"Addict","floor":22,"gold_loss":0,"cards_obtained":["Pride"]}],"is_beta":false,"boss_relics":[{"not_picked":["bronze:MakeshiftBattery","ReplayTheSpireMod:DimensionalGlitch"],"picked":"construct:ClawGrip"},{"not_picked":[]},{"not_picked":["testmod-KeyOfTheVoid","Cursed Key"],"picked":"MagicMushroom"},{"not_picked":[]}],"items_purged_floors":[37,42,51],"is_endless":false,"potions_floor_spawned":[5,8,12,14,15,16,20,21,30,31,34,35,41,46,49,52],"killed_by":"Delirium","ascension_level":0}}