{"host":"lip44byzewa3adv8","time":1611619914,"event":{"mods":["BaseMod","Curses Come First","Minty Spire (QoL Compilation)","Relic Sorter","Relic Stats","StSLib","Synergy Search"],"gold_per_floor":[114,114,64,79,79,109,109,124,149,149,164,179,194,209,209,309,309,324,31,31,46,46,46],"floor_reached":22,"language":"ENG","playtime":829,"items_purged":["Perfected Strike"],"score":238,"play_id":"6c33f9de-9467-43d8-89d1-381c03b0ad89","local_time":"20210125191154","daily_mods":["Chimera","Time Dilation","Lethality"],"is_ascension_mode":false,"campfire_choices":[{"data":"Thunderclap","floor":10,"key":"SMITH"},{"data":"Double Tap","floor":15,"key":"SMITH"}],"circlet_count":0,"master_deck":["Bash","Survivor","Eruption+1","Clothesline","Disarm","Fire Breathing","Thunderclap+1","Headbutt","Clothesline","Sword Boomerang","Double Tap+1","Demon Form","Shockwave","Double Tap","Dark Embrace","Rupture","Havoc","Shrug It Off","Feel No Pain","Whirlwind"],"relics":["Burning Blood","Darkstone Periapt","Omamori","Medical Kit","Nloth\u0027s Gift"],"acts_visited":["Exordium","TheCity"],"potions_floor_usage":[6,8,11],"damage_taken":[{"damage":0,"enemies":"Cultist","floor":1,"turns":2},{"damage":12,"enemies":"2 Louse","floor":4,"turns":2},{"damage":15,"enemies":"Gremlin Nob","floor":6,"turns":3},{"damage":0,"enemies":"Small Slimes","floor":8,"turns":1},{"damage":7,"enemies":"Exordium Thugs","floor":11,"turns":4},{"damage":24,"enemies":"Exordium Wildlife","floor":12,"turns":3},{"damage":8,"enemies":"Looter","floor":13,"turns":2},{"damage":8,"enemies":"2 Fungi Beasts","floor":14,"turns":3},{"damage":0,"enemies":"Slime Boss","floor":16,"turns":4},{"damage":42,"enemies":"2 Thieves","floor":18,"turns":3},{"damage":16,"enemies":"Chosen","floor":21,"turns":5},{"damage":47,"enemies":"3 Cultists","floor":22,"turns":3}],"seed_played":"7295166269203286773","potions_obtained":[{"floor":1,"key":"FearPotion"},{"floor":4,"key":"DistilledChaos"},{"floor":6,"key":"Strength Potion"},{"floor":8,"key":"Explosive Potion"}],"is_trial":false,"path_per_floor":["M","?","?","M","?","E","?","M","T","R","M","M","M","M","R","B",null,"M","$","?","M","M"],"character_chosen":"IRONCLAD","items_purchased":["Medical Kit","Feel No Pain"],"campfire_rested":0,"item_purchase_floors":[19,19],"current_hp_per_floor":[80,85,85,79,62,53,53,59,59,59,58,40,38,36,36,42,85,49,49,49,39,0,0],"gold":46,"neow_bonus":"","is_daily":true,"chose_seed":false,"campfire_upgraded":2,"win_rate":0.0,"timestamp":1611619914,"path_taken":["M","?","?","M","?","E","?","M","T","R","M","M","M","?","R","BOSS","M","$","?","M","M"],"items_purchased_type":["Relic","Card"],"build_version":"2020-12-22","purchased_purges":1,"victory":false,"max_hp_per_floor":[80,85,85,85,85,85,85,85,85,85,85,85,85,85,85,85,85,85,85,85,85,85,85],"relic_stats":{"Darkstone Periapt":0,"counters":[12,35],"Nloth\u0027s Gift":0,"Medical Kit":[3],"obtain_stats":[{"Darkstone Periapt":6,"Pandora\u0027s Box":17,"Omamori":9,"Nloth\u0027s Gift":20,"Medical Kit":19,"Burning Blood":0},{"Darkstone Periapt":3,"Pandora\u0027s Box":9,"Omamori":4,"Nloth\u0027s Gift":10,"Medical Kit":10,"Burning Blood":0},{"Darkstone Periapt":7,"Pandora\u0027s Box":24,"Omamori":8,"Nloth\u0027s Gift":27,"Medical Kit":27,"Burning Blood":0}],"Burning Blood":60},"card_choices":[{"not_picked":["Bloodletting","Whirlwind"],"picked":"Clothesline","floor":1},{"not_picked":["Pommel Strike","Seeing Red"],"picked":"Disarm","floor":4},{"not_picked":["Power Through","Cleave"],"picked":"Fire Breathing","floor":6},{"not_picked":["Havoc","Clothesline"],"picked":"Thunderclap","floor":8},{"not_picked":["Body Slam","Ghostly Armor"],"picked":"Headbutt","floor":11},{"not_picked":["Blood for Blood","Flex"],"picked":"Clothesline","floor":12},{"not_picked":["Headbutt","Searing Blow"],"picked":"Sword Boomerang","floor":13},{"not_picked":["Iron Wave","Headbutt"],"picked":"Double Tap","floor":14},{"not_picked":["Exhume","Double Tap"],"picked":"Demon Form","floor":16},{"not_picked":["Burning Pact","Heavy Blade+1"],"picked":"Shrug It Off","floor":18},{"not_picked":["Disarm","Body Slam"],"picked":"Whirlwind","floor":21}],"player_experience":762977,"relics_obtained":[{"floor":6,"key":"Darkstone Periapt"},{"floor":9,"key":"Omamori"}],"event_choices":[{"damage_healed":0,"gold_gain":0,"player_choice":"Donut","damage_taken":0,"max_hp_gain":5,"max_hp_loss":0,"event_name":"Big Fish","floor":2,"gold_loss":0},{"cards_removed":["Zap"],"damage_healed":0,"gold_gain":0,"player_choice":"Card Removal","damage_taken":0,"max_hp_gain":0,"max_hp_loss":0,"event_name":"The Cleric","floor":3,"gold_loss":50},{"damage_healed":0,"gold_gain":0,"player_choice":"Entered Light","damage_taken":17,"max_hp_gain":0,"max_hp_loss":0,"event_name":"Shining Light","floor":5,"gold_loss":0,"cards_upgraded":["Strike_B","Defend_P"]},{"damage_healed":0,"gold_gain":0,"player_choice":"Upgraded","damage_taken":0,"max_hp_gain":0,"max_hp_loss":0,"event_name":"Upgrade Shrine","floor":7,"gold_loss":0,"cards_upgraded":["Eruption"]},{"damage_healed":0,"gold_gain":0,"player_choice":"Traded Relic","damage_taken":0,"relics_obtained":["Nloth\u0027s Gift"],"max_hp_gain":0,"max_hp_loss":0,"event_name":"N\u0027loth","floor":20,"relics_lost":["Pandora\u0027s Box"],"gold_loss":0}],"is_beta":false,"boss_relics":[{"not_picked":["Fusion Hammer","Sozu"],"picked":"Pandora\u0027s Box"}],"items_purged_floors":[19],"is_endless":false,"potions_floor_spawned":[1,4,6,8],"killed_by":"3 Cultists","ascension_level":0}}