{"host":"l5zfpd2l2htson6l","time":1611646853,"event":{"mods":["AchievementEnabler","BaseMod","Colored Map","Colored Powertips","Minty Spire (QoL Compilation)","Permanent Neow","Quick Restart","Rare Cards Sparkle","Relic Stats","SuperFastMode"],"gold_per_floor":[219,219,219,17,37,67,67,86,86,117,117,134,148,179,179,280,280,300,311,323,335,335,335],"floor_reached":22,"language":"ENG","playtime":2434,"items_purged":[],"score":239,"play_id":"b74805f5-afe1-4657-9383-e6dce7aaecae","local_time":"20210125234053","is_ascension_mode":true,"campfire_choices":[{"data":"Whirlwind","floor":7.0,"key":"SMITH"},{"data":"Uppercut","floor":11.0,"key":"SMITH"},{"data":"Rage","floor":15.0,"key":"SMITH"}],"circlet_count":0,"master_deck":["Strike_R","Strike_R","Strike_R","Strike_R","Defend_R","Defend_R","Defend_R","Defend_R","Bash","Rampage+1","Dropkick","Headbutt","Whirlwind+1","Uppercut+1","Burning Pact","Rage+1","Warcry","Shrug It Off","Fiend Fire","Iron Wave+1","Ghostly Armor","Disarm+1"],"relics":["Burning Blood","Unceasing Top","Self Forming Clay","Akabeko","Ice Cream","SlaversCollar"],"acts_visited":["Exordium","TheCity"],"potions_floor_usage":[],"damage_taken":[{"damage":7.0,"enemies":"Small Slimes","floor":1.0,"turns":4.0},{"damage":9.0,"enemies":"Jaw Worm","floor":5.0,"turns":5.0},{"damage":15.0,"enemies":"3 Sentries","floor":6.0,"turns":5.0},{"damage":0.0,"enemies":"2 Louse","floor":8.0,"turns":2.0},{"damage":27.0,"enemies":"Gremlin Nob","floor":10.0,"turns":4.0},{"damage":3.0,"enemies":"Looter","floor":12.0,"turns":2.0},{"damage":3.0,"enemies":"Exordium Wildlife","floor":13.0,"turns":3.0},{"damage":29.0,"enemies":"3 Sentries","floor":14.0,"turns":8.0},{"damage":14.0,"enemies":"The Guardian","floor":16.0,"turns":8.0},{"damage":20.0,"enemies":"Spheric Guardian","floor":18.0,"turns":6.0},{"damage":24.0,"enemies":"Shell Parasite","floor":19.0,"turns":7.0},{"damage":6.0,"enemies":"Centurion and Healer","floor":20.0,"turns":6.0},{"damage":4.0,"enemies":"Snecko","floor":21.0,"turns":5.0},{"damage":56,"enemies":"Sentry and Sphere","floor":22,"turns":7}],"seed_played":"-4939455251112010021","potions_obtained":[{"floor":6.0,"key":"Swift Potion"},{"floor":8.0,"key":"PowerPotion"},{"floor":12.0,"key":"CultistPotion"},{"floor":16.0,"key":"Regen Potion"}],"is_trial":false,"path_per_floor":["M","?","?","$","M","E","R","M","T","E","R","M","M","E","R","B",null,"M","M","M","M","M"],"character_chosen":"IRONCLAD","items_purchased":["Dropkick","Explosive Potion","LiquidMemories"],"campfire_rested":0,"item_purchase_floors":[4,4,4],"current_hp_per_floor":[79,79,72,72,69,60,60,66,66,45,45,48,51,28,28,20,80,66,48,48,50,0,0],"gold":335,"neow_bonus":"HUNDRED_GOLD","is_daily":false,"chose_seed":false,"campfire_upgraded":3,"win_rate":0.0,"timestamp":1611646853,"path_taken":["M","?","?","$","M","E","R","?","T","E","R","M","M","E","R","BOSS","M","M","M","M","M"],"items_purchased_type":["Card","Potion","Potion"],"build_version":"2020-12-22","purchased_purges":0,"victory":false,"max_hp_per_floor":[80,80,80,80,80,80,80,80,80,80,80,80,80,80,80,80,80,80,80,80,80,80,80],"relic_stats":{"counters":[14,72],"Self Forming Clay":[87],"obtain_stats":[{"Ice Cream":14,"SlaversCollar":17,"Self Forming Clay":9,"Burning Blood":0,"Unceasing Top":6,"Akabeko":10},{"Ice Cream":8,"SlaversCollar":9,"Self Forming Clay":4,"Burning Blood":0,"Unceasing Top":3,"Akabeko":5},{"Ice Cream":33,"SlaversCollar":41,"Self Forming Clay":16,"Burning Blood":0,"Unceasing Top":14,"Akabeko":20}],"Burning Blood":78,"Unceasing Top":[1]},"card_choices":[{"not_picked":["Sword Boomerang","Twin Strike"],"picked":"Rampage","floor":1.0},{"not_picked":["Havoc","Searing Blow"],"picked":"Headbutt","floor":5.0},{"not_picked":["Warcry","Anger"],"picked":"Whirlwind","floor":6.0},{"not_picked":["Shockwave","Pommel Strike"],"picked":"Uppercut","floor":8.0},{"not_picked":["True Grit","Sentinel"],"picked":"Burning Pact","floor":10.0},{"not_picked":["Immolate","Rampage"],"picked":"Rage","floor":12.0},{"not_picked":["Burning Pact","Wild Strike"],"picked":"Warcry","floor":13.0},{"not_picked":["Thunderclap","Reaper"],"picked":"Shrug It Off","floor":14.0},{"not_picked":["Exhume","Feed"],"picked":"Fiend Fire","floor":16.0},{"not_picked":["Anger","Perfected Strike"],"picked":"Iron Wave+1","floor":18.0},{"not_picked":["Thunderclap","Wild Strike"],"picked":"Ghostly Armor","floor":19.0},{"not_picked":["True Grit","Clothesline"],"picked":"Disarm+1","floor":20.0},{"not_picked":["Armaments","Iron Wave+1","Pommel Strike"],"picked":"SKIP","floor":21.0}],"player_experience":679511,"relics_obtained":[{"floor":6.0,"key":"Unceasing Top"},{"floor":9.0,"key":"Self Forming Clay"},{"floor":10.0,"key":"Akabeko"},{"floor":14.0,"key":"Ice Cream"}],"event_choices":[{"damage_healed":0.0,"max_hp_gain":0.0,"max_hp_loss":0.0,"gold_gain":0.0,"event_name":"Living Wall","player_choice":"Grow","floor":2.0,"gold_loss":0.0,"damage_taken":0.0,"cards_upgraded":["Rampage"]},{"cards_removed":["Strike_R"],"damage_healed":0.0,"max_hp_gain":0.0,"max_hp_loss":0.0,"gold_gain":0.0,"event_name":"Golden Wing","player_choice":"Card Removal","floor":3.0,"gold_loss":0.0,"damage_taken":7.0}],"is_beta":false,"boss_relics":[{"not_picked":["Tiny House","Ectoplasm"],"picked":"SlaversCollar"}],"items_purged_floors":[],"is_endless":false,"potions_floor_spawned":[6,8,12,16,19,20],"killed_by":"Sentry and Sphere","ascension_level":3}}