{"host":"bpkhhmvsfrvlto2l","time":1611687126,"event":{"mods":["2.2 Compatiblity","AchievementEnabler","Act Like it!","AlwaysNeverKeys","Aspiration","BaseMod","Better Silent Start","Challenge The Spire","Colored Map","Colored Powertips","Custom Start","Energized Spire","Friendly Minions","GifTheSpireLib","Halation","Hubris","Infinite Spire","Ironclad Rager","Mimic Mod","Minty Spire (QoL Compilation)","Permanent Neow","Quick Restart","Random Character Button","Relic Sorter","Replay The Spire","Spikes Relics","StSLib","Stuff the Spire","Swap Starting Deck Mod","Trackpad"],"gold_per_floor":[119,119,138,138,138,138,152,152,183,202,215,58,84,84,84,182,182,169,181,181,280,290,290,317,317,342,342,368,388,388,388,388,486,486,503,526,526,543,561,561,561,561],"floor_reached":41,"language":"ENG","playtime":3157,"items_purged":["Entrench"],"score":739,"play_id":"9023d2a3-c814-4c5c-8526-dcba51fbbe41","local_time":"20210126135206","is_ascension_mode":true,"campfire_choices":[{"data":"Iron Wave","floor":6,"key":"SMITH"},{"data":"Iron Wave","floor":8,"key":"SMITH"},{"data":"Iron Wave","floor":15,"key":"SMITH"},{"data":"Iron Wave","floor":23,"key":"SMITH"},{"data":"Iron Wave","floor":25,"key":"SMITH"},{"data":"Entrench","floor":27,"key":"SMITH"},{"data":"Replay:Fractal Strike","floor":32,"key":"SMITH"},{"data":"Entrench","floor":40,"key":"SMITH"}],"circlet_count":0,"master_deck":["Iron Wave+1","Iron Wave+1","Iron Wave+1","Iron Wave+1","Iron Wave+1","Entrench+1","Entrench+1","Entrench+1","Barricade+1","Replay:Fractal Strike+1"],"relics":["Black Blood","ReplayTheSpireMod:TigerMarble","Tiny Chest","trackpad:IceCube","aspiration:HummingbirdHeart","Toxic Egg 2","StuffTheSpire:GrapeVine","Lantern","trackpad:WritersBlock","Regal Pillow"],"acts_visited":["Exordium","TheCity","TheBeyond"],"potions_floor_usage":[10,16,16,18,33,33,35,41],"damage_taken":[{"damage":15,"enemies":"Jaw Worm","floor":1,"turns":8},{"damage":0,"enemies":"Cultist","floor":3,"turns":5},{"damage":0,"enemies":"Small Slimes","floor":7,"turns":5},{"damage":1,"enemies":"Gremlin Gang","floor":9,"turns":13},{"damage":3,"enemies":"Gremlin Gang","floor":10,"turns":7},{"damage":9,"enemies":"3 Louse","floor":11,"turns":4},{"damage":3,"enemies":"3 Sentries","floor":13,"turns":10},{"damage":4,"enemies":"Slime Boss","floor":16,"turns":24},{"damage":0,"enemies":"2 Thieves","floor":18,"turns":4},{"damage":0,"enemies":"Shell Parasite","floor":19,"turns":13},{"damage":25,"enemies":"Sentry and Sphere","floor":22,"turns":16},{"damage":6,"enemies":"Slavers","floor":24,"turns":23},{"damage":0,"enemies":"Book of Stabbing","floor":28,"turns":9},{"damage":0,"enemies":"3 Cultists","floor":29,"turns":10},{"damage":35,"enemies":"hubris:MusketHawk","floor":33,"turns":9},{"damage":0,"enemies":"3 Darklings","floor":35,"turns":11},{"damage":0,"enemies":"Orb Walker","floor":38,"turns":5},{"damage":0,"enemies":"Transient","floor":39,"turns":5},{"damage":69,"enemies":"2 Orb Walkers","floor":41,"turns":6}],"seed_played":"7339239533039405711","potions_obtained":[{"floor":3,"key":"SkillPotion"},{"floor":10,"key":"Fruit Juice"},{"floor":11,"key":"Block Potion"},{"floor":13,"key":"Elixir"},{"floor":18,"key":"FearPotion"},{"floor":24,"key":"SteroidPotion"},{"floor":29,"key":"AttackPotion"},{"floor":38,"key":"Languid Potion"}],"is_trial":false,"path_per_floor":["M","?","M","?","?","R","M","R","MIM","M","M","$","E","T","R","B",null,"M","M","$","?","M","R","E","R","T","R","E","M","AVR","?","R","B",null,"M","T","?","M","M","R","?"],"character_chosen":"IRONCLAD","items_purchased":["Tiny Chest"],"campfire_rested":0,"item_purchase_floors":[12],"current_hp_per_floor":[51,51,57,57,51,51,57,57,60,65,62,62,65,65,65,65,65,65,65,65,65,52,52,58,58,58,58,65,65,65,65,65,42,59,65,65,65,65,65,65,0,0],"gold":561,"neow_bonus":"","is_daily":false,"chose_seed":false,"campfire_upgraded":8,"win_rate":0.0,"timestamp":1611687126,"path_taken":["M","?","?","?","?","R","?","R","MIM","M","M","$","E","?","R","BOSS","M","M","$","?","M","R","E","R","T","R","E","M","AVR","?","R","BOSS","M","?","?","M","M","R","?"],"items_purchased_type":["Relic"],"build_version":"2020-12-22","purchased_purges":1,"victory":false,"max_hp_per_floor":[60,60,60,60,60,60,60,60,60,65,65,65,65,65,65,65,65,65,65,65,65,65,65,65,65,65,65,65,65,65,65,65,65,65,65,65,65,65,65,65,65,65],"card_choices":[{"not_picked":["Hemokinesis","Perfected Strike","Massacre"],"picked":"SKIP","floor":7}],"player_experience":126535,"relics_obtained":[{"floor":9,"key":"ReplayTheSpireMod:TigerMarble"},{"floor":13,"key":"trackpad:IceCube"},{"floor":14,"key":"aspiration:HummingbirdHeart"},{"floor":24,"key":"Toxic Egg 2"},{"floor":26,"key":"StuffTheSpire:GrapeVine"},{"floor":28,"key":"Lantern"},{"floor":36,"key":"Regal Pillow"}],"event_choices":[{"damage_healed":0,"gold_gain":0,"player_choice":"Upgraded","damage_taken":0,"max_hp_gain":0,"max_hp_loss":0,"event_name":"Upgrade Shrine","floor":2,"gold_loss":0,"cards_upgraded":["Barricade"]},{"damage_healed":0,"gold_gain":0,"player_choice":"Damaged","damage_taken":6,"max_hp_gain":0,"max_hp_loss":0,"event_name":"Wheel of Change","floor":5,"gold_loss":0},{"damage_healed":0,"gold_gain":99,"player_choice":"Stole From Cult","damage_taken":0,"max_hp_gain":0,"max_hp_loss":0,"event_name":"Nest","floor":21,"gold_loss":0},{"damage_healed":0,"gold_gain":0,"player_choice":"Ignored","damage_taken":0,"max_hp_gain":0,"max_hp_loss":0,"event_name":"The Mausoleum","floor":31,"gold_loss":0},{"damage_healed":0,"gold_gain":0,"player_choice":"Memory 1","damage_taken":0,"max_hp_gain":0,"max_hp_loss":0,"event_name":"SensoryStone","floor":37,"gold_loss":0},{"damage_healed":0,"gold_gain":0,"player_choice":"Fight","damage_taken":0,"max_hp_gain":0,"max_hp_loss":0,"event_name":"Mysterious Sphere","floor":41,"gold_loss":0}],"is_beta":false,"boss_relics":[{"not_picked":["infinitespire:Burning Sword","energizedSpire:CursedPentagram"],"picked":"Black Blood"},{"not_picked":["Replay:Grab Bag","energizedSpire:HugeHouse","ReplayTheSpireMod:SealedPack"]}],"items_purged_floors":[30],"is_endless":false,"potions_floor_spawned":[3,10,11,13,18,24,29,38],"killed_by":"2 Orb Walkers","ascension_level":7}}