{"host":"d9m9v0h6vo0edadb","time":1611680126,"event":{"mods":["BaseMod","Hermit","Keyboard Shortcuts","Minty Spire (QoL Compilation)","StSLib","SuperFastMode","The Cursed"],"gold_per_floor":[118,134,145,155,169,169,189,189,215,215,246,266,281,297,297,371,371,388,145,159,159,159,159],"floor_reached":22,"language":"KOR","playtime":359,"items_purged":["Strike_G"],"score":384,"play_id":"ae27bdad-9d3b-4653-8f80-8d3d46ee3f48","local_time":"20210127015526","is_ascension_mode":true,"campfire_choices":[{"data":"Blade Dance","floor":6.0,"key":"SMITH"},{"data":"Panache","floor":10.0,"key":"SMITH"},{"floor":15,"key":"REST"}],"circlet_count":0,"master_deck":["AscendersBane","Strike_G","Strike_G","Strike_G","Strike_G","Defend_G","Defend_G","Defend_G","Defend_G","Defend_G","Survivor","Neutralize","Panache+1","Deflect","Poisoned Stab","Blade Dance+1","Accuracy+1","Backstab","Backflip","Malaise","Blade Dance+1"],"relics":["Ring of the Snake","Blood Vial","Bottled Lightning","HoveringKite","DollysMirror"],"acts_visited":["Exordium","TheCity"],"potions_floor_usage":[16],"damage_taken":[{"damage":6.0,"enemies":"Cultist","floor":1.0,"turns":5.0},{"damage":2.0,"enemies":"Small Slimes","floor":2.0,"turns":6.0},{"damage":0.0,"enemies":"2 Louse","floor":3.0,"turns":4.0},{"damage":6.0,"enemies":"Exordium Thugs","floor":4.0,"turns":3.0},{"damage":7.0,"enemies":"2 Fungi Beasts","floor":5.0,"turns":5.0},{"damage":6.0,"enemies":"Exordium Wildlife","floor":7.0,"turns":4.0},{"damage":10.0,"enemies":"Lagavulin","floor":11.0,"turns":6.0},{"damage":7,"enemies":"Large Slime","floor":12,"turns":4},{"damage":12,"enemies":"2 Fungi Beasts","floor":13,"turns":3},{"damage":0,"enemies":"Blue Slaver","floor":14,"turns":1},{"damage":20,"enemies":"The Guardian","floor":16,"turns":11},{"damage":9,"enemies":"3 Byrds","floor":18,"turns":4},{"damage":4,"enemies":"Shell Parasite","floor":20,"turns":6},{"damage":51,"enemies":"Cultist and Chosen","floor":22,"turns":5}],"seed_played":"8292493232319671910","potions_obtained":[{"floor":1.0,"key":"CunningPotion"},{"floor":5.0,"key":"SteroidPotion"},{"floor":7.0,"key":"Energy Potion"}],"is_trial":false,"path_per_floor":["M","M","M","M","M","R","M","?","T","R","E","M","M","M","R","B",null,"M","$","M","?","M"],"character_chosen":"THE_SILENT","items_purchased":["DollysMirror"],"campfire_rested":1,"item_purchase_floors":[19],"current_hp_per_floor":[53,51,51,45,38,38,32,32,32,32,24,19,9,11,29,11,48,41,41,39,39,0,0],"gold":159,"neow_bonus":"RANDOM_COLORLESS_2","is_daily":false,"chose_seed":false,"campfire_upgraded":2,"win_rate":0.0,"timestamp":1611680126,"path_taken":["M","M","M","M","?","R","M","?","T","R","E","M","?","M","R","BOSS","M","$","M","?","M"],"items_purchased_type":["Relic"],"build_version":"2020-12-22","purchased_purges":1,"victory":false,"max_hp_per_floor":[60,60,60,60,60,60,60,60,60,60,60,60,60,60,60,60,60,60,60,60,60,60,60],"card_choices":[{"not_picked":["Metamorphosis","Secret Weapon"],"picked":"Panache","floor":0.0},{"not_picked":["Bane","Leg Sweep"],"picked":"Deflect","floor":1.0},{"not_picked":["Skewer","Sucker Punch"],"picked":"Poisoned Stab","floor":2.0},{"not_picked":["Backflip","Bouncing Flask"],"picked":"Blade Dance","floor":3.0},{"not_picked":["Doppelganger","Slice"],"picked":"Accuracy","floor":4.0},{"not_picked":["Setup","Heel Hook"],"picked":"Backstab","floor":5.0},{"not_picked":["Outmaneuver","Sucker Punch"],"picked":"Backflip","floor":7.0},{"not_picked":["Dash","Dodge and Roll","Night Terror"],"picked":"SKIP","floor":11},{"not_picked":["Sucker Punch","Heel Hook","Dodge and Roll"],"picked":"SKIP","floor":12},{"not_picked":["Outmaneuver","Heel Hook","Quick Slash"],"picked":"SKIP","floor":13},{"not_picked":["Bouncing Flask","Backstab","Setup"],"picked":"SKIP","floor":14},{"not_picked":["Corpse Explosion","Doppelganger"],"picked":"Malaise","floor":16},{"not_picked":["Flying Knee","Outmaneuver","Flechettes"],"picked":"SKIP","floor":18},{"not_picked":["Backstab","Quick Slash","Dodge and Roll"],"picked":"SKIP","floor":20}],"player_experience":990566,"relics_obtained":[{"floor":9.0,"key":"Blood Vial"},{"floor":11,"key":"Bottled Lightning"}],"event_choices":[{"damage_healed":0.0,"max_hp_gain":0.0,"max_hp_loss":0.0,"gold_gain":0.0,"event_name":"Accursed Blacksmith","player_choice":"Forge","floor":8.0,"gold_loss":0.0,"damage_taken":0.0,"cards_upgraded":["Accuracy"]},{"damage_healed":0,"gold_gain":0,"player_choice":"Ignored","damage_taken":0,"max_hp_gain":0,"max_hp_loss":0,"event_name":"The Mausoleum","floor":21,"gold_loss":0}],"is_beta":false,"boss_relics":[{"not_picked":["Sozu","Runic Dome"],"picked":"HoveringKite"}],"items_purged_floors":[19],"is_endless":false,"potions_floor_spawned":[1,5,7,12,14],"killed_by":"Cultist and Chosen","ascension_level":20}}