{"host":"Jedit","time":1611703099,"event":{"mods":["BaseMod","Downfall","Minty Spire (QoL Compilation)","Relic Stats","StSLib"],"gold_per_floor":[99,110,22,22,32,67,67,67,94,112,12,31,31,58,76,176,176,76,93,93,78,178,9,9,109,122,134,34,51,51,86,99,197,197,197,217,230,248,18,18,18,18,3,3,23,38,38,55,70,70,70,70,70,70],"floor_reached":52,"language":"ENG","playtime":4044,"items_purged":[],"score":1079,"play_id":"89697285-0c12-4178-bcee-d3a5734fa5d1","local_time":"20210126231819","is_ascension_mode":true,"campfire_choices":[{"floor":1,"key":"RECALL"},{"data":"Guardian:Suspension","floor":8,"key":"SMITH"},{"data":"Guardian:ChargeCore","floor":11,"key":"SMITH"},{"data":"Guardian:ChargeUp","floor":13,"key":"SMITH"},{"data":"Guardian:Incinerate","floor":18,"key":"SMITH"},{"floor":28,"key":"REST"},{"data":"Guardian:TwinSlam","floor":30,"key":"SMITH"},{"data":"Guardian:FierceBash","floor":35,"key":"SMITH"},{"floor":42,"key":"REST"}],"circlet_count":0,"master_deck":["AscendersBane","Guardian:Defend_Guardian","Guardian:Defend_Guardian","Guardian:CurlUp","Guardian:TwinSlam+1","Guardian:ChargeUp+1","Guardian:StasisStrike","Guardian:ChargeUp","Guardian:Suspension+1","Guardian:ChargeCore+1","Guardian:TemporalShield+1","Guardian:Incinerate+1","Guardian:ShieldCharger+1","Guardian:StasisField+1","Guardian:TimeCapacitor+1","Guardian:Suspension+1","Guardian:VentSteam+1","Guardian:FuturePlans+1","Guardian:Planning+1","Guardian:PolyBeam","J.A.X.+1","Guardian:Incinerate+1","Regret","downfall:Haunted","downfall:Malfunctioning","Guardian:Suspension+1","Guardian:FierceBash+1","Guardian:SpikerProtocol+1","Guardian:StasisStrike","Guardian:Planning+1","Guardian:DecasProtection+1","Guardian:Reroute","Guardian:WalkerClaw","Guardian:Gem_Cyan","Guardian:Recover+1","Guardian:Reroute+1","Guardian:Planning+1","Guardian:ShieldCharger+1","Guardian:ShieldCharger+1"],"relics":["Calling Bell","Anchor","Pear","Turnip","Guardian:PocketSentry","Toxic Egg 2","downfall:HeartBlessingRed","Shuriken","Astrolabe","downfall:HeartBlessingGreen","Nloth\u0027s Gift","MutagenicStrength","downfall:ExtraCursedKey","downfall:HeartBlessingBlue","hexamod:CandleOfCauterizing","Snecko Eye","Guardian:BottledStasis"],"acts_visited":["Exordium","TheCity","TheBeyond","TheEnding"],"potions_floor_usage":[14,16,22,27,29,31,37,46,50],"damage_taken":[{"damage":10,"enemies":"Cultist","floor":2,"turns":5},{"damage":0,"enemies":"downfall:FleeingMerchant","floor":3,"turns":4},{"damage":5,"enemies":"Small Slimes","floor":5,"turns":4},{"damage":15,"enemies":"3 Sentries","floor":6,"turns":9},{"damage":2,"enemies":"Lagavulin","floor":9,"turns":5},{"damage":0,"enemies":"Jaw Worm","floor":10,"turns":3},{"damage":0,"enemies":"Red Slaver","floor":12,"turns":4},{"damage":0,"enemies":"Gremlin Nob","floor":14,"turns":4},{"damage":0,"enemies":"2 Fungi Beasts","floor":15,"turns":3},{"damage":19,"enemies":"DF_ARCHETYPE_STREAMLINE","floor":16,"turns":11},{"damage":0,"enemies":"Chosen","floor":19,"turns":5},{"damage":0,"enemies":"downfall:FleeingMerchant","floor":21,"turns":4},{"damage":2,"enemies":"downfall:Augmenter","floor":22,"turns":7},{"damage":3,"enemies":"downfall:FleeingMerchant","floor":23,"turns":4},{"damage":13,"enemies":"Spheric Guardian","floor":26,"turns":5},{"damage":15,"enemies":"Snecko","floor":27,"turns":5},{"damage":18,"enemies":"Centurion and Healer","floor":29,"turns":5},{"damage":14,"enemies":"Slavers","floor":31,"turns":4},{"damage":10,"enemies":"Shelled Parasite and Fungi","floor":32,"turns":5},{"damage":19,"enemies":"IC_MUSHROOM_ARCHETYPE","floor":33,"turns":7},{"damage":11,"enemies":"Orb Walker","floor":36,"turns":5},{"damage":32,"enemies":"3 Shapes","floor":37,"turns":4},{"damage":38,"enemies":"3 Darklings","floor":38,"turns":8},{"damage":0,"enemies":"downfall:FleeingMerchant","floor":39,"turns":4},{"damage":6,"enemies":"downfall:FleeingMerchant","floor":43,"turns":4},{"damage":0,"enemies":"Spire Growth","floor":45,"turns":3},{"damage":0,"enemies":"4 Shapes","floor":46,"turns":6},{"damage":8,"enemies":"Jaw Worm Horde","floor":48,"turns":4},{"damage":5,"enemies":"Sphere and 2 Shapes","floor":49,"turns":6},{"damage":40,"enemies":"WA_ARCHETYPE_DIVINITY","floor":50,"turns":11},{"damage":118,"enemies":"downfall:CharBossMerchant","floor":52,"turns":8}],"seed_played":"-1646848957264616038","potions_obtained":[{"floor":6,"key":"Guardian:DefensiveModePotion"},{"floor":9,"key":"hexamod:SoulburnPotion"},{"floor":10,"key":"hexamod:SoulburnPotion"},{"floor":15,"key":"Guardian:AcceleratePotion"},{"floor":16,"key":"LiquidBronze"},{"floor":19,"key":"ColorlessPotion"},{"floor":26,"key":"Swift Potion"},{"floor":27,"key":"SkillPotion"},{"floor":32,"key":"DuplicationPotion"},{"floor":36,"key":"EssenceOfSteel"},{"floor":37,"key":"CultistPotion"},{"floor":46,"key":"Guardian:AcceleratePotion"}],"is_trial":false,"path_per_floor":["R","M","$","?","M","E","T","R","E","M","R","M","R","E","M","B",null,"R","M","?","$","?","$","T","?","M","M","R","M","R","E","M","B",null,"R","M","M","M","$","?","T","R","$","?","M","M","?","M","M","B",null,"E"],"character_chosen":"GUARDIAN","items_purchased":["Guardian:ChargeUp","Guardian:Gem_Synthetic","Guardian:Reroute","Guardian:BottledStasis","Guardian:WalkerClaw"],"campfire_rested":2,"item_purchase_floors":[3,23,39,39,39],"current_hp_per_floor":[82,72,72,72,67,52,52,52,50,50,50,50,50,50,50,31,75,75,75,75,75,73,70,70,75,62,47,88,70,70,56,46,27,86,86,75,43,5,5,5,5,36,30,115,115,115,115,107,102,62,102,0,0,0],"gold":70,"neow_bonus":"BOSS_RELIC","is_daily":false,"chose_seed":false,"campfire_upgraded":6,"win_rate":0.0,"timestamp":1611703099,"path_taken":["R","M","$","?","M","E","T","R","E","M","R","M","R","E","M","BOSS","R","M","?","$","?","$","T","?","M","?","R","M","R","E","M","BOSS","R","M","M","M","$","?","T","R","$","?","M","?","?","M","M","BOSS","E"],"items_purchased_type":["Card","Card","Card","Relic","Card"],"build_version":"2020-12-18","purchased_purges":0,"victory":false,"max_hp_per_floor":[90,90,90,90,90,90,90,90,90,90,90,90,90,90,90,90,90,90,90,90,90,90,90,90,95,95,95,105,105,105,105,105,105,105,105,105,105,105,105,105,105,105,105,115,115,115,115,115,115,115,115,115,115,115],"relic_stats":{"counters":[31,163],"Shuriken":[21],"Astrolabe":["Guardian:TimeCapacitor","Guardian:Suspension","Guardian:VentSteam"],"Snecko Eye":[110,118,116,91],"Turnip":[16],"Nloth\u0027s Gift":2,"obtain_stats":[{"Guardian:BottledStasis":39,"hexamod:CandleOfCauterizing":31,"Pear":0,"downfall:HeartBlessingRed":11,"Astrolabe":17,"Guardian:ModeShifter":0,"downfall:HeartBlessingGreen":18,"Guardian:PocketSentry":6,"Calling Bell":0,"Anchor":0,"Shuriken":14,"downfall:HeartBlessingBlue":28,"MutagenicStrength":22,"Snecko Eye":34,"Turnip":0,"downfall:ExtraCursedKey":25,"Nloth\u0027s Gift":20,"Toxic Egg 2":9,"StrikeDummy":7},{"Guardian:BottledStasis":24,"hexamod:CandleOfCauterizing":18,"Pear":0,"downfall:HeartBlessingRed":6,"Astrolabe":10,"Guardian:ModeShifter":0,"downfall:HeartBlessingGreen":10,"Guardian:PocketSentry":4,"Calling Bell":0,"Anchor":0,"Shuriken":8,"downfall:HeartBlessingBlue":16,"MutagenicStrength":13,"Snecko Eye":20,"Turnip":0,"downfall:ExtraCursedKey":14,"Nloth\u0027s Gift":11,"Toxic Egg 2":5,"StrikeDummy":4},{"Guardian:BottledStasis":121,"hexamod:CandleOfCauterizing":90,"Pear":0,"downfall:HeartBlessingRed":30,"Astrolabe":51,"Guardian:ModeShifter":0,"downfall:HeartBlessingGreen":51,"Guardian:PocketSentry":22,"Calling Bell":0,"Anchor":0,"Shuriken":37,"downfall:HeartBlessingBlue":81,"MutagenicStrength":67,"Snecko Eye":102,"Turnip":0,"downfall:ExtraCursedKey":71,"Nloth\u0027s Gift":56,"Toxic Egg 2":27,"StrikeDummy":22}]},"card_choices":[{"not_picked":["Guardian:VentSteam","Guardian:FuturePlans"],"picked":"Guardian:ChargeUp","floor":2},{"not_picked":["Guardian:Emergency","Guardian:BodySlam"],"picked":"Guardian:StasisStrike","floor":3},{"not_picked":["Guardian:VentSteam","Guardian:TemporalStrike"],"picked":"Guardian:Suspension","floor":5},{"not_picked":["Guardian:TemporalStrike","Guardian:EvasiveProtocol"],"picked":"Guardian:Gem_Lightblue","floor":6},{"not_picked":["Guardian:BronzeOrb","Guardian:PolyBeam"],"picked":"Guardian:Gem_Green","floor":9},{"not_picked":["Guardian:WalkerClaw","Guardian:RollAttack"],"picked":"Guardian:ChargeCore","floor":10},{"not_picked":["Guardian:PrismaticBeam","Guardian:PolyBeam"],"picked":"Guardian:TemporalShield+1","floor":12},{"not_picked":["Guardian:ShieldCharger+1","Guardian:CompilePackage+1"],"picked":"Guardian:Incinerate","floor":14},{"not_picked":["Guardian:PiercingHide+1","Guardian:MultiBeam"],"picked":"Guardian:ShieldCharger+1","floor":15},{"not_picked":["Guardian:AncientConstruct","Guardian:FastForward+1"],"picked":"Guardian:StasisField+1","floor":16},{"not_picked":["Guardian:WalkerClaw+1","Guardian:CrystalBeam"],"picked":"Guardian:FuturePlans+1","floor":19},{"not_picked":["Guardian:WalkerClaw","Guardian:ArmoredProtocol"],"picked":"Guardian:Planning+1","floor":21},{"not_picked":[],"picked":"J.A.X.+1","floor":22},{"not_picked":["Guardian:Reroute","Guardian:BodySlam"],"picked":"Guardian:Gem_Crimson","floor":22},{"not_picked":["Guardian:Suspension+1","Guardian:PrismaticBarrier+1"],"picked":"Guardian:Incinerate+1","floor":23},{"not_picked":["Guardian:Gem_Green","Guardian:Gem_Cyan"],"picked":"Guardian:Gem_Red","floor":26},{"not_picked":["Guardian:Planning+1","Guardian:PrismaticBeam"],"picked":"Guardian:Gem_Red","floor":26},{"not_picked":["Guardian:Gem_Lightblue","Guardian:Gem_Green"],"picked":"Guardian:Gem_Cyan","floor":27},{"not_picked":["Guardian:RefractedBeam","Guardian:Gem_Green"],"picked":"Guardian:Suspension+1","floor":27},{"not_picked":["Guardian:Gem_Cyan","Guardian:Gem_Red"],"picked":"Guardian:Gem_Lightblue","floor":29},{"not_picked":["Guardian:RollAttack","Guardian:Gem_Lightblue"],"picked":"Guardian:Gem_White","floor":29},{"not_picked":["Guardian:PrismaticBarrier+1","Guardian:PrismaticBeam"],"picked":"Guardian:Gem_Blue","floor":31},{"not_picked":["Guardian:Gem_Lightblue","Guardian:Gem_Cyan"],"picked":"Guardian:Gem_Green","floor":32},{"not_picked":["Guardian:WalkerClaw","Guardian:TimeCapacitor"],"picked":"Guardian:Gem_Lightblue","floor":32},{"not_picked":["Guardian:Gem_Lightblue","Guardian:Gem_Green"],"picked":"Guardian:Gem_Red","floor":33},{"not_picked":["Guardian:Gem_Synthetic","Guardian:SphericShield+1"],"picked":"Guardian:FierceBash","floor":33},{"not_picked":["Guardian:Recover+1","Guardian:Gem_Cyan"],"picked":"Guardian:SpikerProtocol+1","floor":36},{"not_picked":["Guardian:EvasiveProtocol","Guardian:ArmoredProtocol"],"picked":"Guardian:StasisStrike","floor":37},{"not_picked":["Guardian:TemporalShield+1","Guardian:WalkerClaw+1"],"picked":"Guardian:Planning+1","floor":38},{"not_picked":["Guardian:Clone+1","Guardian:Emergency+1"],"picked":"Guardian:DecasProtection+1","floor":39},{"not_picked":["Guardian:Gem_Red","Guardian:Gem_Lightblue"],"picked":"Guardian:Gem_Cyan","floor":43},{"not_picked":["Guardian:TimeBomb+1","Guardian:GatlingBeam"],"picked":"Guardian:Recover+1","floor":43},{"not_picked":["Guardian:Harden+1","Guardian:Gem_Red"],"picked":"Guardian:Reroute+1","floor":45},{"not_picked":["Guardian:Suspension+1","Guardian:Reroute"],"picked":"Guardian:Planning+1","floor":46},{"not_picked":["Guardian:GuardianWhirl","Guardian:TemporalStrike"],"picked":"Guardian:ShieldCharger+1","floor":48},{"not_picked":["Guardian:TimeCapacitor","Guardian:ExploitGems+1"],"picked":"Guardian:ShieldCharger+1","floor":49}],"player_experience":3700164,"relics_obtained":[{"floor":0,"key":"Anchor"},{"floor":0,"key":"Pear"},{"floor":0,"key":"Turnip"},{"floor":6,"key":"Guardian:PocketSentry"},{"floor":7,"key":"StrikeDummy"},{"floor":9,"key":"Toxic Egg 2"},{"floor":14,"key":"Shuriken"},{"floor":22,"key":"MutagenicStrength"},{"floor":31,"key":"hexamod:CandleOfCauterizing"}],"event_choices":[{"damage_healed":0,"gold_gain":0,"player_choice":"Ignored","damage_taken":0,"max_hp_gain":0,"max_hp_loss":0,"event_name":"Mysterious Sphere","floor":40,"gold_loss":0},{"cards_removed":["Guardian:GemFinder"],"damage_healed":75,"gold_gain":0,"player_choice":"Offered Rare","damage_taken":0,"max_hp_gain":10,"max_hp_loss":0,"event_name":"Bonfire Elementals","floor":44,"gold_loss":0}],"is_beta":true,"boss_relics":[{"not_picked":["Fusion Hammer","sneckomod:SneckoTalon"],"picked":"Astrolabe"},{"not_picked":["Runic Pyramid","Velvet Choker"],"picked":"Snecko Eye"}],"items_purged_floors":[],"is_endless":false,"potions_floor_spawned":[6,9,10,15,16,19,26,27,32,36,37,46,48],"killed_by":"downfall:CharBossMerchant","ascension_level":10}}