{"host":"qq27suot6m8koe0b","time":1611665771,"event":{"mods":["Act Like it!","BaseMod","CapriCore","Downfall","GifTheSpireLib","Minty Spire (QoL Compilation)","StSLib"],"gold_per_floor":[99,110,127,137,137,170,242,255,265,265,65,83,83,83,101,101,101,101],"floor_reached":16,"language":"ZHS","playtime":956,"items_purged":[],"score":104,"play_id":"e3d4117c-4a62-461e-a462-6cc627499f50","local_time":"20210126205611","is_ascension_mode":false,"campfire_choices":[{"floor":1,"key":"RECALL"},{"data":"bronze:Terminator","floor":11,"key":"SMITH"},{"data":"bronze:BronzeOrb","floor":13,"key":"SMITH"}],"circlet_count":0,"master_deck":["bronze:Strike","bronze:Strike","bronze:Strike","bronze:Defend","bronze:Defend","bronze:Defend","bronze:Replicate","bronze:Goto","bronze:DelayedGuard","bronze:BronzeOrb+1","bronze:Frontload","bronze:Separator","bronze:DelayedSlice","bronze:Boost","bronze:Terminator+1","bronze:ChildClass"],"relics":["bronze:BronzeCore","bronze:ProtectiveGoggles","Frozen Egg 2","downfall:HeartBlessingRed","downfall:HeartBlessingGreen"],"acts_visited":["Exordium"],"potions_floor_usage":[16],"damage_taken":[{"damage":1,"enemies":"Jaw Worm","floor":2,"turns":5},{"damage":4,"enemies":"Cultist","floor":3,"turns":4},{"damage":0,"enemies":"2 Louse","floor":4,"turns":2},{"damage":42,"enemies":"Gremlin Nob","floor":6,"turns":10},{"damage":0,"enemies":"Exordium Thugs","floor":8,"turns":3},{"damage":0,"enemies":"3 Louse","floor":9,"turns":4},{"damage":0,"enemies":"Exordium Wildlife","floor":12,"turns":1},{"damage":0,"enemies":"2 Fungi Beasts","floor":15,"turns":3},{"damage":43,"enemies":"WA_ARCHETYPE_RETAIN","floor":16,"turns":10}],"seed_played":"-6285802162894802625","potions_obtained":[{"floor":2,"key":"BlessingOfTheForge"},{"floor":9,"key":"SmokeBomb"},{"floor":15,"key":"Regen Potion"}],"is_trial":false,"path_per_floor":["R","M","M","M","?","E","T","M","M","?","R","M","R","?","M","B"],"character_chosen":"THE_AUTOMATON","items_purchased":[],"campfire_rested":0,"item_purchase_floors":[],"current_hp_per_floor":[70,69,65,65,65,23,23,23,23,23,23,23,23,23,23,0,0,0],"gold":101,"neow_bonus":"ONE_RANDOM_RARE_CARD","is_daily":false,"chose_seed":false,"campfire_upgraded":2,"win_rate":0.0,"timestamp":1611665771,"path_taken":["R","M","M","M","?","E","T","?","M","?","R","M","R","?","M","BOSS"],"items_purchased_type":[],"build_version":"2020-12-22","purchased_purges":0,"victory":false,"max_hp_per_floor":[70,70,70,70,70,70,70,70,70,70,70,70,70,70,70,70,70,70],"card_choices":[{"not_picked":["bronze:GetLatest","bronze:Repulsor"],"picked":"bronze:DelayedGuard","floor":2},{"not_picked":["bronze:Optimize","bronze:FineTuning"],"picked":"bronze:BronzeOrb","floor":3},{"not_picked":["bronze:Philosophize","bronze:Invalidate"],"picked":"bronze:Frontload","floor":4},{"not_picked":["bronze:Allocate","bronze:Return"],"picked":"bronze:DelayedSlice","floor":6},{"not_picked":["bronze:DarkDash","bronze:DelayedGuard"],"picked":"bronze:Boost","floor":8},{"not_picked":["bronze:ForLoop","bronze:BuggyMess"],"picked":"bronze:Terminator","floor":9},{"not_picked":["bronze:DelayedGuard","bronze:Overheat","bronze:Shell"],"picked":"SKIP","floor":12},{"not_picked":["bronze:DarkDash","bronze:Shield","bronze:Invalidate"],"picked":"SKIP","floor":15}],"player_experience":365479,"relics_obtained":[{"floor":6,"key":"bronze:ProtectiveGoggles"},{"floor":7,"key":"Frozen Egg 2"}],"event_choices":[{"cards_removed":["bronze:Strike"],"damage_healed":0,"gold_gain":0,"player_choice":"Offered Basic","damage_taken":0,"max_hp_gain":0,"max_hp_loss":0,"event_name":"Bonfire Elementals","floor":14,"gold_loss":0}],"is_beta":false,"boss_relics":[],"items_purged_floors":[],"is_endless":false,"potions_floor_spawned":[2,9,15],"killed_by":"WA_ARCHETYPE_RETAIN","ascension_level":0}}