{"host":"opyh6vr790e42ffe","time":1611691766,"event":{"mods":["BaseMod","Bestiary","Colored Map","Downfall","Highlight Path","Minty Spire (QoL Compilation)","Relic Stats","StSLib"],"gold_per_floor":[349,367,379,397,397,425,425,441,541,556,456,468,468,481,496,591,591,591,610,100,120,67,86,138,238,14,14,39,78,104,131,146,251,251,151,167,2,2,23,23,23,43,43,83,83,110,148,206,216,216,216,216],"floor_reached":50,"language":"ENG","playtime":6979,"items_purged":["hexamod:Strike","hexamod:Strike","hexamod:Defend"],"score":658,"play_id":"1a160fda-7140-41c1-9fee-14ad28053ce9","local_time":"20210126120926","is_ascension_mode":true,"campfire_choices":[{"floor":1.0,"key":"RECALL"},{"data":"hexamod:RainOfEmbers","floor":11.0,"key":"SMITH"},{"data":"hexamod:PhantomCloak","floor":13.0,"key":"SMITH"},{"data":"hexamod:ForkedFlame","floor":18,"key":"SMITH"},{"data":"hexamod:GiftsFromTheDead","floor":27,"key":"SMITH"},{"data":"hexamod:GiftsFromTheDead","floor":35,"key":"SMITH"},{"data":"hexamod:GiftsFromTheDead","floor":40,"key":"SMITH"},{"data":"hexamod:GiftsFromTheDead","floor":43,"key":"SMITH"},{"data":"hexamod:VolcanoVisage","floor":45,"key":"SMITH"}],"circlet_count":0,"master_deck":["hexamod:Defend","hexamod:Defend","hexamod:Defend","hexamod:Sear","hexamod:Float","hexamod:FirstSeal","hexamod:RainOfEmbers+1","hexamod:NightmareStrike","hexamod:SoulSteal+1","hexamod:InspiringFlames+1","hexamod:EmpoweredFlame","hexamod:PhantomCloak+1","hexamod:PhantomFireball","hexamod:ForkedFlame+1","hexamod:GiftsFromTheDead+1","hexamod:Haunt+1","hexamod:FlamesFromBeyond+1","hexamod:SoulSteal+1","hexamod:GiftsFromTheDead+1","hexamod:GhostflameBarrier+1","hexamod:SecondSeal","J.A.X.+1","hexamod:FastForward+1","hexamod:VolcanoVisage+1","hexamod:AdvancingGuard+1","hexamod:BurningTouch+1","hexamod:GiftsFromTheDead+1","hexamod:InspiringFlames+1","hexamod:FourthSeal","hexamod:InspiringFlames+1","hexamod:GhostOfSpirePresent","hexamod:PhantomFireball","hexamod:Haunt+1","hexamod:GiftsFromTheDead+1","hexamod:RadiantFlame+1","hexamod:PowerFromBeyond+1"],"relics":["hexamod:SpiritBrand","CaptainsWheel","Toxic Egg 2","hexamod:InflammatoryLetter","downfall:HeartBlessingRed","SlaversCollar","Ice Cream","MutagenicStrength","DollysMirror","Meat on the Bone","Guardian:PocketSentry","Coffee Dripper","downfall:HeartBlessingBlue","Kunai","Pear","Bottled Lightning","Unceasing Top"],"acts_visited":["Exordium","TheCity","TheBeyond"],"potions_floor_usage":[25,26,26,29,33,44,47,50,50,50,50,50],"damage_taken":[{"damage":0.0,"enemies":"2 Louse","floor":2.0,"turns":3.0},{"damage":1.0,"enemies":"Jaw Worm","floor":3.0,"turns":3.0},{"damage":7.0,"enemies":"Small Slimes","floor":4.0,"turns":4.0},{"damage":4.0,"enemies":"Gremlin Nob","floor":6.0,"turns":4.0},{"damage":6.0,"enemies":"3 Louse","floor":8.0,"turns":3.0},{"damage":2.0,"enemies":"Blue Slaver","floor":10.0,"turns":3.0},{"damage":1.0,"enemies":"Exordium Wildlife","floor":12.0,"turns":5.0},{"damage":4.0,"enemies":"2 Fungi Beasts","floor":14.0,"turns":3.0},{"damage":13,"enemies":"Gremlin Gang","floor":15,"turns":3},{"damage":48,"enemies":"WA_ARCHETYPE_RETAIN","floor":16,"turns":8},{"damage":7,"enemies":"3 Byrds","floor":19,"turns":5},{"damage":0,"enemies":"downfall:FleeingMerchant","floor":20,"turns":4},{"damage":2,"enemies":"Spheric Guardian","floor":21,"turns":3},{"damage":0,"enemies":"downfall:FleeingMerchant","floor":22,"turns":4},{"damage":26,"enemies":"Shelled Parasite and Fungi","floor":23,"turns":6},{"damage":16,"enemies":"downfall:Augmenter","floor":25,"turns":5},{"damage":3,"enemies":"downfall:FleeingMerchant","floor":26,"turns":4},{"damage":10,"enemies":"Cultist and Chosen","floor":28,"turns":6},{"damage":12,"enemies":"Slavers","floor":29,"turns":3},{"damage":10,"enemies":"3 Cultists","floor":30,"turns":4},{"damage":9,"enemies":"Centurion and Healer","floor":31,"turns":5},{"damage":26,"enemies":"Snake Plant","floor":32,"turns":3},{"damage":8,"enemies":"DF_ARCHETYPE_CLAW","floor":33,"turns":6},{"damage":0,"enemies":"Orb Walker","floor":36,"turns":3},{"damage":25,"enemies":"3 Shapes","floor":39,"turns":5},{"damage":0,"enemies":"Transient","floor":42,"turns":5},{"damage":20,"enemies":"Giant Head","floor":44,"turns":6},{"damage":5,"enemies":"Writhing Mass","floor":46,"turns":5},{"damage":35,"enemies":"Reptomancer","floor":47,"turns":5},{"damage":0,"enemies":"Reptomancer","floor":48,"turns":6},{"damage":9,"enemies":"3 Darklings","floor":49,"turns":4},{"damage":65,"enemies":"IC_BLOCK_ARCHETYPE","floor":50,"turns":4}],"seed_played":"-1278543423704119948","potions_obtained":[{"floor":3.0,"key":"Block Potion"},{"floor":6.0,"key":"AttackPotion"},{"floor":12.0,"key":"BlessingOfTheForge"},{"floor":15,"key":"DistilledChaos"},{"floor":25,"key":"SpeedPotion"},{"floor":28,"key":"SteroidPotion"},{"floor":30,"key":"Explosive Potion"},{"floor":33,"key":"DuplicationPotion"},{"floor":44,"key":"AttackPotion"},{"floor":44,"key":"AttackPotion"},{"floor":46,"key":"EntropicBrew"},{"floor":48,"key":"Explosive Potion"},{"floor":48,"key":"hexamod:EctoCoolerPotion"},{"floor":49,"key":"hexamod:EctoCoolerPotion"}],"is_trial":false,"path_per_floor":["R","M","M","M","?","E","T","M","?","M","R","M","R","M","M","B",null,"R","M","$","M","$","M","T","?","$","R","M","E","M","M","M","B",null,"R","M","$","?","M","R","T","M","R","E","R","M","E","?","M","B"],"character_chosen":"THE_SPIRIT","items_purchased":["Ice Cream","hexamod:FlamesFromBeyond+1","hexamod:SoulSteal+1","hexamod:GhostflameBarrier+1","DollysMirror","Meat on the Bone","PowerPotion","hexamod:PhantomFireball"],"campfire_rested":0,"item_purchase_floors":[20,20,20,22,26,26,26,37],"current_hp_per_floor":[63,63,63,63,60,63,63,63,63,61,61,63,63,59,53,5,63,63,63,63,61,63,44,44,28,32,32,41,48,45,43,36,40,63,73,73,73,73,55,55,55,62,62,59,59,61,45,52,50,0,0,0],"gold":216,"neow_bonus":"TWO_FIFTY_GOLD","is_daily":false,"chose_seed":false,"campfire_upgraded":8,"win_rate":0.0,"timestamp":1611691766,"path_taken":["R","M","M","M","?","E","T","M","?","M","R","M","R","M","M","BOSS","R","M","$","M","$","M","T","?","$","R","M","E","M","M","M","BOSS","R","M","$","?","M","R","T","M","R","E","R","M","E","?","M","BOSS"],"items_purchased_type":["Relic","Card","Card","Card","Relic","Relic","Potion","Card"],"build_version":"2020-12-22","purchased_purges":3,"victory":false,"max_hp_per_floor":[63,63,63,63,63,63,63,63,63,63,63,63,63,63,63,63,63,63,63,63,63,63,63,63,63,63,63,63,63,63,63,63,63,63,73,73,73,73,73,73,73,73,73,83,83,83,83,83,83,83,83,83],"relic_stats":{"counters":[32,140],"Kunai":[0],"obtain_stats":[{"Ice Cream":20,"Pear":44,"downfall:HeartBlessingRed":11,"hexamod:InflammatoryLetter":7,"Guardian:PocketSentry":29,"SlaversCollar":17,"CaptainsWheel":5,"DollysMirror":26,"downfall:HeartBlessingBlue":35,"MutagenicStrength":25,"Coffee Dripper":34,"Kunai":41,"Bottled Lightning":47,"Toxic Egg 2":6,"hexamod:SpiritBrand":0,"Unceasing Top":48,"Meat on the Bone":26},{"Ice Cream":12,"Pear":27,"downfall:HeartBlessingRed":6,"hexamod:InflammatoryLetter":4,"Guardian:PocketSentry":19,"SlaversCollar":10,"CaptainsWheel":3,"DollysMirror":17,"downfall:HeartBlessingBlue":23,"MutagenicStrength":16,"Coffee Dripper":23,"Kunai":25,"Bottled Lightning":29,"Toxic Egg 2":4,"hexamod:SpiritBrand":0,"Unceasing Top":30,"Meat on the Bone":17},{"Ice Cream":48,"Pear":116,"downfall:HeartBlessingRed":20,"hexamod:InflammatoryLetter":14,"Guardian:PocketSentry":79,"SlaversCollar":39,"CaptainsWheel":10,"DollysMirror":70,"downfall:HeartBlessingBlue":97,"MutagenicStrength":66,"Coffee Dripper":97,"Kunai":105,"Bottled Lightning":126,"Toxic Egg 2":14,"hexamod:SpiritBrand":0,"Unceasing Top":132,"Meat on the Bone":70}],"Unceasing Top":[0],"Meat on the Bone":60},"card_choices":[{"not_picked":["hexamod:HeatMetal","hexamod:Haunt"],"picked":"hexamod:FirstSeal","floor":2.0},{"not_picked":["hexamod:FastForward","hexamod:HeatMetal"],"picked":"hexamod:RainOfEmbers","floor":3.0},{"not_picked":["hexamod:BurningTouch","hexamod:AdvancingGuard"],"picked":"hexamod:NightmareStrike","floor":4.0},{"not_picked":["hexamod:FastForward+1","hexamod:CatchUp+1"],"picked":"hexamod:SoulSteal+1","floor":6.0},{"not_picked":["hexamod:GhostOfSpirePast","hexamod:Hexaguard+1"],"picked":"hexamod:InspiringFlames+1","floor":8.0},{"not_picked":["hexamod:SpectralAdrenaline+1","hexamod:Haunt+1"],"picked":"hexamod:EmpoweredFlame","floor":10.0},{"not_picked":["hexamod:ThermalTransfer","hexamod:RainOfEmbers"],"picked":"hexamod:PhantomCloak","floor":12.0},{"not_picked":["hexamod:NightmareStrike","hexamod:SuperheatedStrike"],"picked":"hexamod:PhantomFireball","floor":14.0},{"not_picked":["hexamod:FastForward+1","hexamod:HeatMetal"],"picked":"hexamod:ForkedFlame","floor":15},{"not_picked":["hexamod:TimeWarp","hexamod:GhostflameInferno+1"],"picked":"hexamod:GiftsFromTheDead","floor":16},{"not_picked":["hexamod:FastForward+1","hexamod:ShieldOfDarkness+1"],"picked":"hexamod:Haunt+1","floor":19},{"not_picked":["hexamod:ShieldOfDarkness+1","hexamod:AdvancingGuard+1","hexamod:Rewind+1"],"picked":"SKIP","floor":20},{"not_picked":["hexamod:PhantomCloak","hexamod:RainOfEmbers"],"picked":"hexamod:GiftsFromTheDead","floor":21},{"not_picked":["hexamod:BacktrackSmack","hexamod:SpectersWail","hexamod:InspiringFlames+1"],"picked":"SKIP","floor":22},{"not_picked":["hexamod:NightmareStrike","hexamod:GhostOfSpirePast+1"],"picked":"hexamod:SecondSeal","floor":23},{"not_picked":[],"picked":"J.A.X.+1","floor":25},{"not_picked":["hexamod:FastForward+1","hexamod:SuperheatedStrike"],"picked":"hexamod:AdvancingGuard+1","floor":25},{"not_picked":["hexamod:ParanormalForm","hexamod:GhostOfSpirePast"],"picked":"hexamod:BurningTouch+1","floor":26},{"not_picked":["hexamod:SoulSteal+1","hexamod:NightmareGuise+1"],"picked":"hexamod:InspiringFlames+1","floor":28},{"not_picked":["hexamod:FastForward+1","hexamod:ThermalTransfer+1"],"picked":"hexamod:FourthSeal","floor":29},{"not_picked":["hexamod:HauntingEcho","hexamod:SwordOfDarkness","hexamod:NightmareGuise+1"],"picked":"SKIP","floor":30},{"not_picked":["hexamod:SpectersWail","hexamod:FastForward+1"],"picked":"hexamod:InspiringFlames+1","floor":31},{"not_picked":["hexamod:HauntingEcho","hexamod:RetreatToShadows+1","hexamod:Firestarter"],"picked":"SKIP","floor":32},{"not_picked":["hexamod:Toasty","hexamod:FlameSwitch+1"],"picked":"hexamod:GhostOfSpirePresent","floor":33},{"not_picked":["hexamod:FastForward+1","hexamod:InspiringFlames+1","hexamod:GhostShield+1"],"picked":"SKIP","floor":36},{"not_picked":["hexamod:GhostShield+1","hexamod:InspiringFlames+1"],"picked":"hexamod:Haunt+1","floor":39},{"not_picked":["hexamod:FirstSeal","hexamod:ThermalTransfer"],"picked":"hexamod:GiftsFromTheDead","floor":42},{"not_picked":["hexamod:HauntingEcho","hexamod:NightmareStrike","hexamod:GhostShield+1"],"picked":"SKIP","floor":44},{"not_picked":["hexamod:Incineration","hexamod:HeatMetal"],"picked":"hexamod:RadiantFlame+1","floor":46},{"not_picked":["hexamod:BurningTouch+1","hexamod:HauntingEcho+1"],"picked":"hexamod:PowerFromBeyond+1","floor":47},{"not_picked":["hexamod:InspiringFlames+1","hexamod:ParanormalForm","hexamod:SpectralAdrenaline+1"],"picked":"SKIP","floor":49}],"player_experience":2631403,"relics_obtained":[{"floor":6.0,"key":"Toxic Egg 2"},{"floor":7.0,"key":"hexamod:InflammatoryLetter"},{"floor":25,"key":"MutagenicStrength"},{"floor":29,"key":"Guardian:PocketSentry"},{"floor":41,"key":"Kunai"},{"floor":44,"key":"Pear"},{"floor":47,"key":"Bottled Lightning"},{"floor":48,"key":"Unceasing Top"}],"event_choices":[{"damage_healed":0.0,"max_hp_gain":0.0,"max_hp_loss":0.0,"gold_gain":0.0,"event_name":"Scrap Ooze","player_choice":"Success","floor":5.0,"gold_loss":0.0,"damage_taken":3.0,"relics_obtained":["CaptainsWheel"]}],"is_beta":false,"boss_relics":[{"not_picked":["Astrolabe","bronze:MakeshiftBattery"],"picked":"SlaversCollar"},{"not_picked":["Busted Crown","Tiny House"],"picked":"Coffee Dripper"}],"items_purged_floors":[20,26,37],"is_endless":false,"potions_floor_spawned":[3,6,12,14,15,19,21,25,28,31,32,33,36,44,46,48,49],"killed_by":"IC_BLOCK_ARCHETYPE","ascension_level":1}}