{"host":"flash","time":1611668242,"event":{"mods":["ATMod(°¢èªMod)","Act Like it!","BaseMod","Jorbs\u0027s Wanderer Trilogy","Luminous","Minty Spire (QoL Compilation)","Shop Mod","StSLib","Td1madao Mod","[IsaacMod]ÒÔÈö¼âËþ"],"gold_per_floor":[119,134,134,145,155,155,188,206,206,216,226,65,93,110,110,184,184,200,200,214,228,228,228,262,262,344,102,102,202,41,52,52,129,129,148,148,159,169,38,38,38,71,71,90,117,117,133,37,37,37],"floor_reached":51,"language":"ZHS","playtime":1933,"items_purged":["Strike_P","Strike_P"],"score":1739,"play_id":"5a85efa3-7362-4d10-bafd-b958b3ed05ec","local_time":"20210126213722","is_ascension_mode":true,"campfire_choices":[{"data":"AT_MachinaRedman","floor":6.0,"key":"SMITH"},{"data":"Eruption","floor":15.0,"key":"SMITH"},{"data":"MentalFortress","floor":23.0,"key":"SMITH"},{"data":"Conclude","floor":28.0,"key":"SMITH"},{"data":"MentalFortress","floor":32.0,"key":"SMITH"},{"floor":40.0,"key":"REST"},{"floor":46.0,"key":"REST"},{"floor":49.0,"key":"REST"}],"circlet_count":0,"master_deck":["AscendersBane","Defend_P+1","Defend_P+1","Eruption+1","Vigilance+1","AT_MachinaRedman+1","AT_ChampionStep+1","Conclude+1","MentalFortress+1","MentalFortress+1","LessonLearned+1","CutThroughFate+1","Omniscience+1","Fasting2+1","Impatience+1","EmptyBody+1","AT_RealColorLess+1","TalkToTheHand","Halt+1"],"relics":["AT_ATBox","HushsDoor","DoctorsRemote","Empty Cage","AT_RedTearstoneRing","BelialBook","AT_DeathDance","AT_SeraphEmbrace","MealTicket","Sozu","Vajra","Toxic Egg 2","Lee\u0027s Waffle","AT_RabadonDeathcap","SatanicBible","SteamSale","Fusion Hammer","GuppysTail","ClockworkSouvenir","AT_SpeedBoots","Frozen Egg 2","Bag of Preparation","Pen Nib"],"acts_visited":["Exordium","TheCity","TheBeyond"],"potions_floor_usage":[],"damage_taken":[{"damage":0.0,"enemies":"2 Louse","floor":1.0,"turns":1.0},{"damage":0.0,"enemies":"Small Slimes","floor":2.0,"turns":1.0},{"damage":0.0,"enemies":"Cultist","floor":4.0,"turns":3.0},{"damage":0.0,"enemies":"Gremlin Gang","floor":5.0,"turns":1.0},{"damage":0.0,"enemies":"Gremlin Nob","floor":7.0,"turns":2.0},{"damage":7.0,"enemies":"Exordium Thugs","floor":8.0,"turns":4.0},{"damage":3.0,"enemies":"Blue Slaver","floor":10.0,"turns":3.0},{"damage":1.0,"enemies":"Looter","floor":11.0,"turns":2.0},{"damage":0.0,"enemies":"Lagavulin","floor":13.0,"turns":3.0},{"damage":0.0,"enemies":"Exordium Thugs","floor":14.0,"turns":3.0},{"damage":32.0,"enemies":"The Guardian","floor":16.0,"turns":5.0},{"damage":26.0,"enemies":"Shell Parasite","floor":18.0,"turns":5.0},{"damage":1.0,"enemies":"Spheric Guardian","floor":20.0,"turns":3.0},{"damage":0.0,"enemies":"Centurion and Healer","floor":21.0,"turns":3.0},{"damage":25.0,"enemies":"Slavers","floor":24.0,"turns":3.0},{"damage":4.0,"enemies":"Colosseum Slavers","floor":29.0,"turns":3.0},{"damage":10.0,"enemies":"Colosseum Nobs","floor":29.0,"turns":3.0},{"damage":16.0,"enemies":"Snake Plant","floor":31.0,"turns":4.0},{"damage":0.0,"enemies":"Champ","floor":33.0,"turns":6.0},{"damage":0.0,"enemies":"3 Shapes","floor":35.0,"turns":2.0},{"damage":0.0,"enemies":"3 Darklings","floor":37.0,"turns":2.0},{"damage":39.0,"enemies":"Maw","floor":38.0,"turns":7.0},{"damage":0.0,"enemies":"Giant Head","floor":42.0,"turns":4.0},{"damage":0.0,"enemies":"Transient","floor":44.0,"turns":6.0},{"damage":10.0,"enemies":"Reptomancer","floor":45.0,"turns":5.0},{"damage":7.0,"enemies":"Writhing Mass","floor":47.0,"turns":2.0},{"damage":0,"enemies":"Awakened One","floor":50,"turns":6}],"seed_played":"-4380467434776302766","potions_obtained":[{"floor":4.0,"key":"Regen Potion"},{"floor":5.0,"key":"Ancient Potion"},{"floor":8.0,"key":"AttackPotion"},{"floor":13.0,"key":"PowerPotion"},{"floor":16.0,"key":"PowerPotion"}],"is_trial":false,"path_per_floor":["M","M","?","M","M","R","E","M","T","M","M","$","E","M","R","B",null,"M","?","M","M","?","R","E","?","T","$","R","?","$","M","R","B",null,"M","?","M","M","$","R","?","E","T","M","E","R","M","$","R","B",null],"character_chosen":"WATCHER","items_purchased":["AT_ArchangelStaff","Lee\u0027s Waffle","SteamSale","GuppysTail","ClockworkSouvenir","Pen Nib","Halt+1"],"campfire_rested":3,"item_purchase_floors":[12,27,30,34,39,48,48],"current_hp_per_floor":[61,61,56,56,56,56,56,49,49,46,45,45,45,45,45,27,58,32,32,31,31,31,31,6,6,6,73,73,59,73,57,57,57,62,62,62,62,23,38,56,56,56,56,56,46,63,56,63,63,63],"gold":37,"neow_bonus":"BOSS_RELIC","is_daily":false,"chose_seed":false,"campfire_upgraded":5,"win_rate":0.0,"timestamp":1611668242,"path_taken":["M","M","?","?","M","R","E","M","T","?","?","?","E","M","R","BOSS","M","?","M","M","?","R","E","?","T","?","R","?","?","M","R","BOSS","M","?","M","M","$","R","?","E","T","M","E","R","M","$","R","BOSS"],"items_purchased_type":["Relic","Relic","Relic","Relic","Relic","Relic","Card"],"build_version":"2020-12-18","purchased_purges":2,"victory":true,"max_hp_per_floor":[68,68,68,68,68,68,68,68,68,68,68,68,68,68,68,68,68,68,68,68,68,68,68,68,66,66,73,73,73,73,73,73,73,63,63,63,63,63,63,63,63,63,63,63,63,63,63,63,63,63],"card_choices":[{"not_picked":[],"picked":"ChaosCard","floor":0.0},{"not_picked":["JustLucky","FlyingSleeves"],"picked":"Bomb","floor":1.0},{"not_picked":["CrushJoints","EmptyFist"],"picked":"Bomb","floor":2.0},{"not_picked":["BowlingBash","TalkToTheHand"],"picked":"AT_ChampionStep","floor":4.0},{"not_picked":["Vault","BowlingBash","CrushJoints"],"picked":"SKIP","floor":5.0},{"not_picked":["BattleHymn","Crescendo","Collect"],"picked":"SKIP","floor":7.0},{"not_picked":["Evaluate","FlurryOfBlows"],"picked":"Conclude","floor":8.0},{"not_picked":["Study","Fasting2","Swivel"],"picked":"SKIP","floor":10.0},{"not_picked":["ReachHeaven","Swivel"],"picked":"MentalFortress","floor":11.0},{"not_picked":["Devotion","AT_ChampionStep","ClearTheMind"],"picked":"SKIP","floor":13.0},{"not_picked":["Indignation","Protect","FollowUp"],"picked":"SKIP","floor":14.0},{"not_picked":["Nirvana","CutThroughFate","CrushJoints"],"picked":"SKIP","floor":18.0},{"not_picked":["Protect","JustLucky","BowlingBash"],"picked":"SKIP","floor":20.0},{"not_picked":["Prostrate","Weave","CrushJoints"],"picked":"SKIP","floor":21.0},{"not_picked":["Protect","Crescendo"],"picked":"LessonLearned","floor":24.0},{"not_picked":["Consecrate","EmptyBody+1"],"picked":"CutThroughFate+1","floor":31.0},{"not_picked":["Judgement+1","Wish+1"],"picked":"Omniscience+1","floor":33.0},{"not_picked":["FlyingSleeves","Wireheading"],"picked":"Fasting2","floor":35.0},{"not_picked":["WheelKick","Weave+1","Evaluate+1"],"picked":"SKIP","floor":37.0},{"not_picked":["SignatureMove+1","Protect+1","Crescendo+1"],"picked":"SKIP","floor":38.0},{"not_picked":["Bandage Up+1","SuicideKing"],"picked":"Impatience+1","floor":41.0},{"not_picked":["Prostrate+1","MentalFortress","ClearTheMind+1"],"picked":"SKIP","floor":42.0},{"not_picked":["ClearTheMind+1","Perseverance+1"],"picked":"EmptyBody+1","floor":44.0},{"not_picked":["Blasphemy+1","FollowUp"],"picked":"AT_RealColorLess+1","floor":45.0},{"not_picked":["FlurryOfBlows","Protect+1"],"picked":"TalkToTheHand","floor":47.0}],"player_experience":667989,"relics_obtained":[{"floor":7.0,"key":"BelialBook"},{"floor":9.0,"key":"AT_DeathDance"},{"floor":13.0,"key":"MealTicket"},{"floor":24.0,"key":"Vajra"},{"floor":26.0,"key":"Toxic Egg 2"},{"floor":29.0,"key":"AT_RabadonDeathcap"},{"floor":29.0,"key":"SatanicBible"},{"floor":42.0,"key":"AT_SpeedBoots"},{"floor":43.0,"key":"Frozen Egg 2"},{"floor":45.0,"key":"Bag of Preparation"}],"event_choices":[{"damage_healed":0.0,"max_hp_gain":0.0,"max_hp_loss":0.0,"gold_gain":0.0,"event_name":"Scrap Ooze","player_choice":"Success","floor":3.0,"gold_loss":0.0,"damage_taken":5.0,"relics_obtained":["AT_RedTearstoneRing"]},{"cards_removed":["Strike_P"],"damage_healed":0.0,"max_hp_gain":0.0,"max_hp_loss":0.0,"gold_gain":0.0,"event_name":"Back to Basics","player_choice":"Elegance","floor":19.0,"gold_loss":0.0,"damage_taken":0.0},{"damage_healed":0.0,"max_hp_gain":0.0,"max_hp_loss":0.0,"gold_gain":0.0,"event_name":"Duplicator","player_choice":"Copied","floor":22.0,"gold_loss":0.0,"damage_taken":0.0,"cards_obtained":["MentalFortress"]},{"damage_healed":0.0,"max_hp_gain":0.0,"max_hp_loss":0.0,"gold_gain":0.0,"event_name":"Colosseum","player_choice":"Fight","floor":29.0,"gold_loss":0.0,"damage_taken":0.0},{"damage_healed":0.0,"max_hp_gain":0.0,"max_hp_loss":0.0,"gold_gain":0.0,"event_name":"Colosseum","player_choice":"Fought Nobs","floor":29.0,"gold_loss":0.0,"damage_taken":0.0},{"damage_healed":0.0,"max_hp_gain":0.0,"max_hp_loss":0.0,"gold_gain":0.0,"event_name":"SensoryStone","player_choice":"Memory 1","floor":41.0,"gold_loss":0.0,"damage_taken":0.0}],"is_beta":true,"boss_relics":[{"not_picked":["Coffee Dripper","Cursed Key"],"picked":"Sozu"},{"not_picked":[]},{"not_picked":["Velvet Choker","ChampionBelt"],"picked":"Fusion Hammer"},{"not_picked":[]}],"items_purged_floors":[27,39],"is_endless":false,"potions_floor_spawned":[4,5,8,13,16,21,24,29,38,44,45],"ascension_level":18}}