{"host":"61r95uy0hn86b9iu","time":1611705285,"event":{"mods":["AchievementEnabler","BaseMod","Better Vampires","BetterRewards","Colored Powertips","Hubris","Minty Spire (QoL Compilation)","Shop Mod","StSLib"],"gold_per_floor":[117,134,147,164,164,164,164,193,193,193,193,219,229,243,243,319,319,339,339,357,25,25,25,25,25,49,49,49,99,99,112,112,112,112],"floor_reached":33,"language":"ENG","playtime":923,"items_purged":[],"score":652,"play_id":"f47fdb4f-dcce-4778-a0b7-4ffa53fb237b","local_time":"20210126175445","is_ascension_mode":true,"campfire_choices":[{"floor":6.0,"key":"REST"},{"data":"Zap","floor":7.0,"key":"SMITH"},{"floor":11.0,"key":"REST"},{"floor":15.0,"key":"REST"},{"data":"Tempest","floor":23.0,"key":"SMITH"},{"data":"Darkness","floor":24.0,"key":"SMITH"},{"data":"Dualcast","floor":28.0,"key":"SMITH"},{"data":"Capacitor","floor":30.0,"key":"SMITH"},{"data":"Fusion","floor":32.0,"key":"SMITH"}],"circlet_count":0,"master_deck":["AscendersBane","Strike_B","Strike_B","Strike_B","Strike_B","Defend_B","Defend_B","Defend_B","Defend_B","Zap+1","Dualcast+1","Coolheaded","Rebound","Gash","Sweeping Beam","Capacitor+1","Self Repair","Darkness+1","Core Surge","Tempest+1","Writhe","Fusion+1"],"relics":["Cracked Core","Strawberry","Chemical X","WingedGreaves","Orrery","hubris:Towel","Darkstone Periapt","hubris:DeckOfHolding","PreservedInsect","hubris:ScarierMask","hubris:BottledHeart","Ice Cream","Regal Pillow"],"acts_visited":["Exordium","TheCity"],"potions_floor_usage":[],"damage_taken":[{"damage":0.0,"enemies":"Cultist","floor":1.0,"turns":2.0},{"damage":0.0,"enemies":"Small Slimes","floor":2.0,"turns":2.0},{"damage":3.0,"enemies":"2 Louse","floor":3.0,"turns":3.0},{"damage":15.0,"enemies":"Looter","floor":4.0,"turns":4.0},{"damage":39.0,"enemies":"Lagavulin","floor":8.0,"turns":9.0},{"damage":22.0,"enemies":"Exordium Thugs","floor":13.0,"turns":3.0},{"damage":2.0,"enemies":"2 Fungi Beasts","floor":14.0,"turns":3.0},{"damage":33.0,"enemies":"Hexaghost","floor":16.0,"turns":9.0},{"damage":81.0,"enemies":"Shell Parasite","floor":18.0,"turns":11.0},{"damage":0.0,"enemies":"Spheric Guardian","floor":20.0,"turns":4.0},{"damage":0.0,"enemies":"Snecko","floor":31.0,"turns":6.0},{"damage":47,"enemies":"Automaton","floor":33,"turns":6}],"seed_played":"5434530204694771422","potions_obtained":[{"floor":3.0,"key":"Energy Potion"},{"floor":8.0,"key":"PowerPotion"},{"floor":14.0,"key":"FairyPotion"}],"is_trial":false,"path_per_floor":["M","M","M","M","?","R","R","E","T","?","R","T","M","M","R","B",null,"M","?","M","$","?","R","R","$","T","?","R","?","R","M","R","B"],"character_chosen":"DEFECT","items_purchased":["Strawberry","Chemical X","WingedGreaves","Orrery","Ice Cream"],"campfire_rested":3,"item_purchase_floors":[0,0,0,0,21],"current_hp_per_floor":[50,50,47,39,39,62,62,30,30,30,53,53,31,36,59,33,67,17,1,1,1,1,1,1,1,1,1,1,1,1,1,1,0,0],"gold":112,"neow_bonus":"","is_daily":false,"chose_seed":false,"campfire_upgraded":6,"win_rate":0.0,"timestamp":1611705285,"path_taken":["M","?","?","M","?","R","R","E","T","?","R","?","M","?","R","BOSS","M","?","M","$","?","R","R","$","T","?","R","?","R","M","R","BOSS"],"items_purchased_type":["Relic","Relic","Relic","Relic","Relic"],"build_version":"2020-12-22","purchased_purges":0,"victory":false,"max_hp_per_floor":[78,78,78,78,78,78,78,78,78,78,78,78,78,78,78,78,78,78,1,1,1,1,1,1,1,1,1,1,1,1,1,1,1,1],"card_choices":[{"not_picked":["Skim","Redo"],"picked":"Coolheaded","floor":0.0},{"not_picked":["Coolheaded","Hello World"],"picked":"Rebound","floor":0.0},{"not_picked":["Hello World","Leap"],"picked":"Gash","floor":0.0},{"not_picked":["Steam","Cold Snap"],"picked":"Sweeping Beam","floor":0.0},{"not_picked":["Go for the Eyes","Rebound","Hello World"],"picked":"SKIP","floor":1.0},{"not_picked":["Turbo","Go for the Eyes"],"picked":"Capacitor","floor":2.0},{"not_picked":["Compile Driver","Doom and Gloom"],"picked":"Self Repair","floor":3.0},{"not_picked":["Lockon","Turbo","Steam Power"],"picked":"SKIP","floor":4.0},{"not_picked":["Barrage","Steam"],"picked":"Darkness","floor":8.0},{"not_picked":["Beam Cell","Sweeping Beam","Capacitor"],"picked":"SKIP","floor":13.0},{"not_picked":["Coolheaded","Steam","Barrage"],"picked":"SKIP","floor":14.0},{"not_picked":["Amplify","Fission"],"picked":"Core Surge","floor":16.0},{"not_picked":["Genetic Algorithm+1","Skim"],"picked":"Tempest","floor":18.0},{"not_picked":["Steam","Stack","Coolheaded"],"picked":"SKIP","floor":20.0},{"not_picked":["Static Discharge","Genetic Algorithm"],"picked":"Fusion","floor":31.0}],"player_experience":3311617,"relics_obtained":[{"floor":8.0,"key":"Darkstone Periapt"},{"floor":9.0,"key":"hubris:DeckOfHolding"},{"floor":12.0,"key":"PreservedInsect"}],"event_choices":[{"damage_healed":0.0,"max_hp_gain":0.0,"max_hp_loss":0.0,"gold_gain":0.0,"event_name":"Dead Adventurer","player_choice":"Searched \u00271\u0027 times","floor":10.0,"gold_loss":0.0,"damage_taken":0.0},{"damage_healed":0.0,"max_hp_gain":0.0,"max_hp_loss":0.0,"gold_gain":0.0,"event_name":"The Mausoleum","player_choice":"Opened","floor":22.0,"gold_loss":0.0,"damage_taken":0.0,"relics_obtained":["Regal Pillow"],"cards_obtained":["Writhe"]},{"damage_healed":0.0,"max_hp_gain":5.0,"max_hp_loss":0.0,"gold_gain":0.0,"event_name":"Forgotten Altar","player_choice":"Shed Blood","floor":27.0,"gold_loss":0.0,"damage_taken":0.0},{"damage_healed":0.0,"max_hp_gain":0.0,"max_hp_loss":0.0,"gold_gain":50.0,"event_name":"Nest","player_choice":"Stole From Cult","floor":29.0,"gold_loss":0.0,"damage_taken":0.0}],"is_beta":false,"boss_relics":[{"not_picked":["Black Star","hubris:HollowSoul"],"picked":"hubris:ScarierMask"}],"items_purged_floors":[],"is_endless":false,"potions_floor_spawned":[3,8,14],"killed_by":"Automaton","ascension_level":18}}