{"host":"l84l8xigz5v5foa2","time":1611633513,"event":{"mods":["2.2 Compatiblity","AchievementEnabler","BaseMod","Better Note","Better Vampires","Card Filter","Colored Map","DeckTracker","Downfall","Gremlin Skip","Highlight Path","Keyboard Shortcuts","Minty Spire (QoL Compilation)","Permanent Neow","Quick Restart","Relic Filter","Relic Stats","StSLib","SuperFastMode","Transform Curses","Unknown Chances"],"gold_per_floor":[0,12,112,112,112,112,192,203,232,232,332,232,245,314,334,334,334,334],"floor_reached":16,"language":"ENG","playtime":466,"items_purged":[],"score":200,"play_id":"f6ec91d4-c6e0-4195-aa34-9bcddf3bfce4","local_time":"20210126125833","is_ascension_mode":true,"campfire_choices":[{"data":"hexamod:Float","floor":1.0,"key":"SMITH"},{"floor":6.0,"key":"RECALL"},{"floor":10,"key":"REST"},{"data":"hexamod:HauntingEcho","floor":12,"key":"SMITH"}],"circlet_count":0,"master_deck":["AscendersBane","hexamod:Strike","hexamod:Strike","hexamod:Strike","hexamod:Strike","hexamod:Defend","hexamod:Defend","hexamod:Defend","hexamod:Defend","hexamod:Sear","hexamod:Float+1","hexamod:HauntingEcho+1","hexamod:ChargedBarrage+1","hexamod:Hexaguard+1","hexamod:NightmareGuise+1","hexamod:RainOfEmbers","hexamod:SoulSteal+1","hexamod:StepThrough"],"relics":["hexamod:SpiritBrand","Turnip","Toxic Egg 2","Sundial","downfall:CloakOfManyFaces","CultistMask","FaceOfCleric","NlothsMask","GremlinMask","SsserpentHead","downfall:HeartBlessingRed"],"acts_visited":["Exordium"],"potions_floor_usage":[11,16,16],"damage_taken":[{"damage":0.0,"enemies":"Small Slimes","floor":2.0,"turns":3.0},{"damage":0.0,"enemies":"Cultist","floor":8.0,"turns":3.0},{"damage":36,"enemies":"Gremlin Nob","floor":9,"turns":4},{"damage":3,"enemies":"downfall:FaceTrader","floor":11,"turns":8},{"damage":0,"enemies":"2 Louse","floor":13,"turns":3},{"damage":2,"enemies":"Large Slime","floor":14,"turns":4},{"damage":4,"enemies":"3 Louse","floor":15,"turns":3},{"damage":41,"enemies":"DF_ARCHETYPE_STREAMLINE","floor":16,"turns":9}],"seed_played":"-5514795778416575521","potions_obtained":[{"floor":9,"key":"SkillPotion"},{"floor":13,"key":"Guardian:BlockOnCardUsePotion"},{"floor":15,"key":"DuplicationPotion"}],"is_trial":false,"path_per_floor":["R","M","?","?","?","R","T","M","E","R","?","R","M","M","M","B"],"character_chosen":"THE_SPIRIT","items_purchased":[],"campfire_rested":1,"item_purchase_floors":[],"current_hp_per_floor":[57,57,57,57,57,57,57,57,21,39,36,36,37,36,33,0,0,0],"gold":334,"neow_bonus":"ONE_RARE_RELIC","is_daily":false,"chose_seed":false,"campfire_upgraded":2,"win_rate":0.0,"timestamp":1611633513,"path_taken":["R","M","?","?","?","R","T","M","E","R","?","R","M","?","M","BOSS"],"items_purchased_type":[],"build_version":"2020-12-22","purchased_purges":0,"victory":false,"max_hp_per_floor":[63,63,63,63,63,63,63,63,63,63,63,63,64,65,66,66,66,66],"relic_stats":{"SsserpentHead":50,"FaceOfCleric":3,"counters":[8,37],"Sundial":[4],"Turnip":[0],"obtain_stats":[{"SsserpentHead":11,"FaceOfCleric":11,"downfall:HeartBlessingRed":12,"Sundial":9,"GremlinMask":11,"Turnip":0,"CultistMask":11,"downfall:CloakOfManyFaces":11,"Toxic Egg 2":7,"hexamod:SpiritBrand":0,"NlothsMask":11},{"SsserpentHead":4,"FaceOfCleric":4,"downfall:HeartBlessingRed":4,"Sundial":3,"GremlinMask":4,"Turnip":0,"CultistMask":4,"downfall:CloakOfManyFaces":4,"Toxic Egg 2":1,"hexamod:SpiritBrand":0,"NlothsMask":4},{"SsserpentHead":18,"FaceOfCleric":18,"downfall:HeartBlessingRed":18,"Sundial":10,"GremlinMask":18,"Turnip":0,"CultistMask":18,"downfall:CloakOfManyFaces":18,"Toxic Egg 2":3,"hexamod:SpiritBrand":0,"NlothsMask":18}]},"card_choices":[{"not_picked":["hexamod:NightmareStrike","hexamod:EtherealExpedition"],"picked":"hexamod:HauntingEcho","floor":2.0},{"not_picked":["hexamod:HeatShield+1","hexamod:BacktrackSmack"],"picked":"hexamod:ChargedBarrage+1","floor":8.0},{"not_picked":["hexamod:Firestarter","hexamod:HeatMetal"],"picked":"hexamod:Hexaguard+1","floor":9},{"not_picked":["hexamod:Toasty","hexamod:RetreatToShadows+1"],"picked":"hexamod:NightmareGuise+1","floor":11},{"not_picked":["hexamod:FastForward+1","hexamod:ExtraCrispy"],"picked":"hexamod:RainOfEmbers","floor":13},{"not_picked":["hexamod:RecurringNightmare+1","hexamod:HeatCrush"],"picked":"hexamod:SoulSteal+1","floor":14},{"not_picked":["hexamod:Incineration","hexamod:GhostShield+1"],"picked":"hexamod:StepThrough","floor":15}],"player_experience":3407254,"relics_obtained":[{"floor":7.0,"key":"Toxic Egg 2"},{"floor":9,"key":"Sundial"},{"floor":11,"key":"downfall:CloakOfManyFaces"}],"event_choices":[{"cards_removed":["downfall:Icky"],"damage_healed":0.0,"max_hp_gain":0.0,"max_hp_loss":0.0,"gold_gain":0.0,"event_name":"The Cleric","player_choice":"Card Removal","floor":5.0,"gold_loss":0.0,"damage_taken":0.0}],"is_beta":false,"boss_relics":[],"items_purged_floors":[],"is_endless":false,"potions_floor_spawned":[9,13,15],"killed_by":"DF_ARCHETYPE_STREAMLINE","ascension_level":20}}