{"host":"p62uqwu04pp7leh9","time":1611626653,"event":{"mods":["BaseMod","Block Reminder","Colored Map","Colored Powertips","Minty Spire (QoL Compilation)","Relic Stats"],"gold_per_floor":[114,114,39,39,51,51,76,37,37,96,106,106,106,6,6,108,108,126,146,146,92,7,37,37,37,37,66,82,109,109,142,142,245,245,264,282,204,223,240,265,265,295,295,328,347,366,380,380,380,380],"floor_reached":51,"language":"ENG","playtime":3556,"items_purged":["Strike_R","Strike_R"],"score":1251,"play_id":"fdb7bf2a-2be2-44a1-a345-0afdc2901f68","local_time":"20210125200413","is_ascension_mode":true,"campfire_choices":[{"data":"Thunderclap","floor":6,"key":"SMITH"},{"data":"Dropkick","floor":13,"key":"SMITH"},{"data":"Bash","floor":15,"key":"SMITH"},{"data":"Warcry","floor":24,"key":"SMITH"},{"floor":32,"key":"REST"},{"data":"Deep Breath","floor":41,"key":"SMITH"},{"data":"Exhume","floor":49,"key":"SMITH"}],"circlet_count":0,"master_deck":["Defend_R+1","Bash+1","Thunderclap+1","Dropkick+1","Offering+1","Inflame+1","Warcry+1","Exhume+1","Deep Breath+1"],"relics":["Burning Blood","Singing Bowl","Letter Opener","HornCleat","Runic Pyramid","Strawberry","The Courier","InkBottle","Question Card","Ornamental Fan","Champion Belt","Sozu","Orichalcum","StoneCalendar","White Beast Statue","Toy Ornithopter"],"acts_visited":["Exordium","TheCity","TheBeyond"],"potions_floor_usage":[7,10,19,27,31,33],"damage_taken":[{"damage":10,"enemies":"Small Slimes","floor":1,"turns":5},{"damage":5,"enemies":"2 Louse","floor":5,"turns":3},{"damage":35,"enemies":"Lagavulin","floor":7,"turns":7},{"damage":20,"enemies":"3 Sentries","floor":10,"turns":6},{"damage":0,"enemies":"Cultist","floor":11,"turns":2},{"damage":6,"enemies":"Slime Boss","floor":16,"turns":6},{"damage":6,"enemies":"3 Byrds","floor":18,"turns":2},{"damage":6,"enemies":"Spheric Guardian","floor":19,"turns":3},{"damage":42,"enemies":"Book of Stabbing","floor":23,"turns":5},{"damage":8,"enemies":"Gremlin Leader","floor":27,"turns":2},{"damage":0,"enemies":"3 Cultists","floor":28,"turns":3},{"damage":35,"enemies":"Book of Stabbing","floor":29,"turns":4},{"damage":6,"enemies":"Slavers","floor":31,"turns":1},{"damage":36,"enemies":"Champ","floor":33,"turns":11},{"damage":0,"enemies":"Orb Walker","floor":35,"turns":3},{"damage":6,"enemies":"3 Shapes","floor":36,"turns":1},{"damage":0,"enemies":"Maw","floor":38,"turns":2},{"damage":6,"enemies":"Jaw Worm Horde","floor":39,"turns":1},{"damage":6,"enemies":"Reptomancer","floor":40,"turns":2},{"damage":0,"enemies":"Giant Head","floor":42,"turns":1},{"damage":0,"enemies":"Reptomancer","floor":44,"turns":1},{"damage":6,"enemies":"Sphere and 2 Shapes","floor":45,"turns":2},{"damage":6,"enemies":"Spire Growth","floor":46,"turns":1},{"damage":6,"enemies":"3 Darklings","floor":47,"turns":1},{"damage":26,"enemies":"Time Eater","floor":50,"turns":6}],"seed_played":"1755267213081838556","potions_obtained":[{"floor":5,"key":"Ancient Potion"},{"floor":7,"key":"Swift Potion"},{"floor":16,"key":"ElixirPotion"},{"floor":18,"key":"Energy Potion"},{"floor":23,"key":"DuplicationPotion"},{"floor":28,"key":"Explosive Potion"},{"floor":31,"key":"SteroidPotion"}],"is_trial":false,"path_per_floor":["M","?","$","?","M","R","E","$","T","?","M","?","R","$","R","B",null,"M","M","?","$","?","E","R","?","T","E","M","E","$","E","R","B",null,"M","M","$","M","M","E","R","E","T","E","M","M","M","?","R","B",null],"character_chosen":"IRONCLAD","items_purchased":["Dropkick","Warcry","Deep Breath"],"campfire_rested":1,"item_purchase_floors":[8,21,37],"current_hp_per_floor":[68,68,68,68,69,69,42,42,42,30,36,29,29,29,29,31,78,78,80,80,80,87,53,53,53,53,53,61,34,34,36,65,35,97,99,101,101,103,105,107,107,109,109,111,113,115,117,117,117,97],"gold":380,"neow_bonus":"REMOVE_TWO","is_daily":false,"chose_seed":false,"campfire_upgraded":6,"win_rate":0.0,"timestamp":1611626653,"path_taken":["M","?","$","?","?","R","E","?","T","?","M","?","R","$","R","BOSS","M","M","?","$","?","E","R","?","T","E","?","E","?","E","R","BOSS","M","?","$","M","?","E","R","E","T","E","M","M","M","?","R","BOSS"],"items_purchased_type":["Card","Card","Card"],"build_version":"2020-12-22","purchased_purges":2,"victory":true,"max_hp_per_floor":[72,72,72,72,72,72,74,74,74,76,76,76,76,76,76,78,78,78,80,80,80,87,89,89,89,89,91,93,95,95,97,97,97,97,99,101,101,103,105,107,107,109,109,111,113,115,117,117,117,117],"relic_stats":{"Singing Bowl":38,"counters":[25,81],"StoneCalendar":[0],"Letter Opener":[223],"Orichalcum":[0],"Question Card":14,"Burning Blood":126,"Sozu":8,"Ornamental Fan":[220],"Champion Belt":[75],"obtain_stats":[{"Singing Bowl":7,"StoneCalendar":42,"The Courier":23,"Letter Opener":9,"Orichalcum":40,"Question Card":27,"Burning Blood":0,"White Beast Statue":43,"Sozu":34,"HornCleat":10,"Ornamental Fan":29,"Strawberry":22,"Champion Belt":31,"InkBottle":26,"Toy Ornithopter":44,"Runic Pyramid":17},{"Singing Bowl":3,"StoneCalendar":20,"The Courier":9,"Letter Opener":3,"Orichalcum":19,"Question Card":10,"Burning Blood":0,"White Beast Statue":20,"Sozu":14,"HornCleat":4,"Ornamental Fan":12,"Strawberry":8,"Champion Belt":13,"InkBottle":9,"Toy Ornithopter":21,"Runic Pyramid":6},{"Singing Bowl":15,"StoneCalendar":70,"The Courier":39,"Letter Opener":15,"Orichalcum":69,"Question Card":41,"Burning Blood":0,"White Beast Statue":70,"Sozu":60,"HornCleat":21,"Ornamental Fan":48,"Strawberry":34,"Champion Belt":49,"InkBottle":39,"Toy Ornithopter":71,"Runic Pyramid":29}],"InkBottle":[15],"Toy Ornithopter":0},"card_choices":[{"not_picked":["Sword Boomerang","Shrug It Off","Pommel Strike"],"picked":"SKIP","floor":1},{"not_picked":["Wild Strike","Seeing Red"],"picked":"Thunderclap","floor":5},{"not_picked":["Flex","Perfected Strike","Anger"],"picked":"Singing Bowl","floor":7},{"not_picked":["Bloodletting","Shrug It Off","Twin Strike"],"picked":"Singing Bowl","floor":10},{"not_picked":["Battle Trance","Twin Strike"],"picked":"Offering","floor":11},{"not_picked":["Offering","Reaper","Immolate"],"picked":"Singing Bowl","floor":16},{"not_picked":["Sword Boomerang","Armaments"],"picked":"Inflame+1","floor":18},{"not_picked":["Reckless Charge","Warcry+1","Cleave+1"],"picked":"Singing Bowl","floor":19},{"not_picked":["Searing Blow","Demon Form","Warcry"],"picked":"Singing Bowl","floor":23},{"not_picked":["Power Through","Inflame","Uppercut"],"picked":"Singing Bowl","floor":27},{"not_picked":["Rage+1","Clash+1","Inflame","Armaments+1"],"picked":"Singing Bowl","floor":28},{"not_picked":["Headbutt","Flame Barrier","Pommel Strike","Bloodletting"],"picked":"Singing Bowl","floor":29},{"not_picked":["Clothesline","Heavy Blade","Immolate","Sword Boomerang"],"picked":"Singing Bowl","floor":31},{"not_picked":["Demon Form","Fiend Fire","Impervious"],"picked":"Exhume","floor":33},{"not_picked":["Evolve+1","Second Wind","Clash","Wild Strike"],"picked":"Singing Bowl","floor":35},{"not_picked":["Dark Embrace+1","Hemokinesis+1","Headbutt+1","Thunderclap+1"],"picked":"Singing Bowl","floor":36},{"not_picked":["Sword Boomerang+1","Pummel","Pommel Strike+1","Perfected Strike"],"picked":"Singing Bowl","floor":38},{"not_picked":["Double Tap","Heavy Blade+1","Intimidate","Warcry"],"picked":"Singing Bowl","floor":39},{"not_picked":["Carnage","Feel No Pain","Warcry","Whirlwind+1"],"picked":"Singing Bowl","floor":40},{"not_picked":["Anger","Heavy Blade","Headbutt+1","Perfected Strike+1"],"picked":"Singing Bowl","floor":42},{"not_picked":["Clothesline+1","Blood for Blood","Shockwave+1","Feed"],"picked":"Singing Bowl","floor":44},{"not_picked":["Disarm+1","Warcry","Second Wind+1","Clash+1"],"picked":"Singing Bowl","floor":45},{"not_picked":["Clash","Burning Pact","Ghostly Armor+1","Dropkick+1"],"picked":"Singing Bowl","floor":46},{"not_picked":["Twin Strike","Seeing Red","Headbutt","Body Slam"],"picked":"Singing Bowl","floor":47}],"player_experience":357790,"relics_obtained":[{"floor":7,"key":"Singing Bowl"},{"floor":9,"key":"Letter Opener"},{"floor":10,"key":"HornCleat"},{"floor":23,"key":"The Courier"},{"floor":26,"key":"InkBottle"},{"floor":27,"key":"Question Card"},{"floor":29,"key":"Ornamental Fan"},{"floor":31,"key":"Champion Belt"},{"floor":40,"key":"Orichalcum"},{"floor":42,"key":"StoneCalendar"},{"floor":43,"key":"White Beast Statue"},{"floor":44,"key":"Toy Ornithopter"}],"event_choices":[{"cards_removed":["Defend_R"],"damage_healed":0,"gold_gain":0,"player_choice":"Forget","damage_taken":0,"max_hp_gain":0,"max_hp_loss":0,"event_name":"Living Wall","floor":2,"gold_loss":0},{"cards_removed":["Defend_R"],"damage_healed":0,"gold_gain":0,"player_choice":"Offered Basic","damage_taken":0,"max_hp_gain":0,"max_hp_loss":0,"event_name":"Bonfire Elementals","floor":4,"gold_loss":0},{"damage_healed":0,"gold_gain":0,"player_choice":"Searched \u00271\u0027 times","damage_taken":0,"max_hp_gain":0,"max_hp_loss":0,"event_name":"Dead Adventurer","floor":10,"gold_loss":0},{"cards_removed":["Strike_R"],"damage_healed":0,"gold_gain":0,"player_choice":"Card Removal","damage_taken":7,"max_hp_gain":0,"max_hp_loss":0,"event_name":"Golden Wing","floor":12,"gold_loss":0},{"damage_healed":0,"gold_gain":0,"player_choice":"Simplicity","damage_taken":0,"max_hp_gain":0,"max_hp_loss":0,"event_name":"Back to Basics","floor":20,"gold_loss":0,"cards_upgraded":["Defend_R","Defend_R"]},{"damage_healed":0,"gold_gain":0,"player_choice":"Obtained Relic","damage_taken":0,"relics_obtained":["Strawberry"],"max_hp_gain":0,"max_hp_loss":0,"event_name":"Addict","floor":22,"gold_loss":85},{"damage_healed":0,"gold_gain":0,"player_choice":"Forge","damage_taken":0,"max_hp_gain":0,"max_hp_loss":0,"event_name":"Accursed Blacksmith","floor":25,"gold_loss":0,"cards_upgraded":["Offering"]},{"cards_removed":["Defend_R"],"damage_healed":0,"gold_gain":0,"player_choice":"Removed Skill","damage_taken":0,"max_hp_gain":0,"max_hp_loss":0,"event_name":"Falling","floor":48,"gold_loss":0}],"is_beta":false,"boss_relics":[{"not_picked":["Coffee Dripper","Empty Cage"],"picked":"Runic Pyramid"},{"not_picked":["Black Blood","Runic Dome"],"picked":"Sozu"}],"items_purged_floors":[3,14],"is_endless":false,"potions_floor_spawned":[5,7,16,18,23,28,31,35,39,40,42,44,45,46,47],"ascension_level":3}}