{"host":"gln8pem4hnwuntpa","time":1611694572,"event":{"mods":["BaseMod","Lobotomy","Minty Spire (QoL Compilation)","Quick Restart","Replay The Spire","StSLib"],"gold_per_floor":[117,117,63,238,238,264,264,264,264,297,312,312,327,339,339,442,442,452,307,323,336,336,367,292,292,292],"floor_reached":25,"language":"ZHS","playtime":1168,"items_purged":["Zap"],"score":243,"play_id":"18f012bd-6f3f-45c2-8f4b-4c260b8e288c","local_time":"20210127045612","is_ascension_mode":true,"campfire_choices":[{"floor":7,"key":"RECALL"},{"data":"Echo Form","floor":12,"key":"SMITH"},{"data":"Strike_B","floor":12,"key":"SMITH"}],"circlet_count":0,"master_deck":["Strike_B+1","Strike_B","Strike_B","Strike_B+1","Defend_B+1","Defend_B","Defend_B","Dualcast","BeautyBeast","Doom and Gloom+1","ReplayTheSpireMod:Restless Dread","Echo Form+1","CrumblingArmor","ReplayTheSpireMod:Doomed","Cold Snap+1","HappyTeddy","Streamline","Hyperbeam","Hyperbeam","SingingMachine"],"relics":["FrozenCore","CogitoBucket","Replay:PocketPolymizer","Ring of Misfortune","Ring of Panic","Replay:Arrowhead","ReplayTheSpireMod:TigerMarble","BackwardClock","BehaviorAdjustment","Nunchaku"],"acts_visited":["Exordium","TheCity"],"potions_floor_usage":[6,16,16,20,25,25],"damage_taken":[{"damage":1,"enemies":"Jaw Worm","floor":1,"turns":3},{"damage":2,"enemies":"Small Slimes","floor":5,"turns":3},{"damage":7,"enemies":"Lagavulin","floor":6,"turns":4},{"damage":20,"enemies":"3 Sentries","floor":10,"turns":7},{"damage":1,"enemies":"Cultist","floor":11,"turns":3},{"damage":18,"enemies":"Gremlin Gang","floor":13,"turns":4},{"damage":0,"enemies":"Looter","floor":14,"turns":3},{"damage":5,"enemies":"Slime Boss","floor":16,"turns":3},{"damage":0,"enemies":"Chosen","floor":18,"turns":4},{"damage":7,"enemies":"2 Thieves","floor":20,"turns":3},{"damage":33,"enemies":"Centurion and Healer","floor":21,"turns":4},{"damage":32,"enemies":"Gremlin Leader","floor":23,"turns":5},{"damage":5,"enemies":"Book of Stabbing","floor":25,"turns":3}],"seed_played":"7787486562142932730","potions_obtained":[{"floor":5,"key":"Toxic Potion"},{"floor":6,"key":"SteroidPotion"},{"floor":10,"key":"Dexterity Potion"},{"floor":14,"key":"Toxic Potion"},{"floor":20,"key":"SkillPotion"},{"floor":21,"key":"Swift Potion"}],"is_trial":false,"path_per_floor":["M","?","$","?","M","E","R","?","T","E","M","R","M","M","R","B",null,"M","$","M","M","?","E","?","E"],"character_chosen":"DEFECT","items_purchased":["Doom and Gloom+1","Hyperbeam"],"campfire_rested":0,"item_purchase_floors":[3,19],"current_hp_per_floor":[74,59,59,59,57,50,50,50,50,30,29,29,11,11,33,28,75,75,75,68,35,35,3,3,0,0],"gold":292,"neow_bonus":"","is_daily":false,"chose_seed":false,"campfire_upgraded":2,"win_rate":0.0,"timestamp":1611694572,"path_taken":["M","?","$","?","M","E","R","?","T","E","M","R","M","M","R","BOSS","M","$","M","M","?","E","?","E"],"items_purchased_type":["Card","Card"],"build_version":"2020-12-22","purchased_purges":1,"victory":false,"max_hp_per_floor":[75,75,75,75,75,75,75,75,75,75,75,75,75,75,75,75,75,75,75,75,75,75,75,75,75,75],"card_choices":[{"not_picked":["NakedNest","CherryBlossoms"],"picked":"BeautyBeast","floor":1},{"not_picked":["Heatsinks","BasicCrystalCard","Leap"],"picked":"SKIP","floor":1},{"not_picked":["BasicCrystalCard","Glacier","Amplify"],"picked":"SKIP","floor":5},{"not_picked":["Fission","Coolheaded","Stack"],"picked":"SKIP","floor":6},{"not_picked":["Fission","Coolheaded","Stack"],"picked":"SKIP","floor":6},{"not_picked":["Panic Button","Echo Form","Cold Snap"],"picked":"SKIP","floor":10},{"not_picked":["Panic Button","Cold Snap"],"picked":"Echo Form","floor":10},{"not_picked":["Scarecrow","WallGazer"],"picked":"CrumblingArmor","floor":11},{"not_picked":["Tempest","Defragment","Loop"],"picked":"SKIP","floor":11},{"not_picked":["Ball Lightning","Hello World"],"picked":"Cold Snap","floor":13},{"not_picked":["MeatLantern","BlackSwan"],"picked":"HappyTeddy","floor":14},{"not_picked":["Amplify","Undo","Double Energy"],"picked":"SKIP","floor":14},{"not_picked":["Steam","BasicCrystalCard"],"picked":"Streamline","floor":18},{"not_picked":["BasicCrystalCard","Stack+1"],"picked":"Hyperbeam","floor":20},{"not_picked":["MeatLantern","WhitesApple"],"picked":"SingingMachine","floor":21},{"not_picked":["ReplayTheSpireMod:System Scan","Reinforced Body+1","Streamline"],"picked":"SKIP","floor":21},{"not_picked":["Chaos","Darkness","ReplayTheSpireMod:System Scan+1"],"picked":"SKIP","floor":23},{"not_picked":["Chaos","Darkness","ReplayTheSpireMod:System Scan+1"],"picked":"SKIP","floor":23}],"player_experience":103394,"relics_obtained":[{"floor":6,"key":"Replay:PocketPolymizer"},{"floor":8,"key":"Ring of Misfortune"},{"floor":8,"key":"Ring of Panic"},{"floor":9,"key":"Replay:Arrowhead"},{"floor":10,"key":"ReplayTheSpireMod:TigerMarble"},{"floor":23,"key":"Nunchaku"}],"event_choices":[{"damage_healed":0,"gold_gain":0,"player_choice":"Entered Light","damage_taken":15,"max_hp_gain":0,"max_hp_loss":0,"event_name":"Shining Light","floor":2,"gold_loss":0,"cards_upgraded":["Defend_B","Strike_B"]},{"damage_healed":0,"gold_gain":175,"player_choice":"AGREE","damage_taken":0,"max_hp_gain":0,"max_hp_loss":0,"event_name":"Liars Game","floor":4,"gold_loss":0,"cards_obtained":["Doubt"]},{"damage_healed":0,"gold_gain":0,"player_choice":"Ignored","damage_taken":0,"max_hp_gain":0,"max_hp_loss":0,"event_name":"Ghosts","floor":22,"gold_loss":0},{"cards_removed":["Defend_B"],"damage_healed":0,"gold_gain":0,"player_choice":"Gave Gold","damage_taken":0,"max_hp_gain":0,"max_hp_loss":0,"event_name":"Beggar","floor":24,"gold_loss":75}],"is_beta":false,"boss_relics":[{"not_picked":["Inserter","Ring of Chaos"],"picked":"FrozenCore"}],"items_purged_floors":[19],"is_endless":false,"potions_floor_spawned":[5,6,10,14,20,21],"killed_by":"Book of Stabbing","ascension_level":1}}