{"host":"l2dnabsh5e0fsksb","time":1611704307,"event":{"mods":["2.2 Compatiblity","BaseMod","Downfall","Minty Spire (QoL Compilation)","Quick Restart","StSLib"],"gold_per_floor":[0,14,189,189,464,482,506,192,207,227,17,28,40,94,114,216,216,116,128,139,159,434,454,454,354,383,168,168,181,211,221,240,340,340,240,259,259,270,286,302,302,302,302,352,355,380,380,380,393,393,393,393,393,393],"floor_reached":52,"language":"ENG","playtime":1666,"items_purged":["Regret","Doubt","Regret"],"score":1055,"play_id":"7c6d91a7-ad0a-451d-813b-81fadf97763d","local_time":"20210127100827","is_ascension_mode":true,"campfire_choices":[{"data":"1","floor":1,"key":"LIFT"},{"floor":18,"key":"RECALL"},{"data":"2","floor":25,"key":"LIFT"},{"data":"3","floor":28,"key":"LIFT"},{"floor":35,"key":"REST"},{"floor":42,"key":"REST"},{"floor":47,"key":"REST"}],"circlet_count":0,"master_deck":["bronze:Strike+1","bronze:Strike","bronze:Strike","bronze:Defend","bronze:Defend","bronze:Defend","bronze:Defend","bronze:Replicate","bronze:Goto","bronze:OilSpill+1","bronze:WhirlingStrike","bronze:Flail+1","bronze:Repair","bronze:ChosenStrike+1","bronze:BuggyMess","bronze:Separator","bronze:DelayedGuard","CurseOfTheBell","bronze:DelayedSlice+1","bronze:Repulsor","bronze:WhirlingStrike+1","bronze:Repair+1","bronze:Repulsor+1","bronze:Philosophize+1","bronze:FollowUp","Parasite","bronze:FollowUp+1","bronze:FineTuning","bronze:DelayedSlice+1","expansioncontent:AwakenDeath","expansioncontent:Chronoboost","expansioncontent:PrepareCrush","bronze:Deprecate+1","bronze:Optimize+1","bronze:OilSpill","bronze:BronzeArmor+1","bronze:Replicate","bronze:WhirlingStrike+1"],"relics":["bronze:BronzeCore","Girya","Smiling Mask","Eternal Feather","Whetstone","Anchor","Calling Bell","Centennial Puzzle","Meat on the Bone","Du-Vu Doll","downfall:HeartBlessingBlue","HornCleat","downfall:HeartBlessingRed","Bag of Marbles","Oddly Smooth Stone","Gambling Chip","Fusion Hammer","downfall:HeartBlessingGreen","MealTicket","Pocketwatch","Calipers","Lantern"],"acts_visited":["Exordium","TheCity","TheBeyond","TheEnding"],"potions_floor_usage":[16,16,16,30,33,33,44],"damage_taken":[{"damage":0,"enemies":"2 Louse","floor":2,"turns":3},{"damage":12,"enemies":"Small Slimes","floor":6,"turns":3},{"damage":2,"enemies":"downfall:FleeingMerchant","floor":8,"turns":4},{"damage":0,"enemies":"Cultist","floor":9,"turns":2},{"damage":19,"enemies":"Exordium Thugs","floor":10,"turns":3},{"damage":6,"enemies":"downfall:FleeingMerchant","floor":11,"turns":4},{"damage":0,"enemies":"Red Slaver","floor":12,"turns":1},{"damage":5,"enemies":"Blue Slaver","floor":13,"turns":2},{"damage":6,"enemies":"3 Louse","floor":15,"turns":3},{"damage":33,"enemies":"WA_ARCHETYPE_RETAIN","floor":16,"turns":5},{"damage":0,"enemies":"Spheric Guardian","floor":19,"turns":3},{"damage":6,"enemies":"Shell Parasite","floor":20,"turns":3},{"damage":6,"enemies":"Cultist and Chosen","floor":21,"turns":4},{"damage":15,"enemies":"Snake Plant","floor":23,"turns":3},{"damage":0,"enemies":"Gremlin Leader","floor":26,"turns":2},{"damage":0,"enemies":"downfall:FleeingMerchant","floor":27,"turns":4},{"damage":1,"enemies":"Centurion and Healer","floor":29,"turns":3},{"damage":0,"enemies":"Book of Stabbing","floor":30,"turns":3},{"damage":0,"enemies":"Shelled Parasite and Fungi","floor":31,"turns":1},{"damage":0,"enemies":"Cultist and Chosen","floor":32,"turns":4},{"damage":34,"enemies":"IC_MUSHROOM_ARCHETYPE","floor":33,"turns":7},{"damage":0,"enemies":"3 Darklings","floor":36,"turns":1},{"damage":0,"enemies":"Orb Walker","floor":38,"turns":1},{"damage":0,"enemies":"3 Darklings","floor":39,"turns":2},{"damage":0,"enemies":"Spire Growth","floor":40,"turns":3},{"damage":4,"enemies":"Spire Growth","floor":44,"turns":4},{"damage":0,"enemies":"downfall:FleeingMerchant","floor":45,"turns":3},{"damage":18,"enemies":"Nemesis","floor":46,"turns":5},{"damage":0,"enemies":"4 Shapes","floor":49,"turns":2},{"damage":18,"enemies":"DF_ARCHETYPE_ORBS","floor":50,"turns":5},{"damage":141,"enemies":"downfall:CharBossMerchant","floor":52,"turns":8}],"seed_played":"1010151133402729150","potions_obtained":[{"floor":6,"key":"bronze:FreeFunctionsPotion"},{"floor":9,"key":"bronze:BuildAFunctionPotion"},{"floor":12,"key":"ColorlessPotion"},{"floor":13,"key":"DuplicationPotion"},{"floor":16,"key":"AttackPotion"},{"floor":19,"key":"ColorlessPotion"},{"floor":26,"key":"Explosive Potion"},{"floor":30,"key":"sneckomod:MuddlingPotion"},{"floor":39,"key":"Dexterity Potion"},{"floor":40,"key":"sneckomod:MuddlingPotion"},{"floor":44,"key":"DuplicationPotion"}],"is_trial":false,"path_per_floor":["R","M","?","?","?","M","T","$","M","M","$","M","M","T","M","B",null,"R","M","M","M","?","M","T","R","E","$","R","M","E","M","M","B",null,"R","M","?","M","M","M","T","R","?","?","$","E","R","?","M","B",null,"E"],"character_chosen":"THE_AUTOMATON","items_purchased":["Eternal Feather","Whetstone","Oddly Smooth Stone","Calipers","bronze:OilSpill"],"campfire_rested":3,"item_purchase_floors":[8,11,27,45,45],"current_hp_per_floor":[63,63,63,60,60,48,48,46,46,27,28,28,30,30,31,5,54,73,73,74,75,75,65,65,77,77,80,80,79,80,80,80,56,74,80,80,80,80,80,80,80,80,70,76,80,72,80,80,80,68,77,0,0,0],"gold":393,"neow_bonus":"ONE_RARE_RELIC","is_daily":false,"chose_seed":false,"campfire_upgraded":0,"win_rate":0.0,"timestamp":1611704307,"path_taken":["R","M","?","?","?","M","T","$","M","M","$","?","M","?","M","BOSS","R","M","M","M","?","?","T","R","E","$","R","M","E","M","M","BOSS","R","M","?","?","M","M","T","R","?","?","$","E","R","?","M","BOSS","E"],"items_purchased_type":["Relic","Relic","Relic","Relic","Card"],"build_version":"2020-12-22","purchased_purges":3,"victory":false,"max_hp_per_floor":[70,70,70,70,70,70,70,70,70,70,70,70,70,70,70,70,70,80,80,80,80,80,80,80,80,80,80,80,80,80,80,80,80,80,80,80,80,80,80,80,80,80,80,80,80,80,80,80,80,80,80,80,80,80],"card_choices":[{"not_picked":["bronze:Frontload","bronze:WildBeam"],"picked":"bronze:OilSpill","floor":2},{"not_picked":["bronze:BugBarrage","bronze:Frontload","bronze:Overload"],"picked":"SKIP","floor":6},{"not_picked":["bronze:Deprecate","bronze:Shell"],"picked":"bronze:WhirlingStrike","floor":8},{"not_picked":["bronze:GetLatest","bronze:Turbo"],"picked":"bronze:Flail","floor":9},{"not_picked":["bronze:BuggyMess","bronze:Boost"],"picked":"bronze:Repair","floor":10},{"not_picked":["bronze:CutThrough","bronze:Repair"],"picked":"bronze:ChosenStrike","floor":11},{"not_picked":["bronze:Return","bronze:CutThrough"],"picked":"bronze:BuggyMess","floor":12},{"not_picked":["bronze:BuggyMess","bronze:ItsAFeature"],"picked":"bronze:Separator","floor":13},{"not_picked":["bronze:CutThrough","bronze:Backtrace"],"picked":"bronze:DelayedGuard","floor":15},{"not_picked":["bronze:Turbo","bronze:BuggyMess+1"],"picked":"bronze:DelayedSlice+1","floor":19},{"not_picked":["bronze:Turbo","bronze:Boost"],"picked":"bronze:Repulsor","floor":20},{"not_picked":["bronze:AlphaBuild","bronze:BuggyMess","bronze:Turbo"],"picked":"SKIP","floor":21},{"not_picked":["bronze:CutThrough","bronze:ItsAFeature","bronze:CloningBeam+1"],"picked":"SKIP","floor":23},{"not_picked":["bronze:Turbo","bronze:Overheat","bronze:BugBarrage"],"picked":"SKIP","floor":26},{"not_picked":["bronze:CutThrough+1","bronze:HardenedForm"],"picked":"bronze:WhirlingStrike+1","floor":27},{"not_picked":["bronze:Overheat+1","bronze:Iterate"],"picked":"bronze:Repair+1","floor":29},{"not_picked":["bronze:Shell","bronze:Shield"],"picked":"bronze:Repulsor+1","floor":30},{"not_picked":["bronze:ClassDefault","bronze:ChosenStrike"],"picked":"bronze:Philosophize+1","floor":31},{"not_picked":["bronze:Branch","bronze:Return"],"picked":"bronze:FollowUp","floor":32},{"not_picked":["bronze:Repair","bronze:Overheat+1","bronze:Deprecate"],"picked":"SKIP","floor":36},{"not_picked":["bronze:Optimize","bronze:ForceShield+1"],"picked":"bronze:FollowUp+1","floor":38},{"not_picked":["bronze:Overheat+1","bronze:BuggyMess"],"picked":"bronze:FineTuning","floor":39},{"not_picked":["bronze:CutThrough","bronze:Boost"],"picked":"bronze:DelayedSlice+1","floor":40},{"not_picked":["expansioncontent:InvincibleStrength","expansioncontent:GuardianWhirl"],"picked":"expansioncontent:AwakenDeath","floor":43},{"not_picked":["expansioncontent:GuardianWhirl","expansioncontent:PrepareCrush"],"picked":"expansioncontent:Chronoboost","floor":43},{"not_picked":["expansioncontent:GuardianWhirl","expansioncontent:PolyBeam"],"picked":"expansioncontent:PrepareCrush","floor":43},{"not_picked":["bronze:Turbo","bronze:Backtrace+1"],"picked":"bronze:Deprecate+1","floor":44},{"not_picked":["bronze:WildBeam+1","bronze:Boost+1"],"picked":"bronze:Optimize+1","floor":45},{"not_picked":["bronze:ClassDefault","bronze:Safeguard+1"],"picked":"bronze:BronzeArmor+1","floor":46},{"not_picked":["bronze:BugBarrage","bronze:Frontload+1"],"picked":"bronze:WhirlingStrike+1","floor":49}],"player_experience":1844885,"relics_obtained":[{"floor":14,"key":"Anchor"},{"floor":17,"key":"Centennial Puzzle"},{"floor":17,"key":"Meat on the Bone"},{"floor":17,"key":"Du-Vu Doll"},{"floor":24,"key":"HornCleat"},{"floor":26,"key":"Bag of Marbles"},{"floor":30,"key":"Gambling Chip"},{"floor":41,"key":"MealTicket"},{"floor":44,"key":"Pocketwatch"},{"floor":46,"key":"Lantern"}],"event_choices":[{"damage_healed":0,"gold_gain":0,"player_choice":"Success","damage_taken":3,"relics_obtained":["Smiling Mask"],"max_hp_gain":0,"max_hp_loss":0,"event_name":"Scrap Ooze","floor":4,"gold_loss":0}],"is_beta":false,"boss_relics":[{"not_picked":["Runic Dome","SlaversCollar"],"picked":"Calling Bell"},{"not_picked":["Philosopher\u0027s Stone","Velvet Choker"],"picked":"Fusion Hammer"}],"items_purged_floors":[8,11,27],"is_endless":false,"potions_floor_spawned":[6,9,12,13,15,16,19,26,29,30,39,40,44,46],"killed_by":"downfall:CharBossMerchant","ascension_level":8}}