{"host":"7v9t59ze4jbx2rzq","time":1611690283,"event":{"mods":["BaseMod","Colored Powertips","Dark Map","Highlight Path","Minty Spire (QoL Compilation)","Optimize The Spire","Spire Arcade","StSLib","Sumireko Usami","The Caster","Wide Potions"],"gold_per_floor":[117,117,267,3,13,13,25,54,80,111,127,127,146,146,146,146,146],"floor_reached":16,"language":"ENG","playtime":1456,"items_purged":["Doubt"],"score":220,"play_id":"83aafb94-3d41-4786-afef-12030c0eb549","local_time":"20210126144443","is_ascension_mode":true,"campfire_choices":[{"data":"sumireko:Clairvoyance","floor":6,"key":"SMITH"},{"data":"sumireko:PsychokineticBurst","floor":15,"key":"SMITH"}],"circlet_count":0,"master_deck":["AscendersBane","sumireko:StrikeSeal","sumireko:StrikeSeal","sumireko:StrikeSeal","sumireko:StrikeSeal+1","sumireko:DefenseSeal","sumireko:DefenseSeal","sumireko:DefenseSeal","sumireko:Wall","sumireko:Wall","sumireko:OccultSeal","sumireko:PsychokineticBurst+1","sumireko:Clairvoyance+1","sumireko:FireburstSeal","sumireko:DeflectionSeal","sumireko:Liberator+1","sumireko:Clairvoyance+1","sumireko:RestrainingSeal","sumireko:NaturalJinx"],"relics":["sumireko:OccultBall","PreservedInsect","Bag of Marbles","Whetstone","Eternal Feather","Darkstone Periapt"],"acts_visited":["Exordium"],"potions_floor_usage":[8,16],"damage_taken":[{"damage":9,"enemies":"Jaw Worm","floor":1,"turns":6},{"damage":3,"enemies":"2 Louse","floor":5,"turns":4},{"damage":0,"enemies":"Small Slimes","floor":7,"turns":3},{"damage":8,"enemies":"Lagavulin","floor":8,"turns":3},{"damage":4,"enemies":"3 Sentries","floor":10,"turns":5},{"damage":0,"enemies":"2 Fungi Beasts","floor":11,"turns":3},{"damage":8,"enemies":"Looter","floor":13,"turns":2},{"damage":43,"enemies":"Hexaghost","floor":16,"turns":11}],"seed_played":"4684957805751046818","potions_obtained":[{"floor":1,"key":"SteroidPotion"},{"floor":7,"key":"DuplicationPotion"},{"floor":10,"key":"Fire Potion"},{"floor":11,"key":"Ancient Potion"}],"is_trial":false,"path_per_floor":["M","?","?","$","M","R","M","E","T","E","M","?","M","?","R","B"],"character_chosen":"SUMIREKO","items_purchased":["sumireko:FireburstSeal","PreservedInsect"],"campfire_rested":0,"item_purchase_floors":[4,4],"current_hp_per_floor":[56,56,56,56,53,53,53,45,45,41,41,41,33,33,42,0,0],"gold":146,"neow_bonus":"TEN_PERCENT_HP_BONUS","is_daily":false,"chose_seed":false,"campfire_upgraded":2,"win_rate":0.0,"timestamp":1611690283,"path_taken":["M","?","?","$","M","R","M","E","T","E","M","?","?","?","R","BOSS"],"items_purchased_type":["Card","Relic"],"build_version":"2020-12-22","purchased_purges":1,"victory":false,"max_hp_per_floor":[71,71,71,71,71,71,71,71,71,71,71,71,71,71,71,71,71],"card_choices":[{"not_picked":["sumireko:MirrorSeal","sumireko:MindEye"],"picked":"sumireko:Clairvoyance","floor":1},{"not_picked":["sumireko:FireburstSeal","sumireko:LuckyCharm"],"picked":"sumireko:DeflectionSeal","floor":5},{"not_picked":["sumireko:InsightSeal","sumireko:Forcefield"],"picked":"sumireko:Liberator","floor":7},{"not_picked":["sumireko:DejaVu","sumireko:FireburstSeal"],"picked":"sumireko:Clairvoyance","floor":8},{"not_picked":["sumireko:EsotericSecrets","sumireko:IronGirders"],"picked":"sumireko:RestrainingSeal","floor":10},{"not_picked":["sumireko:Materialism","sumireko:Forcefield"],"picked":"sumireko:NaturalJinx","floor":11},{"not_picked":["sumireko:FireburstSeal","sumireko:Possession","sumireko:EsotericSecrets"],"picked":"SKIP","floor":13}],"player_experience":2179805,"relics_obtained":[{"floor":8,"key":"Bag of Marbles"},{"floor":9,"key":"Whetstone"},{"floor":10,"key":"Eternal Feather"}],"event_choices":[{"damage_healed":0,"gold_gain":0,"player_choice":"Ignored","damage_taken":0,"max_hp_gain":0,"max_hp_loss":0,"event_name":"Golden Wing","floor":2,"gold_loss":0},{"damage_healed":0,"gold_gain":150,"player_choice":"AGREE","damage_taken":0,"max_hp_gain":0,"max_hp_loss":0,"event_name":"Liars Game","floor":3,"gold_loss":0,"cards_obtained":["Doubt"]},{"damage_healed":0,"gold_gain":0,"player_choice":"Searched \u00271\u0027 times","damage_taken":0,"relics_obtained":["Darkstone Periapt"],"max_hp_gain":0,"max_hp_loss":0,"event_name":"Dead Adventurer","floor":12,"gold_loss":0},{"damage_healed":0,"gold_gain":0,"player_choice":"Grow","damage_taken":0,"max_hp_gain":0,"max_hp_loss":0,"event_name":"Living Wall","floor":14,"gold_loss":0,"cards_upgraded":["sumireko:Clairvoyance"]}],"is_beta":false,"boss_relics":[],"items_purged_floors":[4],"is_endless":false,"potions_floor_spawned":[1,7,10,11],"killed_by":"Hexaghost","ascension_level":20}}