{"host":"wqmfxiqu77u15tgo","time":1611632587,"event":{"mods":["2.2 Compatiblity","Act Like it!","Ascension Reborn","BaseMod","Colored Powertips","Gensokyo","Gold Saver","HumanHunterMod(π÷ŒÔ…±»Àmod)","Humility","KinomotoSakuraMod(ƒæ÷Æ±æ”£)","Mari Mod (Legacy)","Mari\u0027s V1 Patch","Marisa£®ÏF”Í°°ƒß¿Ì…≥£©","Marked Mod","Minty Spire (QoL Compilation)","MostiFishMod","Pale of the Ancients","Reimu£®≤©¿ˆ¡È√Œ£©","Relic Stats","Shop Mod","StSLib","Uncapped","UnlockEverythingMod","Waifu the Spire","noobMod","°æ“≈ŒÔø®≈∆°øREMEMod"],"gold_per_floor":[115,127,127,127,140,140,175,2,2,12,28,56,56,69,69,170,170,190,190,190],"floor_reached":19,"language":"ZHS","playtime":2145,"items_purged":[],"score":204,"play_id":"76afc932-5102-493e-a001-2eb317cd9eb7","local_time":"20210126114307","is_ascension_mode":true,"campfire_choices":[{"data":"MostiFishMod:Dust","floor":6.0,"key":"SMITH"},{"data":"MysteriousBeam","floor":15,"key":"SMITH"}],"circlet_count":0,"master_deck":["AscendersBane","Strike_MRS","Strike_MRS","Strike_MRS","Strike_MRS","Defend_MRS","Defend_MRS","MasterSpark","UpSweep","MostiFishMod:Dust+1","PropBag","Acceleration","GravityBeat","MysteriousBeam+1","MagicAbsorber","IllusionStar","UnstableBomb","ShootTheMoon","EarthLightRay","EscapeVelocity","IllusionStar+1"],"relics":["MiniHakkero","DaveBox","ice","REME_ComplimentaryCards","EGODaCapo","SynthV:TestCard","Bottled Flame","MerchantsRug","Blood Vial","Pen Nib","REME_ChargedStone","Kunai"],"acts_visited":["Exordium","Gensokyo:Gensokyoer"],"potions_floor_usage":[12,16],"damage_taken":[{"damage":0.0,"enemies":"2 Louse","floor":1.0,"turns":4.0},{"damage":30.0,"enemies":"Jaw Worm","floor":2.0,"turns":4.0},{"damage":2.0,"enemies":"Cultist","floor":5.0,"turns":3.0},{"damage":23.0,"enemies":"Lagavulin","floor":7.0,"turns":6.0},{"damage":0.0,"enemies":"Lots of Slimes","floor":10.0,"turns":4.0},{"damage":4,"enemies":"3 Louse","floor":11,"turns":5},{"damage":3,"enemies":"3 Sentries","floor":12,"turns":3},{"damage":11,"enemies":"Exordium Wildlife","floor":14,"turns":2},{"damage":48,"enemies":"Slime Boss","floor":16,"turns":5},{"damage":0,"enemies":"Gensokyo:2_Gloops","floor":18,"turns":4},{"damage":0,"enemies":"Gensokyo:3_Dogs","floor":19,"turns":2}],"seed_played":"779145185137239404","potions_obtained":[{"floor":5.0,"key":"AttackPotion"},{"floor":7.0,"key":"BottledSpark"},{"floor":11,"key":"Weak Potion"},{"floor":12,"key":"Energy Potion"},{"floor":16,"key":"PowerPotion"},{"floor":18,"key":"Fire Potion"}],"is_trial":false,"path_per_floor":["M","M","?","?","M","R","E","$","T","M","M","E","?","M","R","B",null,"M","M"],"character_chosen":"MARISA","items_purchased":["MerchantsRug"],"campfire_rested":0,"item_purchase_floors":[8],"current_hp_per_floor":[70,40,33,33,31,31,8,8,8,8,4,77,59,50,50,8,89,89,89,89],"gold":190,"neow_bonus":"TEN_PERCENT_HP_BONUS","is_daily":false,"chose_seed":false,"campfire_upgraded":2,"win_rate":0.0,"timestamp":1611632587,"path_taken":["M","M","?","?","M","R","E","$","T","M","M","E","?","M","R","BOSS","M","M"],"items_purchased_type":["Relic"],"build_version":"2020-12-22","purchased_purges":0,"victory":false,"max_hp_per_floor":[77,77,77,77,77,77,77,77,77,77,77,77,77,79,79,89,89,89,91,91],"relic_stats":{"Blood Vial":4,"counters":[11,42],"Pen Nib":[3],"Kunai":[6],"obtain_stats":[{"AmplifyWand":12,"MerchantsRug":8,"DaveBox":0,"Gremlin Horn":7,"REME_ChargedStone":17,"Pen Nib":13,"ice":0,"Blood Vial":12,"Bottled Flame":7,"SynthV:TestCard":1,"EGODaCapo":0,"Sundial":5,"Shuriken":11,"Mummified Hand":16,"MiniHakkero":0,"Kunai":2,"REME_ComplimentaryCards":0},{"AmplifyWand":7,"MerchantsRug":4,"DaveBox":0,"Gremlin Horn":4,"REME_ChargedStone":9,"Pen Nib":7,"ice":0,"Blood Vial":7,"Bottled Flame":4,"SynthV:TestCard":1,"EGODaCapo":0,"Sundial":3,"Shuriken":6,"Mummified Hand":9,"MiniHakkero":0,"Kunai":2,"REME_ComplimentaryCards":0},{"AmplifyWand":28,"MerchantsRug":17,"DaveBox":0,"Gremlin Horn":13,"REME_ChargedStone":36,"Pen Nib":29,"ice":0,"Blood Vial":29,"Bottled Flame":17,"SynthV:TestCard":4,"EGODaCapo":0,"Sundial":10,"Shuriken":24,"Mummified Hand":34,"MiniHakkero":0,"Kunai":7,"REME_ComplimentaryCards":0}]},"card_choices":[{"not_picked":["DarkMatter","DoubleSpark"],"picked":"PropBag","floor":1.0},{"not_picked":["MachineGunSpark","DoubleSpark","GravityBeat","BlazeAway"],"picked":"Acceleration","floor":2.0},{"not_picked":["ChargeUpSpray","EventHorizon","AsteroidBelt","ManaConvection"],"picked":"MysteriousBeam","floor":5.0},{"not_picked":["SuperPerseids","Orbital","WitchLeyline","EarthLightRay"],"picked":"MagicAbsorber","floor":7.0},{"not_picked":["DoubleSpark","ChargeUpSpray","BlazeAway","EnergyRecoil"],"picked":"IllusionStar","floor":10.0},{"not_picked":["PowerUp","GalacticHalo","DarkMatter","PropBag"],"picked":"UnstableBomb","floor":11},{"not_picked":["IllusionStar","MachineGunSpark","UnstableBomb","MilkyWay"],"picked":"ShootTheMoon","floor":12},{"not_picked":["ChargeUpSpray","EnergyRecoil","BigCrunch","DC"],"picked":"EarthLightRay","floor":14},{"not_picked":["SatelliteIllusion","AbsoluteMagnitude","SuperNova","CollectingQuirk"],"picked":"EscapeVelocity","floor":16},{"not_picked":["MysteriousBeam","GalacticHalo","Acceleration","GravityBeat"],"picked":"IllusionStar+1","floor":18}],"player_experience":368122,"relics_obtained":[{"floor":1.0,"key":"SynthV:TestCard"},{"floor":7.0,"key":"Bottled Flame"},{"floor":12,"key":"Blood Vial"}],"event_choices":[{"cards_removed":["Defend_MRS"],"damage_healed":0.0,"max_hp_gain":0.0,"max_hp_loss":0.0,"gold_gain":0.0,"event_name":"Golden Wing","player_choice":"Card Removal","floor":3.0,"gold_loss":0.0,"damage_taken":7.0},{"damage_healed":0.0,"max_hp_gain":0.0,"max_hp_loss":0.0,"gold_gain":0.0,"cards_transformed":["Defend_MRS"],"event_name":"Living Wall","player_choice":"Change","floor":4.0,"gold_loss":0.0,"damage_taken":0.0,"cards_obtained":["GravityBeat"]},{"damage_healed":0,"gold_gain":0,"player_choice":"Success","damage_taken":18,"relics_obtained":["Pen Nib"],"max_hp_gain":0,"max_hp_loss":0,"event_name":"Scrap Ooze","floor":13,"gold_loss":0}],"is_beta":false,"boss_relics":[{"not_picked":["RhineFirstAidKit","Velvet Choker"],"picked":"REME_ChargedStone"}],"items_purged_floors":[],"is_endless":false,"potions_floor_spawned":[5,7,11,12,16,18],"killed_by":"Gensokyo:3_Dogs","ascension_level":0,"is_humility":true}}