{"host":"jumrmhf584hajrnz","time":1611657709,"event":{"mods":["BaseMod","Duelist Mod","GifTheSpireLib","Minty Spire (QoL Compilation)","Quick Restart","Replay The Spire","StSLib"],"gold_per_floor":[142,142,142,78,89,116,116,134,210,210,240,251,271,283,283,360,360,360,360],"floor_reached":18,"language":"ENG","playtime":858,"items_purged":[],"score":444,"play_id":"26a0b9fc-e6bd-47ca-84f8-039edb6654ef","local_time":"20210126114149","is_ascension_mode":true,"campfire_choices":[{"floor":7,"key":"RECALL"},{"data":"theDuelist:GateGuardian","floor":10,"key":"SMITH"},{"floor":15,"key":"DIG"}],"circlet_count":0,"master_deck":["AscendersBane","theDuelist:CastleWalls","theDuelist:CastleWalls","theDuelist:DarkMagician","theDuelist:MysticalElf","theDuelist:MysticalElf","theDuelist:NeoMagic","theDuelist:NeoMagic","theDuelist:Sparks","theDuelist:Sparks","theDuelist:Sparks","theDuelist:PowerKaishin","theDuelist:FairyBox","theDuelist:GateGuardian+1","theDuelist:BlueDragonSummoner","theDuelist:SangaThunder","theDuelist:InfernoFireBlast","theDuelist:InjectionFairy","theDuelist:InariFire","theDuelist:InjectionFairy","theDuelist:IrisEarthMother","theDuelist:CurseAging","Hallucinations","theDuelist:DuelistAscender"],"relics":["theDuelist:MillenniumPuzzle","theDuelist:CardPoolRelic","theDuelist:CardPoolBasicRelic","theDuelist:BoosterPackPoolRelic","theDuelist:CardPoolAddRelic","theDuelist:CardPoolMinusRelic","theDuelist:CardPoolSaveRelic","theDuelist:CardPoolOptionsRelic","NeowsBlessing","PrismaticShard","ReplayFunnel","Strawberry","Toy Ornithopter","Replay:Ancient Bell","ReplayTheSpireMod:TigerMarble","theDuelist:MillenniumPeriapt","Replay:Byrd Feeder"],"acts_visited":["Exordium","TheCity"],"potions_floor_usage":[],"damage_taken":[{"damage":0,"enemies":"Jaw Worm","floor":1,"turns":1},{"damage":0,"enemies":"Small Slimes","floor":5,"turns":2},{"damage":0,"enemies":"Replay:BlueRogue","floor":6,"turns":1},{"damage":0,"enemies":"Cultist","floor":8,"turns":2},{"damage":0,"enemies":"3 Sentries","floor":11,"turns":6},{"damage":2,"enemies":"Gremlin Gang","floor":12,"turns":4},{"damage":6,"enemies":"Looter","floor":13,"turns":4},{"damage":0,"enemies":"Large Slime","floor":14,"turns":4},{"damage":24,"enemies":"Slime Boss","floor":16,"turns":10},{"damage":0,"enemies":"2 Thieves","floor":18,"turns":1}],"seed_played":"-3576451519127976875","potions_obtained":[{"floor":5,"key":"FearPotion"},{"floor":8,"key":"theDuelist:LavaBottle"},{"floor":13,"key":"theDuelist:BurningPotionB"}],"is_trial":false,"path_per_floor":["M","?","?","?","M","E","R","M","T","R","E","M","M","M","R","B",null,"M"],"character_chosen":"THE_DUELIST","items_purchased":[],"campfire_rested":0,"item_purchase_floors":[],"current_hp_per_floor":[63,63,63,63,63,63,63,63,63,63,70,68,66,71,71,57,72,72,72],"gold":360,"neow_bonus":"THREE_ENEMY_KILL","is_daily":false,"chose_seed":false,"campfire_upgraded":1,"win_rate":0.0,"timestamp":1611657709,"path_taken":["M","?","?","?","?","E","R","M","T","R","E","?","M","M","R","BOSS","M"],"items_purchased_type":[],"build_version":"2020-12-22","purchased_purges":0,"victory":false,"max_hp_per_floor":[70,70,70,70,70,70,70,70,70,70,77,77,77,77,77,77,77,77,77],"card_choices":[{"not_picked":["theDuelist:SpellShatteringArrow","theDuelist:MagiciansRod","theDuelist:MagiciansRobe","theDuelist:OnslaughtFireKings"],"picked":"theDuelist:PowerKaishin","floor":1},{"not_picked":["theDuelist:RainbowDarkDragon","theDuelist:SangaWater"],"picked":"theDuelist:GateGuardian","floor":5},{"not_picked":["theDuelist:BlizzardWarrior","theDuelist:WhiteMagicalHat","theDuelist:SpiritHarp","theDuelist:LegendaryExodia"],"picked":"theDuelist:BlueDragonSummoner","floor":6},{"not_picked":["theDuelist:NeoMagic","theDuelist:FlyingSaucer","theDuelist:Mudballman","theDuelist:AncientElf"],"picked":"theDuelist:SangaThunder","floor":8},{"not_picked":["theDuelist:BlizzardWarrior","theDuelist:SangaThunder","theDuelist:NeoMagic","theDuelist:DarkMagician"],"picked":"theDuelist:InfernoFireBlast","floor":11},{"not_picked":["theDuelist:MysticalElf","theDuelist:FlyingSaucer","theDuelist:DarkMagicianGirl","theDuelist:FrontierWiseman"],"picked":"theDuelist:InjectionFairy","floor":12},{"not_picked":["theDuelist:LegendaryExodia","theDuelist:PowerKaishin","theDuelist:AncientElf","theDuelist:MagiciansRobe"],"picked":"theDuelist:InariFire","floor":13},{"not_picked":["theDuelist:SpellShatteringArrow","theDuelist:SangaThunder","theDuelist:NeoMagic","theDuelist:DarkMagician"],"picked":"theDuelist:InjectionFairy","floor":14},{"not_picked":["theDuelist:RainbowDarkDragon","theDuelist:RainbowMagician","theDuelist:RainbowKuriboh","theDuelist:RainbowOverdragon"],"picked":"theDuelist:IrisEarthMother","floor":16},{"not_picked":["Voices","Parasite"],"picked":"theDuelist:CurseAging","floor":17},{"not_picked":["Replay:Hysterical Blindness","theDuelist:CurseDarkness"],"picked":"Hallucinations","floor":17},{"not_picked":["theDuelist:CurseDarkness","theDuelist:SummoningCurse"],"picked":"theDuelist:DuelistAscender","floor":17}],"player_experience":1540443,"relics_obtained":[{"floor":6,"key":"ReplayFunnel"},{"floor":11,"key":"Strawberry"},{"floor":15,"key":"Toy Ornithopter"}],"event_choices":[{"damage_healed":0,"gold_gain":0,"player_choice":"Leave","damage_taken":0,"max_hp_gain":0,"max_hp_loss":0,"event_name":"The Cleric","floor":3,"gold_loss":0},{"damage_healed":0,"gold_gain":0,"player_choice":"Purchased Fairy Box for 64 Gold.","duelist":true,"damage_taken":0,"max_hp_gain":0,"max_hp_loss":0,"event_name":"Card Trader","floor":4,"gold_loss":0}],"is_beta":false,"boss_relics":[{"not_picked":["Electric Blood","HoveringKite"],"picked":"Replay:Ancient Bell"},{"not_picked":["theDuelist:ZombieRelic","theDuelist:ZoneToken"],"picked":"ReplayTheSpireMod:TigerMarble"},{"not_picked":["Self Forming Clay","Replay:Accelerometer"],"picked":"theDuelist:MillenniumPeriapt"},{"not_picked":["Girya","Tough Bandages"],"picked":"Replay:Byrd Feeder"}],"items_purged_floors":[],"is_endless":false,"potions_floor_spawned":[5,8,11,13],"killed_by":"2 Thieves","ascension_level":20}}