{"host":"4ag909k4xupnj24b","time":1611670661,"event":{"mods":["BaseMod","Minty Spire (QoL Compilation)","StSLib"],"gold_per_floor":[110,110,126,136,54,88,100,3,84,148,148,159,159,177,177,251,251,264,264,264,25,35,68,68,167,246,256,288,288,78,94,94,170,170,184,184,184,200,10,41,41,73,120,146,146,162,174,225,225,225,225,225,27,56,56],"floor_reached":56,"language":"ENG","playtime":3721,"items_purged":["Strike_R","Juggernaut"],"score":1883,"play_id":"265efa9e-041e-4400-ad35-f429a2ffd28a","local_time":"20210126061741","is_ascension_mode":true,"campfire_choices":[{"floor":7.0,"key":"REST"},{"data":"1","floor":11.0,"key":"LIFT"},{"data":"Bash","floor":13.0,"key":"SMITH"},{"data":"Pummel","floor":15.0,"key":"SMITH"},{"data":"Armaments","floor":24.0,"key":"SMITH"},{"data":"2","floor":29.0,"key":"LIFT"},{"data":"Pummel","floor":32.0,"key":"SMITH"},{"data":"3","floor":41.0,"key":"LIFT"},{"floor":45.0,"key":"RECALL"},{"data":"True Grit","floor":49,"key":"SMITH"},{"data":"Limit Break","floor":52,"key":"SMITH"}],"circlet_count":0,"master_deck":["AscendersBane","Strike_R+1","Strike_R+1","Defend_R+1","Defend_R+1","Defend_R+1","Defend_R+1","Bash+1","Inflame","Dropkick","Shrug It Off","Pummel+1","Spot Weakness","Second Wind","Headbutt","Thunderclap+1","Anger+1","Armaments+1","Limit Break+1","Pummel+1","Exhume","Feel No Pain","Reaper","Metallicize+1","Uppercut","Feel No Pain","True Grit+1","Exhume"],"relics":["Runic Dome","MawBank","Meat on the Bone","Girya","Runic Pyramid","White Beast Statue","Nunchaku","Paper Frog","Turnip","SacredBark","MealTicket","Bag of Preparation","Unceasing Top","Champion Belt","Du-Vu Doll","Lizard Tail","Art of War"],"acts_visited":["Exordium","TheCity","TheBeyond","TheEnding"],"potions_floor_usage":[50,54],"damage_taken":[{"damage":12.0,"enemies":"Small Slimes","floor":1.0,"turns":4.0},{"damage":0.0,"enemies":"Cultist","floor":3.0,"turns":3.0},{"damage":7.0,"enemies":"Jaw Worm","floor":4.0,"turns":2.0},{"damage":32.0,"enemies":"3 Sentries","floor":6.0,"turns":9.0},{"damage":28.0,"enemies":"Gremlin Nob","floor":10.0,"turns":4.0},{"damage":12.0,"enemies":"3 Louse","floor":12.0,"turns":4.0},{"damage":0.0,"enemies":"2 Fungi Beasts","floor":14.0,"turns":2.0},{"damage":33.0,"enemies":"Slime Boss","floor":16.0,"turns":8.0},{"damage":35.0,"enemies":"2 Thieves","floor":18.0,"turns":4.0},{"damage":10.0,"enemies":"Spheric Guardian","floor":22.0,"turns":4.0},{"damage":11.0,"enemies":"Book of Stabbing","floor":23.0,"turns":3.0},{"damage":27.0,"enemies":"Chosen and Byrds","floor":27.0,"turns":5.0},{"damage":9.0,"enemies":"Gremlin Leader","floor":28.0,"turns":4.0},{"damage":0.0,"enemies":"3 Cultists","floor":31.0,"turns":4.0},{"damage":9.0,"enemies":"Collector","floor":33.0,"turns":6.0},{"damage":19.0,"enemies":"3 Darklings","floor":35.0,"turns":4.0},{"damage":13.0,"enemies":"Orb Walker","floor":38.0,"turns":4.0},{"damage":27.0,"enemies":"Reptomancer","floor":40.0,"turns":3.0},{"damage":23.0,"enemies":"Nemesis","floor":42.0,"turns":3.0},{"damage":12.0,"enemies":"Giant Head","floor":44.0,"turns":6.0},{"damage":18.0,"enemies":"Spire Growth","floor":46.0,"turns":5.0},{"damage":20,"enemies":"Maw","floor":47,"turns":4},{"damage":27,"enemies":"2 Orb Walkers","floor":48,"turns":5},{"damage":84,"enemies":"Awakened One","floor":50,"turns":9},{"damage":116,"enemies":"Shield and Spear","floor":54,"turns":6},{"damage":115,"enemies":"The Heart","floor":55,"turns":6}],"seed_played":"-5957896960201601630","potions_obtained":[{"floor":4.0,"key":"Explosive Potion"},{"floor":10.0,"key":"DuplicationPotion"},{"floor":12.0,"key":"SneckoOil"},{"floor":22.0,"key":"Explosive Potion"},{"floor":23.0,"key":"FearPotion"},{"floor":27.0,"key":"PowerPotion"},{"floor":28.0,"key":"BlessingOfTheForge"},{"floor":31.0,"key":"Fire Potion"},{"floor":33.0,"key":"SpeedPotion"},{"floor":35.0,"key":"ColorlessPotion"},{"floor":40.0,"key":"BloodPotion"},{"floor":42.0,"key":"BlessingOfTheForge"},{"floor":44.0,"key":"SmokeBomb"},{"floor":47,"key":"Fire Potion"},{"floor":54,"key":"SmokeBomb"}],"is_trial":false,"path_per_floor":["M","?","M","M","$","E","R","$","T","?","R","M","R","M","R","B",null,"M","?","?","$","M","E","R","?","T","M","E","R","$","M","R","B",null,"M","?","?","M","$","E","R","E","T","E","R","M","M","?","R","B",null,"R","$","E","B",null],"character_chosen":"IRONCLAD","items_purchased":["Pummel","Spot Weakness","White Beast Statue","Pummel","Exhume","Bag of Preparation","Uppercut","FairyPotion"],"campfire_rested":1,"item_purchase_floors":[5,8,21,30,30,39,39,53],"current_hp_per_floor":[56,56,56,49,49,17,39,39,39,23,23,23,23,35,35,14,60,37,37,37,37,39,40,40,40,40,25,28,28,28,40,40,43,67,75,75,75,75,75,75,75,52,52,75,75,75,73,65,65,23,62,62,75,71,16],"gold":56,"neow_bonus":"BOSS_RELIC","is_daily":false,"chose_seed":false,"campfire_upgraded":6,"win_rate":0.0,"timestamp":1611670661,"path_taken":["M","?","M","M","?","E","R","$","T","?","R","M","R","M","R","BOSS","M","?","?","$","M","E","R","?","T","M","E","R","$","M","R","BOSS","M","?","?","M","$","E","R","E","T","E","R","M","?","?","R","BOSS","R","$","E","BOSS"],"items_purchased_type":["Card","Card","Relic","Card","Card","Relic","Card","Potion"],"build_version":"2020-12-22","purchased_purges":2,"victory":true,"max_hp_per_floor":[75,75,75,75,75,75,75,75,75,75,75,75,75,75,75,75,75,75,75,75,75,75,75,75,75,75,75,75,75,75,75,75,75,75,75,75,75,75,75,75,75,75,75,75,75,75,75,75,75,75,75,75,75,75,75],"card_choices":[{"not_picked":["Anger","Warcry"],"picked":"Inflame","floor":1.0},{"not_picked":["Pommel Strike","Ghostly Armor"],"picked":"Dropkick","floor":3.0},{"not_picked":["Havoc","Heavy Blade"],"picked":"Shrug It Off","floor":4.0},{"not_picked":["Clash","Warcry"],"picked":"Inflame","floor":6.0},{"not_picked":["Pummel","Twin Strike"],"picked":"Second Wind","floor":10.0},{"not_picked":["Twin Strike","Searing Blow"],"picked":"Headbutt","floor":12.0},{"not_picked":["Headbutt","Bloodletting","Second Wind"],"picked":"SKIP","floor":14.0},{"not_picked":["Bludgeon","Impervious"],"picked":"Juggernaut","floor":16.0},{"not_picked":["Perfected Strike","Headbutt"],"picked":"Thunderclap+1","floor":18.0},{"not_picked":["Body Slam","Dropkick"],"picked":"Anger+1","floor":22.0},{"not_picked":["Rage","Body Slam"],"picked":"Armaments","floor":23.0},{"not_picked":["Havoc","Heavy Blade"],"picked":"Limit Break","floor":27.0},{"not_picked":["Second Wind","Seeing Red","Intimidate"],"picked":"SKIP","floor":28.0},{"not_picked":["Pummel","Havoc"],"picked":"Feel No Pain","floor":31.0},{"not_picked":["Bludgeon","Offering"],"picked":"Reaper","floor":33.0},{"not_picked":["Searing Blow","Whirlwind"],"picked":"Metallicize+1","floor":35.0},{"not_picked":["Wild Strike","Sentinel+1","Sever Soul+1"],"picked":"SKIP","floor":38.0},{"not_picked":["Headbutt","Cleave+1"],"picked":"Feel No Pain","floor":40.0},{"not_picked":["Hemokinesis","Clothesline+1","Carnage"],"picked":"SKIP","floor":42.0},{"not_picked":["Hemokinesis","Clothesline+1","Carnage"],"picked":"SKIP","floor":42.0},{"not_picked":["Clothesline+1","Cleave"],"picked":"True Grit","floor":44.0},{"not_picked":["Sword Boomerang","Perfected Strike+1","Spot Weakness+1"],"picked":"SKIP","floor":46.0},{"not_picked":["Headbutt","Dual Wield","Wild Strike"],"picked":"SKIP","floor":47},{"not_picked":["Body Slam","Cleave"],"picked":"Exhume","floor":54}],"player_experience":876998,"relics_obtained":[{"floor":6.0,"key":"MawBank"},{"floor":9.0,"key":"Meat on the Bone"},{"floor":23.0,"key":"Nunchaku"},{"floor":26.0,"key":"Paper Frog"},{"floor":28.0,"key":"Turnip"},{"floor":40.0,"key":"Unceasing Top"},{"floor":42.0,"key":"Champion Belt"},{"floor":44.0,"key":"Du-Vu Doll"},{"floor":48,"key":"Lizard Tail"},{"floor":54,"key":"Art of War"}],"event_choices":[{"cards_removed":["Strike_R"],"damage_healed":0.0,"max_hp_gain":0.0,"max_hp_loss":0.0,"gold_gain":0.0,"event_name":"Bonfire Elementals","player_choice":"Offered Basic","floor":2.0,"gold_loss":0.0,"damage_taken":0.0},{"damage_healed":0.0,"max_hp_gain":0.0,"max_hp_loss":0.0,"gold_gain":0.0,"event_name":"Dead Adventurer","player_choice":"Searched \u00272\u0027 times","floor":10.0,"gold_loss":0.0,"damage_taken":0.0,"relics_obtained":["Girya"]},{"damage_healed":0.0,"max_hp_gain":0.0,"max_hp_loss":0.0,"gold_gain":0.0,"event_name":"Ghosts","player_choice":"Ignored","floor":19.0,"gold_loss":0.0,"damage_taken":0.0},{"damage_healed":0.0,"max_hp_gain":0.0,"max_hp_loss":0.0,"gold_gain":0.0,"event_name":"Back to Basics","player_choice":"Simplicity","floor":20.0,"gold_loss":0.0,"damage_taken":0.0,"cards_upgraded":["Strike_R","Strike_R","Strike_R","Defend_R","Defend_R","Defend_R","Defend_R"]},{"damage_healed":0.0,"max_hp_gain":0.0,"max_hp_loss":0.0,"gold_gain":99.0,"event_name":"Nest","player_choice":"Stole From Cult","floor":25.0,"gold_loss":0.0,"damage_taken":0.0},{"cards_removed":["Strike_R"],"damage_healed":0.0,"max_hp_gain":0.0,"max_hp_loss":0.0,"gold_gain":0.0,"event_name":"Falling","player_choice":"Removed Attack","floor":36.0,"gold_loss":0.0,"damage_taken":0.0},{"cards_removed":["Inflame"],"damage_healed":0.0,"max_hp_gain":0.0,"max_hp_loss":0.0,"gold_gain":0.0,"event_name":"WeMeetAgain","player_choice":"Gave Card","floor":37.0,"gold_loss":0.0,"damage_taken":0.0,"relics_obtained":["MealTicket"]},{"damage_healed":0,"gold_gain":0,"player_choice":"Fight","damage_taken":0,"max_hp_gain":0,"max_hp_loss":0,"event_name":"Mysterious Sphere","floor":48,"gold_loss":0}],"is_beta":false,"boss_relics":[{"not_picked":["Coffee Dripper","Fusion Hammer"],"picked":"Runic Pyramid"},{"not_picked":["Astrolabe","Empty Cage"],"picked":"SacredBark"}],"items_purged_floors":[8,53],"is_endless":false,"potions_floor_spawned":[4,10,12,22,23,27,28,31,33,35,38,40,42,44,46,47,48,54],"ascension_level":14}}