{"host":"yqm","time":1611675598,"event":{"mods":["ATMod(阿瑾Mod)","BaseMod","Challenge The Spire","Colored Map","Colored Powertips","DeckTracker","Good Game Mod","Minty Spire (QoL Compilation)","MostiFishMod","Quick Restart","Relic Filter","Relic Filter Mod","Relic Stats","Remove Card Discount Mod","StSLib","TestMod","noobMod","篝火指南"],"gold_per_floor":[112,130,144,157,169,201,219,237,310,330,143,155,155,181,181,256,256,270,270,282,300,320,354,354,354,354,184,584,599,610,641,641,719,719,739,764,764,779,103,129,129,154,154,154,171,183,183,39,39,39,39,39,39,39,74,74],"floor_reached":57,"language":"ZHS","playtime":5202,"items_purged":["Strike_G","Strike_G","Strike_G","Strike_G","Strike_G","Defend_G","Defend_G","Defend_G","Defend_G","Defend_G","Survivor","Neutralize","Writhe","Setup","MostiFishMod:PerfectParry","AT_ShadowStep","MostiFishMod:HiddenBlade+1","Outmaneuver+1","MostiFishMod:PoisonShield","Backflip","AT_KneejerkReflex","Acrobatics","MostiFishMod:Neurotoxin+1"],"score":3561,"play_id":"1ed9bb66-2fb1-44c7-a7ff-2e1b1b2f4011","local_time":"20210126233958","is_ascension_mode":true,"campfire_choices":[{"floor":15.0,"key":"RECALL"},{"data":"testmod-Reflect","floor":24.0,"key":"SMITH"},{"data":"MostiFishMod:HiddenBlade","floor":32,"key":"SMITH"},{"data":"MostiFishMod:AdrenalineArouse","floor":41,"key":"SMITH"},{"data":"MostiFishMod:Neurotoxin","floor":44,"key":"SMITH"},{"data":"Well Laid Plans","floor":47,"key":"SMITH"},{"data":"Catalyst","floor":49,"key":"SMITH"},{"data":"Bouncing Flask","floor":53,"key":"SMITH"}],"circlet_count":0,"master_deck":["AscendersBane","testmod-Reflect+1","Bouncing Flask+1","Escape Plan","Well Laid Plans+1","MostiFishMod:AdrenalineArouse+1","Catalyst+1","Footwork+1","MostiFishMod:PerfectParry+1"],"relics":["Ring of the Snake","REME:ComplimentaryCards","ice","DaveBox","AT_ATBox","testmod-TestBox","testmod-BouquetWithThorns","BionicSphere","SynthV:TestCard","AT_BellDemon","testmod-BalancedPeriapt","AT_GuinsooRageblade","Kunai","Meat on the Bone","Art of War","Anchor","Bag of Preparation","AT_Kusabimaru","SynthV:C4","Matryoshka","AT_SunfireAegis","ArrowTower","AT_ArcaneBoots","Happy Flower","Mummified Hand","Oddly Smooth Stone","Strawberry","HornCleat","Bronze Scales","Blood Vial","Whetstone","CombinedTypeHook","Blue Candle","Bottled Lightning","FeatherPendant","The Courier","Mango","StrikeDummy","Ancient Tea Set","AT_ChloranthyRing","InkBottle","Sundial","Chemical X","testmod-OneHitWonder","testmod-Maize","Boot","AT_TimeSand","Omamori","Dream Catcher","Bottled Tornado","Dodecahedron","testmod-RealStoneCalender","testmod-FatalChain"],"acts_visited":["Exordium","TheCity","TheBeyond","TheEnding"],"potions_floor_usage":[],"damage_taken":[{"damage":0.0,"enemies":"2 Louse","floor":1.0,"turns":1.0},{"damage":0.0,"enemies":"Jaw Worm","floor":2.0,"turns":1.0},{"damage":0.0,"enemies":"Small Slimes","floor":3.0,"turns":1.0},{"damage":0.0,"enemies":"2 Fungi Beasts","floor":4.0,"turns":5.0},{"damage":0.0,"enemies":"Exordium Wildlife","floor":5.0,"turns":8.0},{"damage":0.0,"enemies":"3 Sentries","floor":6.0,"turns":12.0},{"damage":6.0,"enemies":"3 Louse","floor":7.0,"turns":3.0},{"damage":0.0,"enemies":"Red Slaver","floor":8.0,"turns":4.0},{"damage":0.0,"enemies":"Looter","floor":10.0,"turns":3.0},{"damage":0.0,"enemies":"Blue Slaver","floor":12.0,"turns":4.0},{"damage":49.0,"enemies":"Gremlin Nob","floor":14.0,"turns":4.0},{"damage":0.0,"enemies":"Hexaghost","floor":16.0,"turns":6.0},{"damage":0.0,"enemies":"3 Byrds","floor":18.0,"turns":2.0},{"damage":0.0,"enemies":"Spheric Guardian","floor":20.0,"turns":5.0},{"damage":0.0,"enemies":"Cultist and Chosen","floor":21.0,"turns":3.0},{"damage":14.0,"enemies":"3 Cultists","floor":22.0,"turns":4.0},{"damage":27.0,"enemies":"Book of Stabbing","floor":23.0,"turns":4.0},{"damage":0.0,"enemies":"Snake Plant","floor":29.0,"turns":2.0},{"damage":0.0,"enemies":"Sentry and Sphere","floor":30.0,"turns":2.0},{"damage":0,"enemies":"Slavers","floor":31,"turns":2},{"damage":0,"enemies":"Champ","floor":33,"turns":3},{"damage":0,"enemies":"Orb Walker","floor":35,"turns":1},{"damage":0,"enemies":"Mind Bloom Boss Battle","floor":36,"turns":1},{"damage":0,"enemies":"3 Darklings","floor":38,"turns":1},{"damage":0,"enemies":"Reptomancer","floor":40,"turns":1},{"damage":0,"enemies":"Giant Head","floor":42,"turns":1},{"damage":0,"enemies":"Spire Growth","floor":45,"turns":1},{"damage":0,"enemies":"Writhing Mass","floor":46,"turns":1},{"damage":0,"enemies":"Time Eater","floor":50,"turns":4},{"damage":0,"enemies":"Awakened One","floor":51,"turns":2},{"damage":0,"enemies":"Shield and Spear","floor":55,"turns":1},{"damage":2,"enemies":"The Heart","floor":56,"turns":4}],"seed_played":"-723382991107589503","potions_obtained":[{"floor":2.0,"key":"Fruit Juice"},{"floor":5.0,"key":"ColorlessPotion"},{"floor":7.0,"key":"SteroidPotion"},{"floor":10.0,"key":"testmod-TestPotion"},{"floor":12.0,"key":"SkillPotion"},{"floor":14.0,"key":"Explosive Potion"},{"floor":18.0,"key":"AttackPotion"},{"floor":21.0,"key":"Strength Potion"},{"floor":38,"key":"DuplicationPotion"},{"floor":55,"key":"GhostInAJar"}],"is_trial":false,"path_per_floor":["M","M","M","M","M","E","M","M","T","M","R","M","?","E","R","B",null,"M","?","M","M","M","E","R","?","T","$","?","M","M","E","R","B",null,"M","?","?","M","$","E","R","E","T","R","M","M","R","$","R","B","B",null,"R","$","E","B",null],"character_chosen":"THE_SILENT","items_purchased":["Art of War","Bronze Scales","AT_ChloranthyRing","InkBottle","Sundial","Chemical X","Dodecahedron"],"campfire_rested":0,"item_purchase_floors":[11,27,39,39,39,39,48],"current_hp_per_floor":[59,64,64,64,64,64,58,58,58,58,58,58,58,21,21,33,62,62,62,62,62,48,33,33,33,54,54,54,54,56,58,58,60,68,70,71,71,71,71,71,71,71,71,71,71,71,71,71,71,71,71,71,71,71,71,69],"gold":74,"neow_bonus":"THREE_ENEMY_KILL","is_daily":false,"chose_seed":false,"campfire_upgraded":7,"win_rate":0.0,"timestamp":1611675598,"path_taken":["M","M","M","M","M","E","M","M","T","M","R","M","?","E","R","BOSS","M","?","M","M","M","E","R","?","T","$","?","M","M","E","R","BOSS","M","?","?","M","$","E","R","E","T","R","M","M","R","$","R","BOSS","BOSS","R","$","E","BOSS"],"items_purchased_type":["Relic","Relic","Relic","Relic","Relic","Relic","Relic"],"build_version":"2020-12-18","purchased_purges":23,"victory":true,"max_hp_per_floor":[66,71,71,71,71,71,71,71,71,71,71,71,71,71,71,71,71,71,71,71,71,71,71,71,71,71,71,71,71,71,71,71,71,71,71,71,71,71,71,71,71,71,71,71,71,71,71,71,71,71,71,71,71,71,71,71],"relic_stats":{"Happy Flower":[10],"counters":[32,97],"Blue Candle":[2],"Bag of Preparation":[42],"Whetstone":[],"Boot":[0],"Blood Vial":9,"Dream Catcher":0,"Mummified Hand":[141],"Sundial":[20],"Bronze Scales":[45],"Art of War":[30],"Kunai":[1],"Chemical X":[1],"obtain_stats":[{"CombinedTypeHook":31,"AT_ATBox":0,"AT_ArcaneBoots":33,"ice":0,"AT_TimeSand":42,"Whetstone":30,"Bottled Tornado":46,"Boot":42,"Blood Vial":29,"HornCleat":26,"Sundial":39,"Strawberry":26,"Kunai":9,"AT_GuinsooRageblade":8,"testmod-Maize":40,"testmod-TestBox":0,"Happy Flower":22,"Dodecahedron":48,"Blue Candle":31,"testmod-FatalChain":55,"Oddly Smooth Stone":23,"testmod-RealStoneCalender":55,"AT_SpeedBoots":21,"BionicSphere":0,"Bronze Scales":27,"ArrowTower":20,"StrikeDummy":36,"testmod-OneHitWonder":40,"Meat on the Bone":10,"AT_BellDemon":6,"DaveBox":0,"Mango":36,"Bag of Preparation":14,"testmod-BouquetWithThorns":0,"Ancient Tea Set":38,"SynthV:C4":16,"Dream Catcher":45,"AT_Kusabimaru":14,"Matryoshka":18,"Mummified Hand":23,"Chemical X":39,"InkBottle":39,"Ring of the Snake":0,"AT_ChloranthyRing":39,"NeowsBlessing":0,"The Courier":35,"Omamori":43,"REME:ComplimentaryCards":0,"Anchor":12,"SynthV:TestCard":1,"FeatherPendant":34,"Art of War":11,"Bottled Lightning":33,"testmod-BalancedPeriapt":7,"AT_SunfireAegis":19},{"CombinedTypeHook":20,"AT_ATBox":0,"AT_ArcaneBoots":21,"ice":0,"AT_TimeSand":26,"Whetstone":19,"Bottled Tornado":28,"Boot":26,"Blood Vial":18,"HornCleat":17,"Sundial":24,"Strawberry":17,"Kunai":8,"AT_GuinsooRageblade":8,"testmod-Maize":25,"testmod-TestBox":0,"Happy Flower":16,"Dodecahedron":28,"Blue Candle":20,"testmod-FatalChain":31,"Oddly Smooth Stone":17,"testmod-RealStoneCalender":31,"AT_SpeedBoots":15,"BionicSphere":0,"Bronze Scales":17,"ArrowTower":14,"StrikeDummy":23,"testmod-OneHitWonder":25,"Meat on the Bone":9,"AT_BellDemon":6,"DaveBox":0,"Mango":23,"Bag of Preparation":11,"testmod-BouquetWithThorns":0,"Ancient Tea Set":24,"SynthV:C4":12,"Dream Catcher":27,"AT_Kusabimaru":11,"Matryoshka":13,"Mummified Hand":17,"Chemical X":24,"InkBottle":24,"Ring of the Snake":0,"AT_ChloranthyRing":24,"NeowsBlessing":0,"The Courier":22,"Omamori":26,"REME:ComplimentaryCards":0,"Anchor":10,"SynthV:TestCard":1,"FeatherPendant":21,"Art of War":9,"Bottled Lightning":21,"testmod-BalancedPeriapt":7,"AT_SunfireAegis":13},{"CombinedTypeHook":76,"AT_ATBox":0,"AT_ArcaneBoots":77,"ice":0,"AT_TimeSand":84,"Whetstone":74,"Bottled Tornado":86,"Boot":84,"Blood Vial":72,"HornCleat":70,"Sundial":82,"Strawberry":70,"Kunai":35,"AT_GuinsooRageblade":35,"testmod-Maize":83,"testmod-TestBox":0,"Happy Flower":66,"Dodecahedron":86,"Blue Candle":76,"testmod-FatalChain":93,"Oddly Smooth Stone":70,"testmod-RealStoneCalender":93,"AT_SpeedBoots":62,"BionicSphere":0,"Bronze Scales":70,"ArrowTower":59,"StrikeDummy":81,"testmod-OneHitWonder":83,"Meat on the Bone":38,"AT_BellDemon":28,"DaveBox":0,"Mango":81,"Bag of Preparation":46,"testmod-BouquetWithThorns":0,"Ancient Tea Set":82,"SynthV:C4":52,"Dream Catcher":85,"AT_Kusabimaru":46,"Matryoshka":54,"Mummified Hand":70,"Chemical X":82,"InkBottle":82,"Ring of the Snake":0,"AT_ChloranthyRing":82,"NeowsBlessing":0,"The Courier":80,"Omamori":84,"REME:ComplimentaryCards":0,"Anchor":42,"SynthV:TestCard":1,"FeatherPendant":79,"Art of War":38,"Bottled Lightning":79,"testmod-BalancedPeriapt":31,"AT_SunfireAegis":54}],"InkBottle":[41],"Ring of the Snake":[64],"Meat on the Bone":36},"card_choices":[{"not_picked":["Slice","AT_FocusSwordFire"],"picked":"MostiFishMod:PoisonShield","floor":1.0},{"not_picked":["AT_TwilightShroud","Caltrops","PiercingWail","Predator","Masterful Stab"],"picked":"SKIP","floor":2.0},{"not_picked":["AT_ShadowStep","Expertise","Slice","Dagger Spray"],"picked":"MostiFishMod:PerfectParry","floor":3.0},{"not_picked":["Dash","Distraction","Underhanded Strike","Terror"],"picked":"Bouncing Flask","floor":4.0},{"not_picked":["Sucker Punch","Distraction","Acrobatics","Slice"],"picked":"Escape Plan","floor":5.0},{"not_picked":["Cloak And Dagger","Crippling Poison","MostiFishMod:GrandStart","Deadly Poison"],"picked":"Backflip","floor":6.0},{"not_picked":["AT_WindFlip","Prepared","Bane","Poisoned Stab","Deflect"],"picked":"SKIP","floor":7.0},{"not_picked":["Underhanded Strike","Setup","Cloak And Dagger","Blur"],"picked":"AT_KneejerkReflex","floor":8.0},{"not_picked":["Deadly Poison","Outmaneuver","Heel Hook","Deflect"],"picked":"Well Laid Plans","floor":10.0},{"not_picked":["Slice","Concentrate","Predator","Infinite Blades"],"picked":"MostiFishMod:Neurotoxin","floor":12.0},{"not_picked":["Deadly Poison","Choke","MostiFishMod:SpreadingSpore","Quick Slash"],"picked":"Footwork","floor":14.0},{"not_picked":["AT_EssenceShift","A Thousand Cuts","Adrenaline","Wraith Form v2"],"picked":"MostiFishMod:AdrenalineArouse","floor":16.0},{"not_picked":["Outmaneuver","Concentrate","Prepared","Riddle With Holes"],"picked":"Catalyst","floor":18.0},{"not_picked":["Concentrate","Slice","PiercingWail","Outmaneuver","Bane"],"picked":"SKIP","floor":20.0},{"not_picked":["MostiFishMod:PerfectParry","Choke","Cloak And Dagger","Dodge and Roll+1","Setup"],"picked":"SKIP","floor":21.0},{"not_picked":["Bane","Deflect","Dagger Spray","Catalyst","AT_ArcaneSupremacy"],"picked":"SKIP","floor":22.0},{"not_picked":["Endless Agony+1","AT_TinkerSharpsword","AT_Desolate","Slice"],"picked":"Acrobatics","floor":23.0},{"not_picked":["Reflex","Glass Knife","MostiFishMod:PerfectParry","Deflect+1"],"picked":"AT_ShadowStep","floor":29.0},{"not_picked":["Poisoned Stab","MostiFishMod:PerfectParry","Flying Knee","PiercingWail"],"picked":"Footwork+1","floor":30.0},{"not_picked":["Leg Sweep","Backflip","Choke","Quick Slash"],"picked":"Outmaneuver+1","floor":31},{"not_picked":["MostiFishMod:FrostNova","Acrobatics","Dagger Throw","Slice","Outmaneuver"],"picked":"SKIP","floor":35},{"not_picked":["Sucker Punch","AT_ShadowStep","Prepared","Unload","Escape Plan"],"picked":"SKIP","floor":38},{"not_picked":["Bane","Deflect+1","AT_ArcaneSupremacy","Deadly Poison","AT_TwilightShroud+1"],"picked":"SKIP","floor":40},{"not_picked":["Dash","Backflip","AT_WindFlip+1","Sucker Punch","Deadly Poison"],"picked":"SKIP","floor":42},{"not_picked":["Acrobatics","Poisoned Stab","Masterful Stab","Calculated Gamble"],"picked":"MostiFishMod:PerfectParry+1","floor":45},{"not_picked":["MostiFishMod:PoisonShield","MostiFishMod:Dislodge","AT_TwilightShroud","Underhanded Strike","Prepared"],"picked":"SKIP","floor":46},{"not_picked":["Heel Hook","Corpse Explosion","MostiFishMod:ShivMaster","Blade Dance","Backflip"],"picked":"SKIP","floor":55}],"player_experience":868739,"relics_obtained":[{"floor":1.0,"key":"SynthV:TestCard"},{"floor":6.0,"key":"AT_BellDemon"},{"floor":7.0,"key":"testmod-BalancedPeriapt"},{"floor":8.0,"key":"AT_GuinsooRageblade"},{"floor":9.0,"key":"Kunai"},{"floor":10.0,"key":"Meat on the Bone"},{"floor":12.0,"key":"Anchor"},{"floor":14.0,"key":"Bag of Preparation"},{"floor":14.0,"key":"AT_Kusabimaru"},{"floor":16.0,"key":"SynthV:C4"},{"floor":18.0,"key":"Matryoshka"},{"floor":20.0,"key":"ArrowTower"},{"floor":21.0,"key":"AT_SpeedBoots"},{"floor":22.0,"key":"Happy Flower"},{"floor":23.0,"key":"Mummified Hand"},{"floor":23.0,"key":"Oddly Smooth Stone"},{"floor":26.0,"key":"Strawberry"},{"floor":26.0,"key":"HornCleat"},{"floor":29.0,"key":"Blood Vial"},{"floor":30.0,"key":"Whetstone"},{"floor":31,"key":"CombinedTypeHook"},{"floor":31,"key":"Blue Candle"},{"floor":33,"key":"Bottled Lightning"},{"floor":35,"key":"The Courier"},{"floor":36,"key":"Mango"},{"floor":36,"key":"StrikeDummy"},{"floor":38,"key":"Ancient Tea Set"},{"floor":40,"key":"testmod-OneHitWonder"},{"floor":40,"key":"testmod-Maize"},{"floor":42,"key":"Boot"},{"floor":42,"key":"AT_TimeSand"},{"floor":43,"key":"Omamori"},{"floor":45,"key":"Dream Catcher"},{"floor":46,"key":"Bottled Tornado"},{"floor":55,"key":"testmod-RealStoneCalender"},{"floor":55,"key":"testmod-FatalChain"}],"event_choices":[{"damage_healed":0.0,"max_hp_gain":0.0,"max_hp_loss":0.0,"gold_gain":0.0,"event_name":"Golden Wing","player_choice":"Ignored","floor":13.0,"gold_loss":0.0,"damage_taken":0.0},{"damage_healed":0.0,"max_hp_gain":0.0,"max_hp_loss":0.0,"gold_gain":0.0,"event_name":"The Mausoleum","player_choice":"Opened","floor":19.0,"gold_loss":0.0,"damage_taken":0.0,"relics_obtained":["AT_SunfireAegis"],"cards_obtained":["Writhe"]},{"damage_healed":0.0,"max_hp_gain":0.0,"max_hp_loss":0.0,"gold_gain":0.0,"event_name":"The Library","player_choice":"Read","floor":25.0,"gold_loss":0.0,"damage_taken":0.0,"cards_obtained":["MostiFishMod:HiddenBlade"]},{"damage_healed":0.0,"max_hp_gain":0.0,"max_hp_loss":0.0,"gold_gain":400.0,"event_name":"恩洛斯的盘子","player_choice":"Sell","floor":28.0,"relics_lost":["NeowsBlessing"],"gold_loss":0.0,"damage_taken":0.0},{"damage_healed":0,"gold_gain":0,"player_choice":"Fight","damage_taken":0,"max_hp_gain":0,"max_hp_loss":0,"event_name":"MindBloom","floor":36,"gold_loss":0},{"damage_healed":0,"gold_gain":0,"cards_transformed":["Footwork"],"player_choice":"Transformed","damage_taken":0,"max_hp_gain":0,"max_hp_loss":0,"event_name":"Transmorgrifier","floor":37,"gold_loss":0,"cards_obtained":["Setup"]}],"is_beta":true,"boss_relics":[{"not_picked":["testmod-Recursion","testmod-IncinerationGenerator","testmod-BloodSacrificeSpiritualization"]},{"not_picked":["FrostBlade","Busted Crown"],"picked":"FeatherPendant"}],"items_purged_floors":[11,11,11,11,11,11,11,11,11,11,11,11,27,39,48,48,48,48,48,48,48,48,48],"is_endless":false,"potions_floor_spawned":[2,5,7,10,12,14,18,20,21,30,38,45,46,55],"ascension_level":20}}