{"host":"zrtolk9726p85qr7","time":1611701861,"event":{"mods":["BaseMod","BetterRewards","Colored Powertips","Minty Spire (QoL Compilation)","Permanent Neow","Quick Restart","Spire Arcade","StSLib","The Animator","The Necromancer"],"gold_per_floor":[110,123,123,138,138,170,170,21,21,41,60,60,25,25,25,124,124,134,152,152,1,12,42,60,60,60,60,80,41,41,60,60,60,60],"floor_reached":33,"language":"ENG","playtime":1287,"items_purged":[],"score":269,"play_id":"8c3cc93c-d652-460c-8b04-eeedcfa969dc","local_time":"20210126235741","is_ascension_mode":false,"campfire_choices":[{"floor":7.0,"key":"REST"},{"floor":12.0,"key":"REST"},{"data":"Backstab","floor":15.0,"key":"SMITH"},{"data":"Slice","floor":25.0,"key":"SMITH"},{"floor":27.0,"key":"REST"},{"floor":32,"key":"REST"}],"circlet_count":0,"master_deck":["Strike_G","Strike_G","Strike_G","Strike_G","Strike_G","Defend_G","Defend_G","Defend_G","Defend_G","Defend_G","Survivor","Neutralize","Masterful Stab+1","Cloak And Dagger","Dagger Spray","Backstab+1","Slice+1","Die Die Die","Slice","Accuracy"],"relics":["Ring of the Snake","NeowsBlessing","Bird Faced Urn","Ornamental Fan","Strawberry","Matryoshka","WristBlade","Membership Card","Juzu Bracelet","Question Card","PreservedInsect"],"acts_visited":["Exordium","TheCity"],"potions_floor_usage":[30,33,33],"damage_taken":[{"damage":0.0,"enemies":"Small Slimes","floor":1.0,"turns":1.0},{"damage":0.0,"enemies":"Jaw Worm","floor":2.0,"turns":1.0},{"damage":0.0,"enemies":"2 Louse","floor":4.0,"turns":1.0},{"damage":47.0,"enemies":"Gremlin Nob","floor":6.0,"turns":6.0},{"damage":0.0,"enemies":"Exordium Thugs","floor":10.0,"turns":3.0},{"damage":0.0,"enemies":"Red Slaver","floor":11.0,"turns":2.0},{"damage":69.0,"enemies":"Slime Boss","floor":16.0,"turns":16.0},{"damage":0.0,"enemies":"Spheric Guardian","floor":18.0,"turns":1.0},{"damage":0.0,"enemies":"3 Byrds","floor":19.0,"turns":2.0},{"damage":6.0,"enemies":"Snecko","floor":22.0,"turns":4.0},{"damage":8.0,"enemies":"Gremlin Leader","floor":23.0,"turns":5.0},{"damage":9.0,"enemies":"Centurion and Healer","floor":24.0,"turns":5.0},{"damage":16.0,"enemies":"Sentry and Sphere","floor":28.0,"turns":4.0},{"damage":0,"enemies":"Snecko","floor":30,"turns":3},{"damage":2,"enemies":"Cultist and Chosen","floor":31,"turns":6},{"damage":84,"enemies":"Automaton","floor":33,"turns":10}],"seed_played":"-7272613405011089592","potions_obtained":[{"floor":1.0,"key":"BlessingOfTheForge"},{"floor":2.0,"key":"SmokeBomb"},{"floor":4.0,"key":"EssenceOfSteel"},{"floor":11.0,"key":"Fruit Juice"},{"floor":18.0,"key":"SkillPotion"},{"floor":19.0,"key":"Explosive Potion"},{"floor":23.0,"key":"Weak Potion"},{"floor":31,"key":"LiquidBronze"}],"is_trial":false,"path_per_floor":["M","M","?","M","?","E","R","$","T","M","M","R","?","?","R","B",null,"M","M","?","$","M","E","M","R","T","R","M","$","M","M","R","B"],"character_chosen":"THE_SILENT","items_purchased":["Strawberry","Membership Card","Accuracy"],"campfire_rested":4,"item_purchase_floors":[8,21,29],"current_hp_per_floor":[70,70,52,52,52,5,26,33,33,33,33,56,75,75,75,11,82,82,82,82,82,76,68,59,59,59,82,66,66,68,68,82,0,0],"gold":60,"neow_bonus":"THREE_ENEMY_KILL","is_daily":false,"chose_seed":false,"campfire_upgraded":2,"win_rate":0.0,"timestamp":1611701861,"path_taken":["M","M","?","M","?","E","R","$","T","M","M","R","?","?","R","BOSS","M","M","?","$","M","E","M","R","T","R","M","$","M","M","R","BOSS"],"items_purchased_type":["Relic","Relic","Card"],"build_version":"2020-12-22","purchased_purges":0,"victory":false,"max_hp_per_floor":[70,70,70,70,70,70,70,77,77,77,77,77,77,77,77,82,82,82,82,82,82,82,82,82,82,82,82,82,82,82,82,82,82,82],"card_choices":[{"not_picked":["Well Laid Plans","Sucker Punch"],"picked":"Masterful Stab","floor":1.0},{"not_picked":["Leg Sweep","Deflect"],"picked":"Cloak And Dagger","floor":2.0},{"not_picked":["Bane","Sucker Punch"],"picked":"Dagger Spray","floor":4.0},{"not_picked":["Predator","Slice"],"picked":"Backstab","floor":6.0},{"not_picked":["Burst","Outmaneuver","Prepared"],"picked":"SKIP","floor":10.0},{"not_picked":["Finisher","All Out Attack"],"picked":"Slice","floor":11.0},{"not_picked":["Doppelganger","Venomology"],"picked":"Die Die Die","floor":16.0},{"not_picked":["Tactician","Bane+1","Sucker Punch"],"picked":"SKIP","floor":18.0},{"not_picked":["Deflect","Expertise+1","PiercingWail"],"picked":"SKIP","floor":19.0},{"not_picked":["Deflect","Dagger Spray"],"picked":"Slice","floor":22.0},{"not_picked":["All Out Attack","Backflip+1","Crippling Poison"],"picked":"SKIP","floor":23.0},{"not_picked":["Backflip","Malaise","Choke+1"],"picked":"SKIP","floor":24.0},{"not_picked":["Escape Plan","Acrobatics","Footwork+1","Leg Sweep"],"picked":"SKIP","floor":28},{"not_picked":["Dagger Throw","Bane","PiercingWail","Quick Slash+1"],"picked":"SKIP","floor":31}],"player_experience":107579,"relics_obtained":[{"floor":6.0,"key":"Ornamental Fan"},{"floor":9.0,"key":"Matryoshka"},{"floor":23.0,"key":"Juzu Bracelet"},{"floor":26.0,"key":"Question Card"},{"floor":26.0,"key":"PreservedInsect"}],"event_choices":[{"damage_healed":0.0,"max_hp_gain":0.0,"max_hp_loss":0.0,"gold_gain":0.0,"event_name":"Scrap Ooze","player_choice":"Success","floor":3.0,"gold_loss":0.0,"damage_taken":18.0,"relics_obtained":["Bird Faced Urn"]},{"damage_healed":0.0,"max_hp_gain":0.0,"max_hp_loss":0.0,"gold_gain":0.0,"event_name":"Living Wall","player_choice":"Grow","floor":5.0,"gold_loss":0.0,"damage_taken":0.0,"cards_upgraded":["Masterful Stab"]},{"damage_healed":19.0,"max_hp_gain":0.0,"max_hp_loss":0.0,"gold_gain":0.0,"event_name":"The Cleric","player_choice":"Healed","floor":13.0,"gold_loss":35.0,"damage_taken":0.0},{"damage_healed":0.0,"max_hp_gain":0.0,"max_hp_loss":0.0,"gold_gain":0.0,"event_name":"NoteForYourself","player_choice":"Ignored","floor":14.0,"gold_loss":0.0,"damage_taken":0.0},{"damage_healed":0.0,"max_hp_gain":0.0,"max_hp_loss":0.0,"gold_gain":0.0,"event_name":"Match and Keep!","player_choice":"0 cards matched","floor":20.0,"gold_loss":0.0,"damage_taken":0.0,"cards_obtained":[]}],"is_beta":false,"boss_relics":[{"not_picked":["Runic Pyramid","Velvet Choker"],"picked":"WristBlade"}],"items_purged_floors":[],"is_endless":false,"potions_floor_spawned":[1,2,4,11,18,19,23,31],"killed_by":"Automaton","ascension_level":0}}