{"host":"2ryabvayt7pqghlx","time":1611629759,"event":{"mods":["AchievementEnabler","BaseMod","Colored Map","Hermit","Highlight Path","Minty Spire (QoL Compilation)","Rare Cards Sparkle","Relic Stats","StSLib","SuperFastMode"],"gold_per_floor":[117,117,67,67,28,69,84,108,108,108,133,215,231,231,231,355,355,375,375,396,420,19,19,19],"floor_reached":23,"language":"ENG","playtime":2453,"items_purged":[],"score":227,"play_id":"e8920d4c-d1aa-4fea-baa0-e0eae5a1b767","local_time":"20210125215559","is_ascension_mode":true,"campfire_choices":[{"floor":10.0,"key":"RECALL"},{"data":"hermit:TakeCover","floor":15,"key":"SMITH"}],"circlet_count":0,"master_deck":["hermit:Strike_Hermit","hermit:Strike_Hermit","hermit:Defend_Hermit+1","hermit:Defend_Hermit+1","hermit:Defend_Hermit","hermit:Defend_Hermit","hermit:Snapshot","hermit:Covet","hermit:BigShot","hermit:Dissolve","hermit:TakeCover+1","hermit:WideOpen","hermit:Dive","hermit:Dive","hermit:Brawl","hermit:HeroicBravado","hermit:Quickdraw","hermit:HighCaliber","hermit:Brawl"],"relics":["hermit:Momento","NeowsBlessing","Golden Idol","Bottled Lightning","War Paint","Cursed Key","Membership Card","Eternal Feather","Bottled Tornado"],"acts_visited":["Exordium","TheCity"],"potions_floor_usage":[23],"damage_taken":[{"damage":0.0,"enemies":"Jaw Worm","floor":1.0,"turns":1.0},{"damage":0.0,"enemies":"Gremlin Nob","floor":6.0,"turns":1.0},{"damage":0.0,"enemies":"Small Slimes","floor":7.0,"turns":2.0},{"damage":0.0,"enemies":"2 Louse","floor":8.0,"turns":3.0},{"damage":9.0,"enemies":"Large Slime","floor":11.0,"turns":10.0},{"damage":9,"enemies":"3 Louse","floor":13,"turns":4},{"damage":45,"enemies":"Slime Boss","floor":16,"turns":19},{"damage":45,"enemies":"3 Byrds","floor":18,"turns":10},{"damage":6,"enemies":"Shell Parasite","floor":20,"turns":9},{"damage":11,"enemies":"Centurion and Healer","floor":21,"turns":11},{"damage":16,"enemies":"Book of Stabbing","floor":23,"turns":6}],"seed_played":"-8800892025324673619","potions_obtained":[{"floor":1.0,"key":"Regen Potion"},{"floor":13,"key":"EssenceOfSteel"}],"is_trial":false,"path_per_floor":["M","?","?","?","$","E","M","M","T","R","M","T","M","?","R","B",null,"M","?","M","M","$","E"],"character_chosen":"HERMIT","items_purchased":["hermit:TakeCover","Membership Card","Eternal Feather","Bottled Tornado"],"campfire_rested":0,"item_purchase_floors":[5,22,22,22],"current_hp_per_floor":[75,75,75,57,57,57,57,57,57,57,63,63,54,72,72,27,75,30,30,24,13,13,0,0],"gold":19,"neow_bonus":"THREE_ENEMY_KILL","is_daily":false,"chose_seed":false,"campfire_upgraded":1,"win_rate":0.0,"timestamp":1611629759,"path_taken":["M","?","?","?","$","E","M","M","T","R","M","?","M","?","R","BOSS","M","?","M","M","$","E"],"items_purchased_type":["Card","Relic","Relic","Relic"],"build_version":"2020-12-22","purchased_purges":0,"victory":false,"max_hp_per_floor":[75,75,75,75,75,75,75,75,75,75,75,75,75,75,75,75,75,75,72,72,72,72,72,72],"relic_stats":{"counters":[11,76],"Golden Idol":62,"Eternal Feather":0,"War Paint":["hermit:Defend_Hermit","hermit:Defend_Hermit"],"Cursed Key":0,"obtain_stats":[{"NeowsBlessing":0,"Golden Idol":4,"Eternal Feather":22,"Bottled Lightning":6,"Membership Card":22,"War Paint":9,"Bottled Tornado":22,"Cursed Key":17,"hermit:Momento":0},{"NeowsBlessing":0,"Golden Idol":1,"Eternal Feather":10,"Bottled Lightning":2,"Membership Card":10,"War Paint":4,"Bottled Tornado":10,"Cursed Key":7,"hermit:Momento":0},{"NeowsBlessing":0,"Golden Idol":1,"Eternal Feather":70,"Bottled Lightning":2,"Membership Card":70,"War Paint":7,"Bottled Tornado":70,"Cursed Key":40,"hermit:Momento":0}]},"card_choices":[{"not_picked":["hermit:ItchyTrigger","hermit:Gestalt"],"picked":"hermit:BigShot","floor":1.0},{"not_picked":["hermit:Spite","hermit:Snipe"],"picked":"hermit:WideOpen","floor":6.0},{"not_picked":["hermit:Misfire","hermit:Scavenge"],"picked":"hermit:Dive","floor":7.0},{"not_picked":["hermit:Coalescence","hermit:HoleUp"],"picked":"hermit:Dive","floor":8.0},{"not_picked":["hermit:BodyArmor","hermit:FlashPowder","hermit:Midnight"],"picked":"SKIP","floor":11.0},{"not_picked":["hermit:Manifest","hermit:LoneWolf"],"picked":"hermit:Brawl","floor":13},{"not_picked":["hermit:Reprieve","hermit:RoundhouseKick"],"picked":"hermit:HeroicBravado","floor":16},{"not_picked":["hermit:Manifest","hermit:Feint+1"],"picked":"hermit:Quickdraw","floor":18},{"not_picked":["hermit:FullyLoaded","hermit:CalledShot"],"picked":"hermit:HighCaliber","floor":20},{"not_picked":["hermit:BodyArmor+1","hermit:HoleUp"],"picked":"hermit:Brawl","floor":21}],"player_experience":135982,"relics_obtained":[{"floor":6.0,"key":"Bottled Lightning"},{"floor":9.0,"key":"War Paint"}],"event_choices":[{"damage_healed":0.0,"max_hp_gain":0.0,"max_hp_loss":0.0,"gold_gain":0.0,"cards_transformed":["hermit:Strike_Hermit"],"event_name":"Living Wall","player_choice":"Change","floor":2.0,"gold_loss":0.0,"damage_taken":0.0,"cards_obtained":["hermit:Dissolve"]},{"cards_removed":["hermit:Strike_Hermit"],"damage_healed":0.0,"max_hp_gain":0.0,"max_hp_loss":0.0,"gold_gain":0.0,"event_name":"The Cleric","player_choice":"Card Removal","floor":3.0,"gold_loss":50.0,"damage_taken":0.0},{"damage_healed":0.0,"max_hp_gain":0.0,"max_hp_loss":0.0,"gold_gain":0.0,"event_name":"Golden Idol","player_choice":"Take Damage","floor":4.0,"gold_loss":0.0,"damage_taken":18.0,"relics_obtained":["Golden Idol"]},{"damage_healed":18,"gold_gain":0,"player_choice":"Healed and dodged fight","damage_taken":0,"max_hp_gain":0,"max_hp_loss":0,"event_name":"Mushrooms","floor":14,"gold_loss":0,"cards_obtained":["Parasite"]},{"cards_removed":["Parasite"],"damage_healed":0,"gold_gain":0,"player_choice":"Removed Curses","damage_taken":0,"max_hp_gain":0,"max_hp_loss":0,"event_name":"Fountain of Cleansing","floor":19,"gold_loss":0}],"is_beta":false,"boss_relics":[{"not_picked":["Snecko Eye","Calling Bell"],"picked":"Cursed Key"}],"items_purged_floors":[],"is_endless":false,"potions_floor_spawned":[1,13],"killed_by":"Book of Stabbing","ascension_level":1}}