{"host":"78pbttriv9wi8lgr","time":1611676061,"event":{"mods":["AchievementEnabler","Act Like it!","Astrologer","BaseMod","Gensokyo","GifTheSpireLib","Koishi","Marisa（霧雨　魔理沙）","Minty Spire (QoL Compilation)","Quick Restart","Remilia（蕾米莉?）","Remove Card Discount Mod","StSLib","The Administrix"],"gold_per_floor":[112,112,131,145,145,145,145,145,145,165,177,195,195,55,55,158,158,172,15,27,27,46,46,259,279,279,279,279,279],"floor_reached":28,"language":"ENG","playtime":1883,"items_purged":[],"score":237,"play_id":"60cc1ac2-f3f9-48bc-a090-3f5026bd2eda","local_time":"20210127004741","is_ascension_mode":false,"campfire_choices":[{"data":"Koishi:EmbersOfLove","floor":6,"key":"SMITH"},{"data":"Koishi:CatchAndRose","floor":8,"key":"SMITH"},{"floor":15,"key":"REST"},{"data":"Koishi:FidgetySnatcher","floor":23,"key":"SMITH"},{"data":"Koishi:ConfinedInnocent","floor":27,"key":"SMITH"}],"circlet_count":0,"master_deck":["Koishi:BasicDefend","Koishi:BasicDefend","Koishi:Provoke","Koishi:CatchAndRose+1","Koishi:EmbersOfLove+1","Koishi:FidgetySnatcher+1","Koishi:PhantomBarrier+1","Koishi:MindStellarRelief+1","Koishi:RollingInRichesHeart+1","Koishi:LastRemote+1","Koishi:PhantomStrike","Koishi:Untouchable","Koishi:SilentAndRestless","Koishi:PhilosophyOfTheDespised","Koishi:ConfinedInnocent+1"],"relics":["Koishi:ImaginaryFriend","Gensokyo:Mercy","Mango","MealTicket","Torii","Astrolabe","Oddly Smooth Stone","Blue Candle"],"acts_visited":["Exordium","Gensokyo:Gensokyo"],"potions_floor_usage":[11,28,28],"damage_taken":[{"damage":6,"enemies":"Gensokyo:Gryphon","floor":1,"turns":6},{"damage":0,"enemies":"Gensokyo:3_Fairies","floor":3,"turns":7},{"damage":3,"enemies":"Gensokyo:Python","floor":4,"turns":4},{"damage":0,"enemies":"Gensokyo:Kitsune","floor":10,"turns":4},{"damage":8,"enemies":"Gensokyo:LivingMonolith","floor":11,"turns":5},{"damage":9,"enemies":"Gensokyo:VengefulSpirit","floor":12,"turns":6},{"damage":1,"enemies":"Gensokyo:Yukari","floor":16,"turns":11},{"damage":1,"enemies":"Gensokyo:AngelMirror","floor":18,"turns":8},{"damage":16,"enemies":"Gensokyo:Chomper","floor":20,"turns":7},{"damage":12,"enemies":"Gensokyo:Mirror_and_Dog","floor":22,"turns":10},{"damage":4,"enemies":"Gensokyo:Slime_Group","floor":24,"turns":10},{"damage":23,"enemies":"Gensokyo:Swordslinger","floor":25,"turns":6},{"damage":25,"enemies":"Gensokyo:3_Gloops","floor":28,"turns":5}],"seed_played":"-7803888538193356433","potions_obtained":[{"floor":10,"key":"Regen Potion"},{"floor":11,"key":"Dexterity Potion"},{"floor":24,"key":"Ancient Potion"},{"floor":25,"key":"Dexterity Potion"}],"is_trial":false,"path_per_floor":["M","?","M","M","?","R","?","R","T","M","M","M","?","?","R","B",null,"M","COS","M","?","M","R","M","M","T","R","M"],"character_chosen":"KOISHI","items_purchased":[],"campfire_rested":1,"item_purchase_floors":[],"current_hp_per_floor":[63,63,63,60,34,34,27,27,27,27,33,24,24,24,48,47,80,79,79,63,63,51,51,47,24,24,24,0,0],"gold":279,"neow_bonus":"TEN_PERCENT_HP_BONUS","is_daily":false,"chose_seed":false,"campfire_upgraded":4,"win_rate":0.0,"timestamp":1611676061,"path_taken":["M","?","M","M","?","R","?","R","T","M","?","M","?","?","R","BOSS","M","COS","M","?","M","R","M","M","T","R","?"],"items_purchased_type":[],"build_version":"2020-12-22","purchased_purges":0,"victory":false,"max_hp_per_floor":[66,66,66,66,66,66,80,80,80,80,80,80,80,80,80,80,80,80,80,80,80,80,80,80,80,80,80,80,80],"card_choices":[{"not_picked":["Koishi:EmbryosDream","Koishi:Jaunt"],"picked":"Koishi:CatchAndRose","floor":1},{"not_picked":["Koishi:SubconsciousSweep","Koishi:DreadfulBlow","Koishi:Prune"],"picked":"SKIP","floor":3},{"not_picked":["Koishi:ReflexRadar","Koishi:RacingHeart"],"picked":"Koishi:EmbersOfLove","floor":4},{"not_picked":["Koishi:EmbryosDream","Koishi:StingingMind","Koishi:SuperEgo"],"picked":"SKIP","floor":10},{"not_picked":["Koishi:StingingMind","Koishi:SubconsciousSweep","Koishi:BloodcurdlingScream"],"picked":"SKIP","floor":11},{"not_picked":["Koishi:HeartfeltFancy","Koishi:DreadfulBlow"],"picked":"Koishi:FidgetySnatcher","floor":12},{"not_picked":["Koishi:RacingHeart","Koishi:StingingMind","Koishi:TraumaticStroke+1"],"picked":"SKIP","floor":18},{"not_picked":["Koishi:CatchAndRose","Koishi:StingingMind"],"picked":"Koishi:PhantomStrike","floor":20},{"not_picked":["Koishi:BloodcurdlingScream+1","Koishi:SpiritedAway+1","Koishi:Bloodlust+1"],"picked":"SKIP","floor":20},{"not_picked":["Koishi:SuperEgo","Koishi:TerrifyingSpectre"],"picked":"Koishi:SilentAndRestless","floor":22},{"not_picked":["Koishi:Prune","Koishi:HeartfeltFancy+1"],"picked":"Koishi:PhilosophyOfTheDespised","floor":22},{"not_picked":["Koishi:YoukaiPolygraph+1","Koishi:PhilosophyOfTheDespised"],"picked":"Koishi:ConfinedInnocent","floor":24},{"not_picked":["Koishi:Prune+1","Koishi:Jaunt+1","Koishi:Vanish"],"picked":"SKIP","floor":25}],"player_experience":781813,"relics_obtained":[{"floor":9,"key":"MealTicket"},{"floor":26,"key":"Blue Candle"}],"event_choices":[],"is_beta":false,"boss_relics":[{"not_picked":["Busted Crown","Velvet Choker"],"picked":"Astrolabe"}],"items_purged_floors":[],"is_endless":false,"potions_floor_spawned":[10,11,24,25],"killed_by":"Gensokyo:3_Gloops","ascension_level":0}}