{"host":"3azvxbhvx7nk2p5g","time":1611642884,"event":{"mods":["BaseMod","Minty Spire (QoL Compilation)","StSLib","WarShipGirlsR/’ΩΩ¢…Ÿ≈ÆR mod"],"gold_per_floor":[111,129,143,161,0,29,62,62,109,109,109,109,133,164,164,182,182],"floor_reached":16,"language":"ZHS","playtime":880,"items_purged":["rmod:strick"],"score":119,"play_id":"e36942cb-195b-4220-9227-4b1889f9f162","local_time":"20210126143444","is_ascension_mode":false,"campfire_choices":[{"data":"rmod:spoils","floor":8,"key":"SMITH"},{"data":"rmod:salvage","floor":10,"key":"SMITH"},{"floor":12,"key":"REST"},{"floor":15,"key":"REST"}],"circlet_count":0,"master_deck":["rmod:strick","rmod:strick","rmod:strick","rmod:defend","rmod:defend","rmod:defend+1","rmod:defend","rmod:basicallowance+1","rmod:maingunfire","rmod:maintain","rmod:goodsister","rmod:salvage+1","rmod:fletcher","rmod:spoils+1","rmod:expedition","rmod:fletcherpendant","rmod:fletcherpendant","rmod:fletcherpendant","rmod:fletcherpendant","rmod:fletcher","rmod:diamondstrike","rmod:overbreakdown"],"relics":["rmod:firstchargereward","Lantern","Tiny Chest","Odd Mushroom"],"acts_visited":["Exordium"],"potions_floor_usage":[],"damage_taken":[{"damage":4,"enemies":"Jaw Worm","floor":1,"turns":3},{"damage":0,"enemies":"2 Louse","floor":2,"turns":3},{"damage":2,"enemies":"Small Slimes","floor":3,"turns":4},{"damage":13,"enemies":"Looter","floor":4,"turns":4},{"damage":33,"enemies":"3 Louse","floor":6,"turns":10},{"damage":2,"enemies":"Exordium Thugs","floor":7,"turns":5},{"damage":0,"enemies":"The Mushroom Lair","floor":13,"turns":2},{"damage":4,"enemies":"Red Slaver","floor":14,"turns":4},{"damage":49,"enemies":"The Guardian","floor":16,"turns":8}],"seed_played":"-54722590247417481","potions_obtained":[{"floor":3,"key":"FearPotion"},{"floor":4,"key":"GamblersBrew"},{"floor":7,"key":"ColorlessPotion"}],"is_trial":false,"path_per_floor":["M","M","M","M","$","M","M","R","T","R","?","R","?","M","R","B"],"character_chosen":"PRAEFECT","items_purchased":["rmod:expedition","rmod:fletcherpendant"],"campfire_rested":2,"item_purchase_floors":[5,5],"current_hp_per_floor":[71,71,69,56,56,23,21,21,21,21,6,28,28,24,46,0,0],"gold":182,"neow_bonus":"RANDOM_COMMON_RELIC","is_daily":false,"chose_seed":false,"campfire_upgraded":2,"win_rate":0.0,"timestamp":1611642884,"path_taken":["M","M","M","M","$","M","M","R","T","R","?","R","?","M","R","BOSS"],"items_purchased_type":["Card","Card"],"build_version":"2020-12-22","purchased_purges":1,"victory":false,"max_hp_per_floor":[75,75,75,75,75,75,75,75,75,75,75,75,75,75,75,75,75],"card_choices":[{"not_picked":["rmod:overbreakdown","rmod:circuitoustactics"],"picked":"rmod:maintain","floor":1},{"not_picked":["rmod:circuitoustactics","rmod:maintain"],"picked":"rmod:goodsister","floor":2},{"not_picked":["rmod:fletcherpendant","rmod:combined"],"picked":"rmod:salvage","floor":3},{"not_picked":["rmod:overbreakdown","rmod:victimresponsibility"],"picked":"rmod:spoils","floor":4},{"not_picked":["rmod:sl","rmod:combined","rmod:aluminumsupply"],"picked":"SKIP","floor":6},{"not_picked":["rmod:generalist","rmod:tearstotiara","rmod:circuitoustactics"],"picked":"SKIP","floor":7},{"not_picked":["rmod:steelsupply","rmod:sl"],"picked":"rmod:diamondstrike","floor":13},{"not_picked":["rmod:goodfighter","rmod:luckystar"],"picked":"rmod:overbreakdown","floor":14}],"player_experience":43192,"relics_obtained":[{"floor":9,"key":"Tiny Chest"},{"floor":13,"key":"Odd Mushroom"}],"event_choices":[{"damage_healed":0,"gold_gain":0,"player_choice":"Entered Light","damage_taken":15,"max_hp_gain":0,"max_hp_loss":0,"event_name":"Shining Light","floor":11,"gold_loss":0,"cards_upgraded":["rmod:defend","rmod:basicallowance"]},{"damage_healed":0,"gold_gain":0,"player_choice":"Fought Mushrooms","damage_taken":0,"max_hp_gain":0,"max_hp_loss":0,"event_name":"Mushrooms","floor":13,"gold_loss":0}],"is_beta":false,"boss_relics":[],"items_purged_floors":[5],"is_endless":false,"potions_floor_spawned":[3,4,7],"killed_by":"The Guardian","ascension_level":0}}