{"host":"a5lz0e76zb3fcwkm","time":1611642065,"event":{"mods":["AchievementEnabler","BaseMod","Colored Map","Colored Powertips","Minty Spire (QoL Compilation)","StSLib","SuperFastMode"],"gold_per_floor":[109,124,124,138,138,138,178,199,224,264,264,288,124,138,138,232,232,255,255,155,171,191,224,224,239,266,266,302,302,302,302,302],"floor_reached":31,"language":"KOR","playtime":660,"items_purged":["Strike_G","Strike_G"],"score":570,"play_id":"cdbbc736-ca79-4964-ad7a-596c66b75476","local_time":"20210126152105","is_ascension_mode":true,"campfire_choices":[{"data":"A Thousand Cuts","floor":6.0,"key":"SMITH"},{"data":"Accuracy","floor":15.0,"key":"SMITH"},{"floor":27,"key":"REST"},{"data":"Footwork","floor":29,"key":"SMITH"}],"circlet_count":0,"master_deck":["AscendersBane","Strike_G","Defend_G+1","Defend_G","Defend_G+1","Defend_G","Defend_G","Survivor","Neutralize","A Thousand Cuts+1","Blade Dance","Deflect","Blade Dance","Blade Dance","Finisher","Accuracy+1","Phantasmal Killer+1","Escape Plan","Prepared+1","PiercingWail","Footwork+1"],"relics":["Ring of the Serpent","Golden Idol","MealTicket","War Paint","Orichalcum","PreservedInsect","Pen Nib"],"acts_visited":["Exordium","TheCity"],"potions_floor_usage":[22,25,28,31],"damage_taken":[{"damage":2.0,"enemies":"Cultist","floor":1.0,"turns":6.0},{"damage":3.0,"enemies":"2 Louse","floor":2.0,"turns":3.0},{"damage":3.0,"enemies":"Small Slimes","floor":4.0,"turns":7.0},{"damage":8.0,"enemies":"Lagavulin","floor":7.0,"turns":7.0},{"damage":0.0,"enemies":"2 Fungi Beasts","floor":8.0,"turns":3.0},{"damage":5.0,"enemies":"3 Sentries","floor":10.0,"turns":4.0},{"damage":2.0,"enemies":"Red Slaver","floor":12.0,"turns":3.0},{"damage":1.0,"enemies":"Blue Slaver","floor":14.0,"turns":3.0},{"damage":15.0,"enemies":"The Guardian","floor":16.0,"turns":12.0},{"damage":6.0,"enemies":"3 Byrds","floor":18.0,"turns":2.0},{"damage":0,"enemies":"Chosen","floor":21,"turns":2},{"damage":9,"enemies":"Snecko","floor":22,"turns":3},{"damage":33,"enemies":"Slavers","floor":23,"turns":4},{"damage":7,"enemies":"Snake Plant","floor":25,"turns":4},{"damage":12,"enemies":"Gremlin Leader","floor":28,"turns":5},{"damage":17,"enemies":"Slavers","floor":31,"turns":2}],"seed_played":"23099592942366770","potions_obtained":[{"floor":2.0,"key":"BlessingOfTheForge"},{"floor":4.0,"key":"Poison Potion"},{"floor":8.0,"key":"Block Potion"},{"floor":12.0,"key":"SneckoOil"},{"floor":16.0,"key":"PowerPotion"},{"floor":18.0,"key":"Dexterity Potion"},{"floor":23,"key":"ColorlessPotion"},{"floor":25,"key":"Block Potion"}],"is_trial":false,"path_per_floor":["M","M","?","M","?","R","E","M","T","E","?","M","$","M","R","B",null,"M","?","$","M","M","E","?","M","T","R","E","R","?","E"],"character_chosen":"THE_SILENT","items_purchased":["Accuracy"],"campfire_rested":1,"item_purchase_floors":[13],"current_hp_per_floor":[42,39,39,36,36,36,28,28,28,23,23,21,36,35,35,20,50,44,44,59,59,50,17,17,10,10,28,16,16,16,0,0],"gold":302,"neow_bonus":"THREE_RARE_CARDS","is_daily":false,"chose_seed":false,"campfire_upgraded":3,"win_rate":0.0,"timestamp":1611642065,"path_taken":["M","M","?","?","?","R","E","M","T","E","?","M","$","M","R","BOSS","M","?","$","M","M","E","?","?","T","R","E","R","?","E"],"items_purchased_type":["Card"],"build_version":"2020-12-22","purchased_purges":2,"victory":false,"max_hp_per_floor":[66,66,66,66,60,60,60,60,60,60,60,60,60,60,60,60,60,60,60,60,60,60,60,60,60,60,60,60,60,60,60,60],"card_choices":[{"not_picked":["Tools of the Trade","Night Terror"],"picked":"A Thousand Cuts","floor":0.0},{"not_picked":["Slice","Well Laid Plans"],"picked":"Blade Dance","floor":1.0},{"not_picked":["Dagger Throw","Sucker Punch"],"picked":"Deflect","floor":2.0},{"not_picked":["Sucker Punch","Flying Knee","Slice"],"picked":"SKIP","floor":4.0},{"not_picked":["Quick Slash","Caltrops","Dagger Throw"],"picked":"SKIP","floor":7.0},{"not_picked":["Infinite Blades","Distraction"],"picked":"Blade Dance","floor":8.0},{"not_picked":["Concentrate","PiercingWail"],"picked":"Blade Dance","floor":10.0},{"not_picked":["Bane","Infinite Blades"],"picked":"Finisher","floor":12.0},{"not_picked":["Dash","Slice","Dodge and Roll"],"picked":"SKIP","floor":14.0},{"not_picked":["Corpse Explosion","A Thousand Cuts"],"picked":"Phantasmal Killer","floor":16.0},{"not_picked":["Dagger Throw","Dagger Spray"],"picked":"Escape Plan","floor":18.0},{"not_picked":["Dagger Spray","Distraction"],"picked":"Prepared+1","floor":21},{"not_picked":["Outmaneuver","Quick Slash","Deflect"],"picked":"SKIP","floor":22},{"not_picked":["Slice","Reflex"],"picked":"PiercingWail","floor":23},{"not_picked":["All Out Attack","Sucker Punch","Quick Slash"],"picked":"SKIP","floor":25},{"not_picked":["Dodge and Roll","Infinite Blades"],"picked":"Footwork","floor":28}],"player_experience":1808605,"relics_obtained":[{"floor":7.0,"key":"MealTicket"},{"floor":10.0,"key":"War Paint"},{"floor":23,"key":"Orichalcum"},{"floor":26,"key":"PreservedInsect"},{"floor":28,"key":"Pen Nib"}],"event_choices":[{"cards_removed":["Strike_G"],"damage_healed":0.0,"max_hp_gain":0.0,"max_hp_loss":0.0,"gold_gain":0.0,"event_name":"Purifier","player_choice":"Purged","floor":3.0,"gold_loss":0.0,"damage_taken":0.0},{"damage_healed":0.0,"max_hp_gain":0.0,"max_hp_loss":6.0,"gold_gain":0.0,"event_name":"Golden Idol","player_choice":"Lose Max HP","floor":5.0,"gold_loss":0.0,"damage_taken":0.0,"relics_obtained":["Golden Idol"]},{"cards_removed":["Strike_G"],"damage_healed":0.0,"max_hp_gain":0.0,"max_hp_loss":0.0,"gold_gain":0.0,"event_name":"Living Wall","player_choice":"Forget","floor":11.0,"gold_loss":0.0,"damage_taken":0.0},{"damage_healed":0.0,"max_hp_gain":0.0,"max_hp_loss":0.0,"gold_gain":0.0,"event_name":"Cursed Tome","player_choice":"Ignored","floor":19.0,"gold_loss":0.0,"damage_taken":0.0},{"damage_healed":0,"gold_gain":0,"player_choice":"Upgraded","damage_taken":0,"max_hp_gain":0,"max_hp_loss":0,"event_name":"Upgrade Shrine","floor":24,"gold_loss":0,"cards_upgraded":["Phantasmal Killer"]},{"damage_healed":0,"gold_gain":0,"player_choice":"Ignored","damage_taken":0,"max_hp_gain":0,"max_hp_loss":0,"event_name":"The Mausoleum","floor":30,"gold_loss":0}],"is_beta":false,"boss_relics":[{"not_picked":["Velvet Choker","Runic Pyramid"],"picked":"Ring of the Serpent"}],"items_purged_floors":[13,20],"is_endless":false,"potions_floor_spawned":[2,4,8,12,16,18,23,25],"killed_by":"Slavers","ascension_level":20}}