{"host":"3jhxjeq8h3mqaq9s","time":1611637076,"event":{"mods":["BaseMod","Bestiary","Colored Map","Highlight Path","Minty Spire (QoL Compilation)","Rare Cards Sparkle","Relic Stats","StSLib","everything is the same but u backflip on backflip","slay the spire mod where everything is the same but ironclad has a cowboy hat"],"gold_per_floor":[110,185,15,52,52,78,78,130,177,177,177,216,166,209,209,360,360,386,386,406,116,116,153,153,153],"floor_reached":24,"language":"ENG","playtime":917,"items_purged":["Strike_P"],"score":288,"play_id":"1487a4db-fc2a-43ce-8178-4e15997c7bd7","local_time":"20210125235756","is_ascension_mode":true,"campfire_choices":[{"floor":7,"key":"REST"},{"floor":11,"key":"REST"},{"data":"Eruption","floor":15,"key":"SMITH"}],"circlet_count":0,"master_deck":["Strike_P+1","Defend_P+1","Defend_P+1","Defend_P+1","Defend_P+1","Eruption+1","Vigilance","SashWhip","HandOfGreed","EmptyFist","Meditate","LikeWater+1","FlurryOfBlows","FlurryOfBlows","Alpha","SashWhip+1","Protect","Wallop","Wallop+1"],"relics":["PureWater","Nunchaku","Dream Catcher","Frozen Egg 2","Bag of Preparation","CeramicFish","VioletLotus","Oddly Smooth Stone","Molten Egg 2"],"acts_visited":["Exordium","TheCity"],"potions_floor_usage":[6,23,23],"damage_taken":[{"damage":0.0,"enemies":"Small Slimes","floor":1.0,"turns":2.0},{"damage":0.0,"enemies":"2 Louse","floor":4.0,"turns":2.0},{"damage":24,"enemies":"Gremlin Nob","floor":6,"turns":4},{"damage":35,"enemies":"3 Sentries","floor":8,"turns":8},{"damage":0,"enemies":"Cultist","floor":12,"turns":2},{"damage":3,"enemies":"Lagavulin","floor":14,"turns":6},{"damage":17,"enemies":"Slime Boss","floor":16,"turns":12},{"damage":1,"enemies":"Chosen","floor":18,"turns":3},{"damage":14,"enemies":"2 Thieves","floor":20,"turns":4},{"damage":28,"enemies":"Slavers","floor":23,"turns":5},{"damage":17,"enemies":"Cultist and Chosen","floor":24,"turns":4}],"seed_played":"4337948299407954478","potions_obtained":[{"floor":4.0,"key":"Regen Potion"},{"floor":14,"key":"Weak Potion"},{"floor":16,"key":"SkillPotion"},{"floor":18,"key":"Swift Potion"},{"floor":20,"key":"Block Potion"}],"is_trial":false,"path_per_floor":["M","?","$","M","?","E","R","E","T","?","R","M","?","E","R","B",null,"M","?","M","$","?","E","M"],"character_chosen":"WATCHER","items_purchased":["HandOfGreed","Wallop","Oddly Smooth Stone"],"campfire_rested":2,"item_purchase_floors":[3,21,21],"current_hp_per_floor":[72,61,61,61,43,31,52,17,17,17,38,38,38,35,35,18,59,58,52,38,38,38,10,0,0],"gold":153,"neow_bonus":"RANDOM_COMMON_RELIC","is_daily":false,"chose_seed":false,"campfire_upgraded":1,"win_rate":0.0,"timestamp":1611637076,"path_taken":["M","?","$","M","?","E","R","E","T","?","R","?","?","E","R","BOSS","M","?","M","?","?","E","M"],"items_purchased_type":["Card","Card","Relic"],"build_version":"2020-12-22","purchased_purges":1,"victory":false,"max_hp_per_floor":[72,72,72,72,72,72,72,72,72,72,72,72,72,72,72,72,72,72,72,72,72,72,72,72,72],"relic_stats":{"Nunchaku":[9],"Dream Catcher":2,"counters":[11,52],"CeramicFish":54,"VioletLotus":[2],"Bag of Preparation":[14],"obtain_stats":[{"Nunchaku":0,"Dream Catcher":5,"CeramicFish":14,"Oddly Smooth Stone":21,"Molten Egg 2":23,"VioletLotus":17,"Bag of Preparation":8,"PureWater":0,"Frozen Egg 2":6},{"Nunchaku":0,"Dream Catcher":2,"CeramicFish":6,"Oddly Smooth Stone":9,"Molten Egg 2":10,"VioletLotus":7,"Bag of Preparation":4,"PureWater":0,"Frozen Egg 2":3},{"Nunchaku":0,"Dream Catcher":4,"CeramicFish":24,"Oddly Smooth Stone":43,"Molten Egg 2":48,"VioletLotus":36,"Bag of Preparation":16,"PureWater":0,"Frozen Egg 2":8}]},"card_choices":[{"not_picked":["Protect","ClearTheMind"],"picked":"SashWhip","floor":1.0},{"not_picked":["Crescendo","SandsOfTime"],"picked":"EmptyFist","floor":4.0},{"not_picked":["SashWhip","Consecrate"],"picked":"Meditate","floor":6},{"not_picked":["SignatureMove","Halt"],"picked":"LikeWater+1","floor":8},{"not_picked":["Nirvana+1","BattleHymn+1"],"picked":"FlurryOfBlows","floor":12},{"not_picked":["FollowUp","EmptyFist"],"picked":"FlurryOfBlows","floor":14},{"not_picked":["ConjureBlade","Establishment+1"],"picked":"Alpha","floor":16},{"not_picked":["EmptyFist","PathToVictory"],"picked":"SashWhip+1","floor":18},{"not_picked":["Prostrate","Meditate+1"],"picked":"Protect","floor":20},{"not_picked":["Prostrate+1","JustLucky+1"],"picked":"Wallop+1","floor":23}],"player_experience":2468473,"relics_obtained":[{"floor":6,"key":"Frozen Egg 2"},{"floor":8,"key":"Bag of Preparation"},{"floor":14,"key":"CeramicFish"},{"floor":23,"key":"Molten Egg 2"}],"event_choices":[{"damage_healed":0.0,"max_hp_gain":0.0,"max_hp_loss":0.0,"gold_gain":75.0,"event_name":"World of Goop","player_choice":"Gather Gold","floor":2.0,"gold_loss":0.0,"damage_taken":11.0},{"damage_healed":0.0,"max_hp_gain":0.0,"max_hp_loss":0.0,"gold_gain":0.0,"event_name":"Scrap Ooze","player_choice":"Success","floor":5.0,"gold_loss":0.0,"damage_taken":18.0,"relics_obtained":["Dream Catcher"]},{"cards_removed":["Strike_P"],"damage_healed":0,"gold_gain":0,"player_choice":"Offered Basic","damage_taken":0,"max_hp_gain":0,"max_hp_loss":0,"event_name":"Bonfire Elementals","floor":10,"gold_loss":0},{"cards_removed":["Strike_P"],"damage_healed":0,"gold_gain":0,"player_choice":"Card Removal","damage_taken":0,"max_hp_gain":0,"max_hp_loss":0,"event_name":"The Cleric","floor":13,"gold_loss":50},{"damage_healed":0,"gold_gain":0,"player_choice":"","damage_taken":6,"max_hp_gain":0,"max_hp_loss":0,"event_name":"Knowing Skull","floor":19,"potions_obtained":[],"gold_loss":0,"cards_obtained":[]},{"damage_healed":0,"gold_gain":0,"player_choice":"Simplicity","damage_taken":0,"max_hp_gain":0,"max_hp_loss":0,"event_name":"Back to Basics","floor":22,"gold_loss":0,"cards_upgraded":["Strike_P","Defend_P","Defend_P","Defend_P","Defend_P"]}],"is_beta":false,"boss_relics":[{"not_picked":["SacredBark","Black Star"],"picked":"VioletLotus"}],"items_purged_floors":[21],"is_endless":false,"potions_floor_spawned":[4,14,16,18,20],"killed_by":"Cultist and Chosen","ascension_level":5}}