{"host":"qbvxbacgnxuisbbe","time":1611704965,"event":{"mods":["Alarm Clock","BaseMod","Humility","Minty Spire (QoL Compilation)","StSLib"],"gold_per_floor":[113,38,38,56,76,76,107,67,67,67,67,82,82,82],"floor_reached":13,"language":"ENG","playtime":335,"items_purged":["Strike_P"],"score":166,"play_id":"7abcc5bd-b8d5-4fa0-9899-0f6f76c669a1","local_time":"20210126234925","is_ascension_mode":true,"campfire_choices":[{"floor":6,"key":"REST"},{"data":"Eruption","floor":11,"key":"SMITH"}],"circlet_count":0,"master_deck":["AscendersBane","Strike_P","Strike_P","Defend_P","Defend_P","Defend_P","Eruption+1","Vigilance","SignatureMove","Wireheading","Evaluate","WaveOfTheHand","Parasite","EmptyBody"],"relics":["Empty Cage","Bottled Lightning","PreservedInsect"],"acts_visited":["Exordium"],"potions_floor_usage":[7,13],"damage_taken":[{"damage":25.0,"enemies":"Small Slimes","floor":1.0,"turns":3.0},{"damage":6.0,"enemies":"Cultist","floor":4.0,"turns":4.0},{"damage":29,"enemies":"Jaw Worm","floor":5,"turns":3},{"damage":14,"enemies":"Lagavulin","floor":7,"turns":5},{"damage":1,"enemies":"Looter","floor":8,"turns":3},{"damage":18,"enemies":"Exordium Wildlife","floor":12,"turns":3},{"damage":0,"enemies":"3 Sentries","floor":13,"turns":2}],"seed_played":"-5919349458779029933","potions_obtained":[{"floor":5,"key":"CultistPotion"},{"floor":12,"key":"LiquidMemories"}],"is_trial":false,"path_per_floor":["M","$","?","M","M","R","E","M","T","?","R","M","E"],"character_chosen":"WATCHER","items_purchased":[],"campfire_rested":1,"item_purchase_floors":[],"current_hp_per_floor":[36,36,36,30,1,21,7,6,6,23,23,5,5,5],"gold":82,"neow_bonus":"BOSS_RELIC","is_daily":false,"chose_seed":false,"campfire_upgraded":1,"win_rate":0.0,"timestamp":1611704965,"path_taken":["M","$","?","?","M","R","E","M","T","?","R","M","E"],"items_purchased_type":[],"build_version":"2020-12-22","purchased_purges":1,"victory":false,"max_hp_per_floor":[68,68,68,68,68,68,68,68,68,68,68,68,68,68],"card_choices":[{"not_picked":["CrushJoints","ReachHeaven"],"picked":"SignatureMove","floor":1.0},{"not_picked":["Consecrate","ClearTheMind"],"picked":"Wireheading","floor":4.0},{"not_picked":["FlyingSleeves","CrushJoints"],"picked":"Evaluate","floor":5},{"not_picked":["ReachHeaven","SashWhip"],"picked":"WaveOfTheHand","floor":7},{"not_picked":["Wish","Fasting2","BattleHymn"],"picked":"SKIP","floor":8},{"not_picked":["Nirvana","Fasting2"],"picked":"EmptyBody","floor":12}],"player_experience":146005,"relics_obtained":[{"floor":7,"key":"Bottled Lightning"},{"floor":9,"key":"PreservedInsect"}],"event_choices":[{"damage_healed":0.0,"max_hp_gain":0.0,"max_hp_loss":0.0,"gold_gain":0.0,"event_name":"WeMeetAgain","player_choice":"Ignored","floor":3.0,"gold_loss":0.0,"damage_taken":0.0},{"damage_healed":17,"gold_gain":0,"player_choice":"Healed and dodged fight","damage_taken":0,"max_hp_gain":0,"max_hp_loss":0,"event_name":"Mushrooms","floor":10,"gold_loss":0,"cards_obtained":["Parasite"]}],"is_beta":false,"boss_relics":[],"items_purged_floors":[2],"is_endless":false,"potions_floor_spawned":[5,12],"killed_by":"3 Sentries","ascension_level":20,"is_humility":true}}