{"host":"9k1ekd5e3lrdz5qp","time":1611629792,"event":{"mods":["Act Like it!","Bard","BaseMod","Beaked The Cultist","Better Altar","Better Skull","Better Third Choice","BetterRewards","Conspire","Downfall","Elementarium","Hubris","Infinite Spire","Minty Spire (QoL Compilation)","Replay The Spire","StSLib"],"gold_per_floor":[111,111,111,122,139,139,139,139,139,150,150,178,202,228,228,338,338,370,295,48,48,69,69,77,77],"floor_reached":24,"language":"ENG","playtime":9435,"items_purged":["Strike_R","Strike_R"],"score":265,"play_id":"4a88582f-4242-4d09-80b6-2a1289b2a208","local_time":"20210125195632","is_ascension_mode":true,"campfire_choices":[{"data":"Demonic Infusion","floor":6.0,"key":"SMITH"},{"data":"Replay:BasicMightCard","floor":8.0,"key":"SMITH"},{"data":"Armaments","floor":11.0,"key":"SMITH"},{"data":"Bash","floor":23,"key":"SMITH"}],"circlet_count":0,"master_deck":["Strike_R","Strike_R","Defend_R","Defend_R","Defend_R","Defend_R","Bash+1","Replay:BasicMightCard+1","Pommel Strike","Armaments+1","Demonic Infusion+1","Clothesline","hubris:SharpeningStone+1","Shrug It Off","conspire:HitWhereItHurts","Spreading Infection"],"relics":["Burning Blood","Sundial","infinitespire:WardingShard","Replay:Bandana","conspire:SpecialSausage","Blood Vial","Ring of Hypnosis"],"acts_visited":["Exordium","Exordium"],"potions_floor_usage":[],"damage_taken":[{"damage":0.0,"enemies":"2 Louse","floor":1.0,"turns":4.0},{"damage":11.0,"enemies":"Jaw Worm","floor":4.0,"turns":4.0},{"damage":1.0,"enemies":"Cultist","floor":5.0,"turns":3.0},{"damage":0.0,"enemies":"Looter","floor":10.0,"turns":2.0},{"damage":12.0,"enemies":"Gremlin Nob","floor":12.0,"turns":4.0},{"damage":20.0,"enemies":"Lots of Slimes","floor":13.0,"turns":6.0},{"damage":3.0,"enemies":"2 Fungi Beasts","floor":14.0,"turns":3.0},{"damage":40.0,"enemies":"Slime Boss","floor":16.0,"turns":9.0},{"damage":11.0,"enemies":"Elementarium:2_ELEMENTALS","floor":18.0,"turns":4.0},{"damage":28,"enemies":"Elementarium:MUD_AND_TAR_GOLEMS","floor":22,"turns":6},{"damage":60,"enemies":"Nightmare","floor":24,"turns":8}],"seed_played":"-7173667310695428292","potions_obtained":[{"floor":4.0,"key":"LiquidMemories"},{"floor":12.0,"key":"Weak Potion"},{"floor":13.0,"key":"SteroidPotion"},{"floor":14.0,"key":"Swift Potion"}],"is_trial":false,"path_per_floor":["M","?","T","M","M","R","?","R","T","M","R","E","M","M","R","B",null,"M","$","$","?","M","R","NM"],"character_chosen":"IRONCLAD","items_purchased":["Replay:BasicMightCard","Blood Vial"],"campfire_rested":0,"item_purchase_floors":[0,20],"current_hp_per_floor":[78,71,71,66,71,71,63,63,63,69,69,63,49,52,76,42,71,66,66,66,66,46,46,0,0],"gold":77,"neow_bonus":"","is_daily":false,"chose_seed":false,"campfire_upgraded":4,"win_rate":0.0,"timestamp":1611629792,"path_taken":["M","?","?","M","?","R","?","R","T","M","R","E","M","M","R","BOSS","M","?","$","?","M","R","NM"],"items_purchased_type":["Card","Relic"],"build_version":"2020-12-22","purchased_purges":2,"victory":false,"max_hp_per_floor":[80,80,80,80,80,80,80,80,80,80,80,80,80,80,80,80,80,80,80,80,80,80,80,80,80],"card_choices":[{"not_picked":["Anger","Headbutt"],"picked":"Pommel Strike","floor":1.0},{"not_picked":["Reckless Charge","Replay:Undeath\u0027s Touch"],"picked":"Armaments","floor":4.0},{"not_picked":["Thunderclap","Iron Wave"],"picked":"Demonic Infusion","floor":5.0},{"not_picked":["ReplayTheSpireMod:Stacked","Shrug It Off"],"picked":"Clothesline","floor":10.0},{"not_picked":["Flex","ReplayTheSpireMod:Muscle Training","Clothesline"],"picked":"SKIP","floor":12.0},{"not_picked":["Intimidate","Shrug It Off"],"picked":"hubris:SharpeningStone","floor":13.0},{"not_picked":["ReplayTheSpireMod:Strike From Hell","Second Wind"],"picked":"Shrug It Off","floor":14.0},{"not_picked":["Fiend Fire","Immolate"],"picked":"conspire:HitWhereItHurts","floor":16.0},{"not_picked":["Life Link","conspire:ExplosiveBarrier","Reckless Charge+1"],"picked":"SKIP","floor":18.0},{"not_picked":["Flex","Warcry","True Grit"],"picked":"SKIP","floor":22}],"player_experience":1279659,"relics_obtained":[{"floor":3.0,"key":"Sundial"},{"floor":9.0,"key":"infinitespire:WardingShard"},{"floor":12.0,"key":"Replay:Bandana"},{"floor":21.0,"key":"Ring of Hypnosis"}],"event_choices":[{"cards_removed":["Strike_R"],"damage_healed":0.0,"max_hp_gain":0.0,"max_hp_loss":0.0,"gold_gain":0.0,"event_name":"Golden Wing","player_choice":"Card Removal","floor":2.0,"gold_loss":0.0,"damage_taken":7.0},{"damage_healed":0.0,"max_hp_gain":0.0,"max_hp_loss":0.0,"gold_gain":0.0,"event_name":"Wheel of Change","player_choice":"Damaged","floor":7.0,"gold_loss":0.0,"damage_taken":8.0}],"is_beta":false,"boss_relics":[{"not_picked":["conspire:RoyalGoblet","Runic Dome"],"picked":"conspire:SpecialSausage"}],"items_purged_floors":[19,20],"is_endless":false,"potions_floor_spawned":[4,12,13,14],"killed_by":"Nightmare","ascension_level":7}}