{"host":"qgvpd00zvzorrg7j","time":1611627560,"event":{"mods":["BaseMod","Colored Map","Minty Spire (QoL Compilation)","Quick Restart","StSLib"],"gold_per_floor":[18,18,18,18,32,32,32,32,32,32,48,48,66,79,79,177,177,190,26,76,94,19,19,19],"floor_reached":23,"language":"ENG","playtime":644,"items_purged":["Strike_R"],"score":322,"play_id":"e4dd2d94-503b-4c8c-802d-4b1c35d3f544","local_time":"20210125211920","is_ascension_mode":true,"campfire_choices":[{"floor":6.0,"key":"REST"},{"data":"Armaments","floor":12.0,"key":"SMITH"},{"data":"Searing Blow","floor":15.0,"key":"SMITH"}],"circlet_count":0,"master_deck":["AscendersBane","Strike_R","Defend_R","Defend_R","Bash+1","Armaments+1","Searing Blow+1","Body Slam+1","True Grit"],"relics":["Burning Blood","Golden Idol","Frozen Egg 2","Incense Burner","Empty Cage","Lee\u0027s Waffle"],"acts_visited":["Exordium","TheCity"],"potions_floor_usage":[16,16,18,21],"damage_taken":[{"damage":2.0,"enemies":"Jaw Worm","floor":1.0,"turns":3.0},{"damage":10.0,"enemies":"Small Slimes","floor":5.0,"turns":4.0},{"damage":1.0,"enemies":"Cultist","floor":11.0,"turns":3.0},{"damage":7.0,"enemies":"Looter","floor":13.0,"turns":3.0},{"damage":13.0,"enemies":"2 Fungi Beasts","floor":14.0,"turns":4.0},{"damage":21,"enemies":"The Guardian","floor":16,"turns":9},{"damage":47,"enemies":"2 Thieves","floor":18,"turns":5},{"damage":0,"enemies":"Spheric Guardian","floor":21,"turns":3},{"damage":92,"enemies":"Book of Stabbing","floor":23,"turns":7}],"seed_played":"1177449700222479846","potions_obtained":[{"floor":11.0,"key":"DistilledChaos"},{"floor":13.0,"key":"CultistPotion"},{"floor":16,"key":"PowerPotion"},{"floor":18,"key":"DistilledChaos"}],"is_trial":false,"path_per_floor":["M","?","?","$","M","R","?","?","T","?","M","R","M","M","R","B",null,"M","$","?","M","$","E"],"character_chosen":"IRONCLAD","items_purchased":["Lee\u0027s Waffle"],"campfire_rested":1,"item_purchase_floors":[19],"current_hp_per_floor":[72,46,28,28,24,46,51,44,44,44,49,49,48,41,41,26,67,26,87,87,87,87,0,0],"gold":19,"neow_bonus":"REMOVE_TWO","is_daily":false,"chose_seed":false,"campfire_upgraded":2,"win_rate":0.0,"timestamp":1611627560,"path_taken":["M","?","?","?","?","R","?","?","T","?","?","R","M","M","R","BOSS","M","$","?","M","$","E"],"items_purchased_type":["Relic"],"build_version":"2020-12-22","purchased_purges":1,"victory":false,"max_hp_per_floor":[75,75,75,75,75,75,80,80,80,80,80,80,80,80,80,80,80,80,87,87,87,87,87,87],"card_choices":[{"not_picked":["Sword Boomerang","Heavy Blade","Sever Soul"],"picked":"SKIP","floor":1.0},{"not_picked":["Twin Strike","Pummel","Havoc"],"picked":"SKIP","floor":5.0},{"not_picked":["Power Through","Reaper"],"picked":"Armaments","floor":11.0},{"not_picked":["Rupture+1","Shockwave","Shrug It Off"],"picked":"SKIP","floor":13.0},{"not_picked":["Feel No Pain+1","Shrug It Off"],"picked":"Searing Blow","floor":14.0},{"not_picked":["Armaments","Wild Strike"],"picked":"Body Slam+1","floor":18},{"not_picked":["Armaments","Pummel+1"],"picked":"True Grit","floor":21}],"player_experience":563353,"relics_obtained":[{"floor":9.0,"key":"Incense Burner"}],"event_choices":[{"damage_healed":0.0,"max_hp_gain":0.0,"max_hp_loss":0.0,"gold_gain":0.0,"event_name":"Golden Idol","player_choice":"Take Damage","floor":2.0,"gold_loss":0.0,"damage_taken":26.0,"relics_obtained":["Golden Idol"]},{"damage_healed":0.0,"max_hp_gain":0.0,"max_hp_loss":0.0,"gold_gain":0.0,"event_name":"Scrap Ooze","player_choice":"Success","floor":3.0,"gold_loss":0.0,"damage_taken":18.0,"relics_obtained":["Frozen Egg 2"]},{"damage_healed":0.0,"max_hp_gain":5.0,"max_hp_loss":0.0,"gold_gain":0.0,"event_name":"Big Fish","player_choice":"Donut","floor":7.0,"gold_loss":0.0,"damage_taken":0.0},{"cards_removed":["Strike_R"],"damage_healed":0.0,"max_hp_gain":0.0,"max_hp_loss":0.0,"gold_gain":0.0,"event_name":"Golden Wing","player_choice":"Card Removal","floor":8.0,"gold_loss":0.0,"damage_taken":7.0},{"damage_healed":0.0,"max_hp_gain":0.0,"max_hp_loss":0.0,"gold_gain":0.0,"event_name":"Upgrade Shrine","player_choice":"Upgraded","floor":10.0,"gold_loss":0.0,"damage_taken":0.0,"cards_upgraded":["Bash"]},{"damage_healed":0,"gold_gain":50,"player_choice":"Stole From Cult","damage_taken":0,"max_hp_gain":0,"max_hp_loss":0,"event_name":"Nest","floor":20,"gold_loss":0}],"is_beta":false,"boss_relics":[{"not_picked":["Runic Pyramid","Cursed Key"],"picked":"Empty Cage"}],"items_purged_floors":[22],"is_endless":false,"potions_floor_spawned":[11,13,16,18],"killed_by":"Book of Stabbing","ascension_level":16}}