{"host":"wonp23fsqqcu31ie","time":1611665814,"event":{"mods":["2.2 Compatiblity","AchievementEnabler","Aspiration","BaseMod","Bestiary","Better Altar","Better Match","Better Sensory Stone","Better Skull","Better Third Choice","BetterRewards","Block Reminder","Colored Map","Colored Powertips","Conspire","Curses Come First","DeckTracker","Displayed Cursed Tome","Downfall","Energized Spire","Evolution","Hermit","Highlight Path","Hubris","Infinite Spire","Marisa????????","Minty Spire (QoL Compilation)","Permanent Neow","Prisma Mod","Quick Restart","Rare Cards Sparkle","Relic Stats","Robot Space Explorer","Shade Mod","Shop Mod","StSLib","SuperFastMode","The Animator","The Bug Knight","The Construct","The Cursed","The Disciple","The Dragon Tamer","The Gatherer","The Hierophant","The Marked","The Necromancer","The Poker Player","The Runesmith","The Saiyan","The Servant 0.9.4","TheBandit"],"gold_per_floor":[124,124,124,52,52,99,99,129,153,153,179,82,97,175,175,282,282,323,323,323,348,368,368,400,416,443,443,485,500,500,545,545,646,646,657,657,657,673,690,742,742,757,807,807,391,391,416,431,431,431,431,431,47,80,80,80],"floor_reached":55,"language":"ENG","playtime":1819,"items_purged":[],"score":984,"play_id":"e341d2e9-65d3-41aa-a67d-1ffc5ec80336","local_time":"20210126235654","is_ascension_mode":true,"campfire_choices":[{"floor":10,"key":"REST"},{"floor":15,"key":"REST"},{"floor":23,"key":"RECALL"},{"floor":30,"key":"REST"},{"floor":32,"key":"REST"},{"data":"animator:GazelDwargon","floor":41,"key":"SMITH"},{"floor":49,"key":"REST"},{"data":"animator:HigakiRinne","floor":52,"key":"SMITH"}],"circlet_count":0,"master_deck":["animator:Vanir","animator:LizardPriest","animator:Vanir","animator:Vanir","animator:Strike","animator:Defend+1","animator:Defend","animator:Defend","animator:DolaSchwi+1","animator:DolaCouronne","animator:Azekura+1","animator:RinTohsaka","animator:HigakiRinne+1","animator:Nanami","animator:Cirno","animator:Kaijin","animator:Biyorigo","animator:Emonzaemon+1","animator:Hakurou+1","animator:Togame","animator:Ciel","animator:EmiyaShirou+1","animator:IzunaHatsuse","animator:Souei","animator:Scar+1","animator:TsurugaMeisai+1","animator:Vanir+1","animator:GazelDwargon+1","animator:Shizu+1","animator:RoyMustang+1","animator:Archer","animator:Kuroyukihime"],"relics":["animator:LivingPicture","animator:TheMissingPiece","EVO:Axolotl","aspiration:Lifesprig","Ancient Tea Set","Tiny Chest","Red Skull","Molten Egg 2","energizedSpire:DeadBattery","hubris:Reverence","conspire:TopHat","infinitespire:Lucky Rock","Toy Ornithopter","hubris:CrackedHourglass","Busted Crown","Membership Card","hubris:Metronome","Smiling Mask","TwistedFunnel","Bronze Scales","Paper Crane","MerchantsRug","Guardian:PocketSentry","hubris:64BitClover","OrangePellets","animator:Buoy","HornCleat"],"acts_visited":["Exordium","TheCity","TheBeyond","TheEnding"],"potions_floor_usage":[16,16,16,24,28,33,33,40,42,50],"damage_taken":[{"damage":0,"enemies":"2 Louse","floor":1,"turns":1},{"damage":23,"enemies":"3 Sentries","floor":6,"turns":7},{"damage":22,"enemies":"Gremlin Nob","floor":8,"turns":4},{"damage":0,"enemies":"Small Slimes","floor":11,"turns":2},{"damage":0,"enemies":"Jaw Worm","floor":13,"turns":4},{"damage":12,"enemies":"The Guardian","floor":16,"turns":6},{"damage":3,"enemies":"Shell Parasite","floor":18,"turns":5},{"damage":20,"enemies":"2 Thieves","floor":21,"turns":5},{"damage":20,"enemies":"Snake Plant","floor":22,"turns":5},{"damage":26,"enemies":"conspire:Head Lice","floor":24,"turns":4},{"damage":4,"enemies":"Sentry and Sphere","floor":25,"turns":5},{"damage":0,"enemies":"animator:HornedBat","floor":28,"turns":7},{"damage":0,"enemies":"Cultist and Chosen","floor":29,"turns":5},{"damage":33,"enemies":"conspire:MysteriousRune","floor":33,"turns":9},{"damage":11,"enemies":"Orb Walker","floor":35,"turns":5},{"damage":13,"enemies":"3 Darklings","floor":38,"turns":5},{"damage":36,"enemies":"Writhing Mass","floor":39,"turns":5},{"damage":9,"enemies":"Reptomancer","floor":40,"turns":8},{"damage":17,"enemies":"Jaw Worm Horde","floor":42,"turns":4},{"damage":0,"enemies":"Spire Growth","floor":48,"turns":3},{"damage":24,"enemies":"Time Eater","floor":50,"turns":8},{"damage":67,"enemies":"Shield and Spear","floor":54,"turns":6},{"damage":33,"enemies":"The Heart","floor":55,"turns":3}],"seed_played":"-32272489961520528","potions_obtained":[{"floor":6,"key":"SteroidPotion"},{"floor":8,"key":"AttackPotion"},{"floor":11,"key":"FearPotion"},{"floor":22,"key":"Fire Potion"},{"floor":25,"key":"Energy Potion"},{"floor":28,"key":"Block Potion"},{"floor":29,"key":"BlessingOfTheForge"},{"floor":39,"key":"construct:ShiftPotion"},{"floor":40,"key":"Explosive Potion"},{"floor":42,"key":"SpeedPotion"}],"is_trial":false,"path_per_floor":["M","?","?","$","$","E","?","E","T","R","M","$","M","T","R","B",null,"M","T","?","M","M","R","E","M","T","?","E","M","R","T","R","B",null,"M","AVR","?","M","M","E","R","M","T","?","$","?","T","M","R","B",null,"R","$","E","B"],"character_chosen":"THE_ANIMATOR","items_purchased":["animator:RinTohsaka","animator:Cirno","TwistedFunnel","Bronze Scales","Paper Crane","MerchantsRug","animator:Shizu+1","animator:RoyMustang+1","hubris:64BitClover","OrangePellets","animator:Buoy","animator:Archer","animator:Kuroyukihime"],"campfire_rested":5,"item_purchase_floors":[4,12,45,45,45,45,45,45,53,53,53,53,53],"current_hp_per_floor":[66,66,53,53,53,30,37,16,16,36,36,36,37,37,57,46,69,66,66,69,49,31,31,5,1,1,1,1,6,27,27,48,25,72,67,67,67,54,18,18,18,6,6,6,6,6,6,10,31,16,72,72,72,9,0,0],"gold":80,"neow_bonus":"RANDOM_COMMON_RELIC","is_daily":false,"chose_seed":false,"campfire_upgraded":2,"win_rate":0.0,"timestamp":1611665814,"path_taken":["M","?","?","?","$","E","?","E","T","R","M","$","?","?","R","BOSS","M","?","?","?","M","R","E","M","T","?","E","M","R","?","R","BOSS","M","AVR","?","M","M","E","R","M","T","?","$","?","?","M","R","BOSS","R","$","E","BOSS"],"items_purchased_type":["Card","Card","Relic","Relic","Relic","Relic","Card","Card","Relic","Relic","Relic","Card","Card"],"build_version":"2020-12-22","purchased_purges":0,"victory":false,"max_hp_per_floor":[66,66,66,66,66,66,66,67,67,67,67,67,68,68,68,69,69,69,69,69,69,71,71,71,71,71,71,71,72,72,72,72,72,72,72,72,72,72,72,72,72,72,72,72,72,72,72,72,72,72,72,72,72,72,72,72],"relic_stats":{"OrangePellets":[4],"Busted Crown":34,"counters":[210,825],"Bronze Scales":[108],"Tiny Chest":3,"Smiling Mask":0,"obtain_stats":[{"TwistedFunnel":3,"infinitespire:BottledMercury":24,"construct:FoamFinger":10,"aspiration:PoetsPen_weak":34,"Ginger":65,"Bottled Tornado":43,"Sling":38,"aspiration:RitualStick":27,"Blood Vial":94,"infinitespire:ShieldingShard":0,"aspiration:BabyByrd":53,"hubris:AstralHammer":136,"infinitespire:Golems Mask":25,"Replay:Bottled Flurry":12,"HandDrill":29,"HollowMod:PaleOreRelic":151,"hubris:TinFlute":22,"MerchantsRug":38,"HollowMod:QueensCombRelic":0,"Blue Candle":5,"hubris:SphereOfDissonance":7,"HollowMod:JonisBlessing":4,"Eternal Feather":52,"Guardian:PocketSentry":4,"infinitespire:Magic Flask":42,"Paper Crane":28,"energizedSpire:StickyHand":55,"aspiration:FrozenJewel":29,"SlaversCollar":51,"animator:HolyGrailRelic":17,"hubris:BottledHeart":19,"ReplayTheSpireMod:Ring of Collecting":13,"aspiration:SilentSkillbook":132,"energizedSpire:MagnifyingGlass":17,"hubris:TenFootPole":36,"conspire:BottledYoYo":26,"infinitespire:PuzzleCube":108,"Unceasing Top":0,"infinitespire:Cupcake":85,"hubris:Reverence":19,"animator:ShionDessert":24,"aspiration:Lifesprig":57,"Lantern":121,"Regal Pillow":146,"hubris:Metronome":40,"animator:Hoodie":20,"animator:TheMissingPiece":0,"hubris:EmptyBottle":53,"Ancient Tea Set":72,"Smiling Mask":77,"Burning Blood":0,"conspire:InfiniteJournal":6,"Matryoshka":0,"hubris:Backtick":68,"Shovel":0,"aspiration:AnachronicSnailShell":6,"hubris:CuriousFeather":63,"WingedGreaves":0,"animator:HallowedScabbard":0,"InkBottle":14,"hubris:GlazedTorus":6,"Potion Belt":55,"Lee\u0027s Waffle":151,"Runesmith:Nanobots":46,"The Specimen":17,"hubris:64BitClover":53,"Thread and Needle":36,"PreservedInsect":117,"infinitespire:CheckeredPen":72,"infinitespire:Lucky Rock":28,"hubris:Towel":2,"Frozen Egg 2":36,"energizedSpire:DeadBattery":34,"Busted Crown":34,"Bloody Idol":19,"Orrery":136,"animator:LivingPicture":0,"Art of War":24,"Runesmith:AutoHammer":10,"Bottled Lightning":152,"ReplayTheSpireMod:Ring of Challenge":13,"animator:AlchemistGlove":30,"conspire:DeflatedDodgeball":110,"hexamod:BolsterEngine":45,"hubris:CrackedHourglass":34,"animator:OldCoffin":90,"Toy Ornithopter":31,"hubris:BottledRain":0,"Ice Cream":0,"Tiny House":20,"Gremlin Horn":26,"Vajra":7,"EVO:Axolotl":0,"HollowMod:StagPassRelic":12,"Lizard Tail":0,"Centennial Puzzle":2,"HornCleat":54,"DollysMirror":22,"Strawberry":29,"conspire:DecoderRing":47,"aspiration:ArtOfWarUpgrade":40,"Philosopher\u0027s Stone":24,"Girya":0,"Happy Flower":95,"aspiration:Nostalgia":0,"animator:BattleDrones":65,"Dead Branch":120,"Oddly Smooth Stone":9,"infinitespire:Beetle Shell":20,"aspiration:SeaSaltIceCream":25,"War Paint":0,"Question Card":124,"aspiration:HiddenCompartment":24,"hubris:Zylophone":45,"OrangePellets":53,"Bottled Flame":29,"energizedSpire:NeverEndingSparkler":17,"Brimstone":10,"Bronze Scales":76,"Molten Egg 2":14,"Nloth\u0027s Gift":73,"CatCart":137,"Meat on the Bone":138,"animator:CursedGlyph":31,"SacredBark":98,"Enchiridion":30,"Mango":101,"aspiration:TomeofQuesting":141,"Incense Burner":26,"hubris:RunicObelisk":34,"Empty Cage":19,"conspire:TopHat":13,"ClockworkSouvenir":72,"Nunchaku":48,"Dream Catcher":107,"hubris:Icosahedron":36,"animator:PurgingStone":0,"Mummified Hand":24,"Pantograph":0,"Tiny Chest":6,"Red Mask":21,"animator:VividPicture":17,"animator:MantleOfTheStrategist":63,"Red Skull":31,"animator:Buoy":53,"hexamod:CandleOfCauterizing":43,"HollowMod:LifeEnderRelic":119,"aspiration:FetidBarrel":68,"hubris:MedicalManual":0,"aspiration:HummingbirdHeart":46,"animator:WornHelmet":38,"Medical Kit":0,"White Beast Statue":21,"Mercury Hourglass":108,"Strange Spoon":0,"Anchor":8,"CaptainsWheel":0,"infinitespire:WardingShard":0,"infinitespire:Satchel":20,"aspiration:KaomsHeart":48,"hubris:BundleOfHerbs":0,"Bag of Marbles":48,"Membership Card":0,"hubris:OldNail":9,"TungstenRod":0},{"TwistedFunnel":49,"infinitespire:BottledMercury":17,"construct:FoamFinger":125,"aspiration:PoetsPen_weak":37,"Ginger":78,"Bottled Tornado":66,"Sling":21,"aspiration:RitualStick":17,"Blood Vial":90,"infinitespire:ShieldingShard":48,"aspiration:BabyByrd":72,"hubris:AstralHammer":113,"infinitespire:Golems Mask":132,"Replay:Bottled Flurry":7,"HandDrill":17,"HollowMod:PaleOreRelic":117,"hubris:TinFlute":57,"MerchantsRug":21,"HollowMod:QueensCombRelic":119,"Blue Candle":167,"hubris:SphereOfDissonance":4,"HollowMod:JonisBlessing":24,"Eternal Feather":143,"Guardian:PocketSentry":2,"infinitespire:Magic Flask":42,"Paper Crane":17,"energizedSpire:StickyHand":72,"aspiration:FrozenJewel":133,"SlaversCollar":71,"animator:HolyGrailRelic":55,"hubris:BottledHeart":15,"ReplayTheSpireMod:Ring of Collecting":7,"aspiration:SilentSkillbook":111,"energizedSpire:MagnifyingGlass":14,"hubris:TenFootPole":38,"conspire:BottledYoYo":58,"infinitespire:PuzzleCube":98,"Unceasing Top":145,"infinitespire:Cupcake":87,"hubris:Reverence":194,"animator:ShionDessert":58,"aspiration:Lifesprig":74,"Lantern":104,"Regal Pillow":116,"hubris:Metronome":205,"animator:Hoodie":128,"animator:TheMissingPiece":0,"hubris:EmptyBottle":143,"Ancient Tea Set":81,"Smiling Mask":83,"Burning Blood":160,"conspire:InfiniteJournal":163,"Matryoshka":22,"hubris:Backtick":79,"Shovel":119,"aspiration:AnachronicSnailShell":168,"hubris:CuriousFeather":77,"WingedGreaves":145,"animator:HallowedScabbard":119,"InkBottle":150,"hubris:GlazedTorus":123,"Potion Belt":72,"Lee\u0027s Waffle":117,"Runesmith:Nanobots":141,"The Specimen":127,"hubris:64BitClover":208,"Thread and Needle":20,"PreservedInsect":102,"infinitespire:CheckeredPen":81,"infinitespire:Lucky Rock":199,"hubris:Towel":9,"Frozen Egg 2":38,"energizedSpire:DeadBattery":135,"Busted Crown":62,"Bloody Idol":56,"Orrery":113,"animator:LivingPicture":0,"Art of War":34,"Runesmith:AutoHammer":5,"Bottled Lightning":118,"ReplayTheSpireMod:Ring of Challenge":7,"animator:AlchemistGlove":35,"conspire:DeflatedDodgeball":98,"hexamod:BolsterEngine":140,"hubris:CrackedHourglass":201,"animator:OldCoffin":89,"Toy Ornithopter":200,"hubris:BottledRain":119,"Ice Cream":145,"Tiny House":15,"Gremlin Horn":17,"Vajra":10,"EVO:Axolotl":0,"HollowMod:StagPassRelic":28,"Lizard Tail":119,"Centennial Puzzle":184,"HornCleat":209,"DollysMirror":57,"Strawberry":17,"conspire:DecoderRing":141,"aspiration:ArtOfWarUpgrade":40,"Philosopher\u0027s Stone":132,"Girya":48,"Happy Flower":91,"aspiration:Nostalgia":0,"animator:BattleDrones":78,"Dead Branch":103,"Oddly Smooth Stone":26,"infinitespire:Beetle Shell":15,"aspiration:SeaSaltIceCream":132,"War Paint":48,"Question Card":106,"aspiration:HiddenCompartment":197,"hubris:Zylophone":67,"OrangePellets":208,"Bottled Flame":17,"energizedSpire:NeverEndingSparkler":30,"Brimstone":169,"Bronze Scales":83,"Molten Egg 2":192,"Nloth\u0027s Gift":81,"CatCart":114,"Meat on the Bone":115,"animator:CursedGlyph":36,"SacredBark":92,"Enchiridion":133,"Mango":94,"aspiration:TomeofQuesting":115,"Incense Burner":132,"hubris:RunicObelisk":18,"Empty Cage":173,"conspire:TopHat":53,"ClockworkSouvenir":81,"Nunchaku":70,"Dream Catcher":98,"hubris:Icosahedron":63,"animator:PurgingStone":22,"Mummified Hand":176,"Pantograph":119,"Tiny Chest":189,"Red Mask":32,"animator:VividPicture":151,"animator:MantleOfTheStrategist":77,"Red Skull":134,"animator:Buoy":208,"hexamod:CandleOfCauterizing":42,"HollowMod:LifeEnderRelic":103,"aspiration:FetidBarrel":79,"hubris:MedicalManual":48,"aspiration:HummingbirdHeart":44,"animator:WornHelmet":39,"Medical Kit":119,"White Beast Statue":15,"Mercury Hourglass":98,"Strange Spoon":119,"Anchor":147,"CaptainsWheel":182,"infinitespire:WardingShard":160,"infinitespire:Satchel":56,"aspiration:KaomsHeart":45,"hubris:BundleOfHerbs":119,"Bag of Marbles":142,"Membership Card":48,"hubris:OldNail":26,"TungstenRod":48},{"TwistedFunnel":222,"infinitespire:BottledMercury":67,"construct:FoamFinger":441,"aspiration:PoetsPen_weak":170,"Ginger":323,"Bottled Tornado":285,"Sling":92,"aspiration:RitualStick":67,"Blood Vial":350,"infinitespire:ShieldingShard":218,"aspiration:BabyByrd":309,"hubris:AstralHammer":400,"infinitespire:Golems Mask":468,"Replay:Bottled Flurry":28,"HandDrill":67,"HollowMod:PaleOreRelic":416,"hubris:TinFlute":251,"MerchantsRug":92,"HollowMod:QueensCombRelic":425,"Blue Candle":627,"hubris:SphereOfDissonance":14,"HollowMod:JonisBlessing":106,"Eternal Feather":507,"Guardian:PocketSentry":8,"infinitespire:Magic Flask":187,"Paper Crane":67,"energizedSpire:StickyHand":309,"aspiration:FrozenJewel":471,"SlaversCollar":306,"animator:HolyGrailRelic":245,"hubris:BottledHeart":59,"ReplayTheSpireMod:Ring of Collecting":28,"aspiration:SilentSkillbook":397,"energizedSpire:MagnifyingGlass":53,"hubris:TenFootPole":172,"conspire:BottledYoYo":255,"infinitespire:PuzzleCube":362,"Unceasing Top":516,"infinitespire:Cupcake":345,"hubris:Reverence":738,"animator:ShionDessert":255,"aspiration:Lifesprig":313,"Lantern":371,"Regal Pillow":409,"hubris:Metronome":801,"animator:Hoodie":451,"animator:TheMissingPiece":0,"hubris:EmptyBottle":507,"Ancient Tea Set":330,"Smiling Mask":335,"Burning Blood":587,"conspire:InfiniteJournal":611,"Matryoshka":99,"hubris:Backtick":326,"Shovel":425,"aspiration:AnachronicSnailShell":635,"hubris:CuriousFeather":320,"WingedGreaves":516,"animator:HallowedScabbard":425,"InkBottle":538,"hubris:GlazedTorus":435,"Potion Belt":309,"Lee\u0027s Waffle":416,"Runesmith:Nanobots":496,"The Specimen":448,"hubris:64BitClover":816,"Thread and Needle":88,"PreservedInsect":368,"infinitespire:CheckeredPen":330,"infinitespire:Lucky Rock":764,"hubris:Towel":36,"Frozen Egg 2":172,"energizedSpire:DeadBattery":478,"Busted Crown":274,"Bloody Idol":248,"Orrery":400,"animator:LivingPicture":0,"Art of War":154,"Runesmith:AutoHammer":18,"Bottled Lightning":418,"ReplayTheSpireMod:Ring of Challenge":28,"animator:AlchemistGlove":159,"conspire:DeflatedDodgeball":362,"hexamod:BolsterEngine":493,"hubris:CrackedHourglass":778,"animator:OldCoffin":348,"Toy Ornithopter":769,"hubris:BottledRain":425,"Ice Cream":516,"Tiny House":59,"Gremlin Horn":67,"Vajra":38,"EVO:Axolotl":0,"HollowMod:StagPassRelic":120,"Lizard Tail":425,"Centennial Puzzle":696,"HornCleat":822,"DollysMirror":251,"Strawberry":67,"conspire:DecoderRing":496,"aspiration:ArtOfWarUpgrade":180,"Philosopher\u0027s Stone":467,"Girya":218,"Happy Flower":352,"aspiration:Nostalgia":0,"animator:BattleDrones":323,"Dead Branch":369,"Oddly Smooth Stone":110,"infinitespire:Beetle Shell":59,"aspiration:SeaSaltIceCream":468,"War Paint":218,"Question Card":374,"aspiration:HiddenCompartment":752,"hubris:Zylophone":290,"OrangePellets":816,"Bottled Flame":67,"energizedSpire:NeverEndingSparkler":135,"Brimstone":639,"Bronze Scales":335,"Molten Egg 2":727,"Nloth\u0027s Gift":330,"CatCart":404,"Meat on the Bone":406,"animator:CursedGlyph":163,"SacredBark":356,"Enchiridion":471,"Mango":358,"aspiration:TomeofQuesting":406,"Incense Burner":468,"hubris:RunicObelisk":77,"Empty Cage":651,"conspire:TopHat":237,"ClockworkSouvenir":330,"Nunchaku":301,"Dream Catcher":362,"hubris:Icosahedron":276,"animator:PurgingStone":99,"Mummified Hand":667,"Pantograph":425,"Tiny Chest":717,"Red Mask":141,"animator:VividPicture":546,"animator:MantleOfTheStrategist":320,"Red Skull":472,"animator:Buoy":816,"hexamod:CandleOfCauterizing":187,"HollowMod:LifeEnderRelic":369,"aspiration:FetidBarrel":326,"hubris:MedicalManual":218,"aspiration:HummingbirdHeart":194,"animator:WornHelmet":175,"Medical Kit":425,"White Beast Statue":59,"Mercury Hourglass":362,"Strange Spoon":425,"Anchor":525,"CaptainsWheel":692,"infinitespire:WardingShard":587,"infinitespire:Satchel":248,"aspiration:KaomsHeart":198,"hubris:BundleOfHerbs":425,"Bag of Marbles":500,"Membership Card":218,"hubris:OldNail":110,"TungstenRod":218}],"Toy Ornithopter":25},"card_choices":[{"not_picked":["animator:Rider","animator:Hakurou"],"picked":"animator:Azekura","floor":1},{"not_picked":["animator:Shion","animator:Archer"],"picked":"animator:Vesta","floor":6},{"not_picked":["animator:Greed","animator:Jibril"],"picked":"animator:HigakiRinne","floor":8},{"not_picked":["animator:Togame","animator:ZankiKiguchi"],"picked":"animator:Nanami","floor":11},{"not_picked":["animator:SakuraMatou","animator:Verdia"],"picked":"animator:Kaijin","floor":13},{"not_picked":["animator:Rimuru","animator:Eris"],"picked":"animator:Biyorigo","floor":16},{"not_picked":["animator:Jibril+1","animator:TsurugaMeisai"],"picked":"animator:Emonzaemon+1","floor":18},{"not_picked":["animator:DolaRiku+1","animator:WinryRockbell"],"picked":"animator:Hakurou+1","floor":21},{"not_picked":["animator:Azekura","animator:Hitei"],"picked":"animator:Togame","floor":22},{"not_picked":["animator:Rider","animator:Eve"],"picked":"animator:Ciel","floor":24},{"not_picked":["animator:TsurugaMeisai+1","animator:Emonzaemon+1"],"picked":"animator:EmiyaShirou+1","floor":25},{"not_picked":["animator:Eris","animator:Lancer+1"],"picked":"animator:IzunaHatsuse","floor":28},{"not_picked":["animator:Hakurou+1","animator:Vesta"],"picked":"animator:Souei","floor":29},{"not_picked":["animator:Wiz","animator:Envy"],"picked":"animator:Eris","floor":33},{"not_picked":["animator:Raven+1","animator:ElricEdward+1"],"picked":"animator:Scar+1","floor":35},{"not_picked":[],"picked":"animator:TsurugaMeisai+1","floor":37},{"not_picked":[],"picked":"animator:Vanir+1","floor":38},{"not_picked":["animator:TsurugaMeisai"],"picked":"SKIP","floor":39},{"not_picked":[],"picked":"animator:GazelDwargon","floor":40},{"not_picked":["animator:Aisha+1"],"picked":"SKIP","floor":42},{"not_picked":["animator:GazelDwargon"],"picked":"SKIP","floor":48},{"not_picked":["animator:Illya"],"picked":"SKIP","floor":54}],"player_experience":582326,"relics_obtained":[{"floor":2,"key":"Ancient Tea Set"},{"floor":6,"key":"Tiny Chest"},{"floor":8,"key":"Red Skull"},{"floor":14,"key":"Molten Egg 2"},{"floor":19,"key":"hubris:Reverence"},{"floor":24,"key":"aspiration:HiddenCompartment"},{"floor":26,"key":"conspire:TopHat"},{"floor":28,"key":"infinitespire:Lucky Rock"},{"floor":31,"key":"Toy Ornithopter"},{"floor":40,"key":"hubris:Metronome"},{"floor":43,"key":"Smiling Mask"},{"floor":47,"key":"Guardian:PocketSentry"},{"floor":54,"key":"HornCleat"}],"event_choices":[{"damage_healed":66,"gold_gain":0,"player_choice":"Upgrade","damage_taken":13,"max_hp_gain":0,"max_hp_loss":66,"event_name":"betterThird:BetterShining","floor":3,"gold_loss":0,"cards_upgraded":["animator:DolaSchwi","animator:Azekura"]},{"damage_healed":0,"gold_gain":0,"player_choice":"Ignored","damage_taken":0,"max_hp_gain":0,"max_hp_loss":0,"event_name":"N\u0027loth","floor":27,"gold_loss":0},{"damage_healed":0,"gold_gain":0,"player_choice":"2","damage_taken":0,"max_hp_gain":0,"max_hp_loss":0,"event_name":"betterMatch:BetterMatch","floor":37,"gold_loss":0,"cards_obtained":["betterMatch:UncommonCard"]},{"cards_removed":["animator:Vesta"],"damage_healed":0,"gold_gain":0,"player_choice":"Removed Skill","damage_taken":0,"max_hp_gain":0,"max_hp_loss":0,"event_name":"Falling","floor":44,"gold_loss":0},{"damage_healed":0,"gold_gain":0,"player_choice":"Ignored","damage_taken":0,"max_hp_gain":0,"max_hp_loss":0,"event_name":"Tomb of Lord Red Mask","floor":46,"gold_loss":0}],"is_beta":false,"boss_relics":[{"not_picked":["animator:VividPicture","Pandora\u0027s Box"],"picked":"energizedSpire:DeadBattery"},{"not_picked":["hubris:VirtuousBlindfold","hubris:GrandSneckoEye"],"picked":"hubris:CrackedHourglass"}],"items_purged_floors":[],"is_endless":false,"potions_floor_spawned":[6,8,11,13,22,25,28,29,39,40,42],"killed_by":"The Heart","ascension_level":4}}