{"host":"zksvs3x2ysy9npnz","time":1611619446,"event":{"mods":["Aspiration","BaseMod","Beaked The Cultist","BetterRewards","Clockwork Mod","Colored Map","Conspire","Downfall","Duelist Mod","Ekko","Fiend Mod","Halation","Highlight Path","Hubris","Infinite Spire","Jedi Mod","Magitek Elite","Minty Spire (QoL Compilation)","Permanent Neow","Quick Restart","Relic Stats","Shop Mod","StSLib","The Runesmith","The Witch","thorton"],"gold_per_floor":[99,109,125,35,35,35,35,52,85,103,103,115,133,34,48,145,145,145,163,163,163,179,179,224,243,243,263,263,263,263,291,301,301,301],"floor_reached":33,"language":"FRA","playtime":8485,"items_purged":["sneckomod:Strike","sneckomod:UnknownRareSkill"],"score":269,"play_id":"81b02c17-f24f-4034-82e3-e5283c728867","local_time":"20210126010406","is_ascension_mode":false,"campfire_choices":[{"data":"Discovery","floor":1,"key":"SMITH"},{"data":"sneckomod:Unknown","floor":6,"key":"SMITH"},{"data":"sneckomod:UnknownBoss","floor":18,"key":"SMITH"},{"data":"sneckomod:UnknownUncommonSkill","floor":28,"key":"SMITH"},{"data":"sneckomod:UnknownVulnerable","floor":30,"key":"SMITH"}],"circlet_count":0,"master_deck":["sneckomod:Defend","sneckomod:Defend","sneckomod:TailWhip","sneckomod:SnekBite","sneckomod:Unknown","Discovery+1","sneckomod:UnknownBlock","sneckomod:UnknownCommonAttack","Sucker Punch","Neutralize","Escape Plan","sneckomod:UnknownVulnerable+1","sneckomod:UnknownUncommonSkill+1","sneckomod:UnknownBlock","Core Surge+1","sneckomod:UnknownBlock","sneckomod:MorePower","Enlightenment","sneckomod:UnknownClassEKKO_BLUE_COLOR+1","sneckomod:UnknownClassRUNESMITH_BEIGE+1","sneckomod:Unknown2Cost+1","sneckomod:QuickMove+1","Madness+1","sneckomod:UnknownDexterity+1","sneckomod:UnknownColorless+1","sneckomod:UnknownDraw","sneckomod:UnknownBoss+1","sneckomod:UnknownClassGUARDIAN+1"],"relics":["sneckomod:SneckoSoul","Mercury Hourglass","Happy Flower","thethorton:CrushedCigarette","halation:TwoAmDonut","Golden_Hairpin","hubris:Towel","Art of War","MutagenicStrength","Blue Candle","halation:LettersToHer"],"acts_visited":["Exordium","TheCity"],"potions_floor_usage":[16,19,25,33],"damage_taken":[{"damage":0,"enemies":"conspire:RoseBush","floor":2,"turns":3},{"damage":8,"enemies":"Small Slimes","floor":3,"turns":4},{"damage":0,"enemies":"downfall:FleeingMerchant","floor":4,"turns":4},{"damage":0,"enemies":"Cultist","floor":8,"turns":3},{"damage":26,"enemies":"Lagavulin","floor":9,"turns":4},{"damage":6,"enemies":"Red Slaver","floor":10,"turns":3},{"damage":1,"enemies":"Exordium Wildlife","floor":12,"turns":4},{"damage":0,"enemies":"2 Fungi Beasts","floor":13,"turns":3},{"damage":0,"enemies":"downfall:FleeingMerchant","floor":14,"turns":4},{"damage":0,"enemies":"Exordium Thugs","floor":15,"turns":3},{"damage":35,"enemies":"WA_ARCHETYPE_RETAIN","floor":16,"turns":9},{"damage":0,"enemies":"Shell Parasite","floor":19,"turns":3},{"damage":4,"enemies":"Spheric Guardian","floor":22,"turns":4},{"damage":16,"enemies":"Snake Plant","floor":25,"turns":4},{"damage":0,"enemies":"3 Cultists","floor":27,"turns":3},{"damage":31,"enemies":"Gremlin Leader","floor":31,"turns":7},{"damage":5,"enemies":"Cultist and Chosen","floor":32,"turns":6},{"damage":35,"enemies":"IC_MUSHROOM_ARCHETYPE","floor":33,"turns":5}],"seed_played":"572228173769228525","potions_obtained":[{"floor":8,"key":"Explosive Potion"},{"floor":9,"key":"Dexterity Potion"},{"floor":12,"key":"BlessingOfTheForge"},{"floor":16,"key":"SkillPotion"},{"floor":25,"key":"Ancient Potion"},{"floor":27,"key":"sneckomod:OffclassReductionPotion"}],"is_trial":false,"path_per_floor":["R","M","M","$","?","R","T","M","E","M","R","M","M","$","M","B",null,"R","M","AVR","?","M","R","T","M","?","M","R","?","R","E","M","B"],"character_chosen":"THE_SNECKO","items_purchased":["Enlightenment"],"campfire_rested":0,"item_purchase_floors":[14],"current_hp_per_floor":[90,90,82,82,82,82,82,82,56,50,50,49,49,49,49,14,90,90,90,90,90,86,86,86,70,70,70,70,65,65,34,29,0,0],"gold":301,"neow_bonus":"RANDOM_COLORLESS","is_daily":false,"chose_seed":false,"campfire_upgraded":5,"win_rate":0.0,"timestamp":1611619446,"path_taken":["R","M","?","$","?","R","T","M","E","M","R","?","?","?","M","BOSS","R","M","AVR","?","M","R","T","M","?","M","R","?","R","E","M","BOSS"],"items_purchased_type":["Card"],"build_version":"2020-12-22","purchased_purges":2,"victory":false,"max_hp_per_floor":[90,90,90,90,90,90,90,90,90,90,90,90,90,90,90,90,90,90,90,90,90,90,90,90,90,90,90,90,90,90,90,90,92,92],"relic_stats":{"Happy Flower":[19],"counters":[18,76],"Blue Candle":[0],"Art of War":[2],"obtain_stats":[{"Golden_Hairpin":20,"Happy Flower":9,"MutagenicStrength":26,"Blue Candle":29,"Art of War":24,"thethorton:CrushedCigarette":17,"halation:TwoAmDonut":20,"hubris:Towel":21,"sneckomod:SneckoSoul":0,"halation:LettersToHer":31,"Mercury Hourglass":7},{"Golden_Hairpin":12,"Happy Flower":5,"MutagenicStrength":14,"Blue Candle":15,"Art of War":13,"thethorton:CrushedCigarette":11,"halation:TwoAmDonut":12,"hubris:Towel":12,"sneckomod:SneckoSoul":0,"halation:LettersToHer":16,"Mercury Hourglass":3},{"Golden_Hairpin":47,"Happy Flower":18,"MutagenicStrength":55,"Blue Candle":58,"Art of War":51,"thethorton:CrushedCigarette":44,"halation:TwoAmDonut":47,"hubris:Towel":47,"sneckomod:SneckoSoul":0,"halation:LettersToHer":65,"Mercury Hourglass":11}],"Mercury Hourglass":[229]},"card_choices":[{"not_picked":["Bandage Up","Panacea"],"picked":"Discovery","floor":0},{"not_picked":["sneckomod:Nope","sneckomod:RainOfDice"],"picked":"sneckomod:UnknownBlock","floor":2},{"not_picked":["sneckomod:TrashToTreasure","sneckomod:SlitherStrike","sneckomod:DiceCrush"],"picked":"SKIP","floor":3},{"not_picked":["sneckomod:SlitherStrike","sneckomod:Mudshield"],"picked":"sneckomod:UnknownCommonAttack","floor":4},{"not_picked":["sneckomod:DiceCrush","sneckomod:WideSting"],"picked":"sneckomod:UnknownVulnerable","floor":8},{"not_picked":["sneckomod:UnknownBlock","sneckomod:DiceCrush"],"picked":"sneckomod:UnknownUncommonSkill","floor":9},{"not_picked":["sneckomod:SoulDraw","sneckomod:UnknownVulnerable"],"picked":"sneckomod:UnknownBlock","floor":10},{"not_picked":["sneckomod:SoulRoll","sneckomod:Unknown1Cost"],"picked":"sneckomod:UnknownBoss","floor":12},{"not_picked":["sneckomod:UnknownCommonAttack","sneckomod:DiceBoulder"],"picked":"sneckomod:UnknownBlock","floor":13},{"not_picked":["sneckomod:Unknown1Cost","sneckomod:QuickMove"],"picked":"sneckomod:MorePower","floor":14},{"not_picked":["sneckomod:RainOfDice","sneckomod:QuickBite","sneckomod:QuickMove"],"picked":"SKIP","floor":15},{"not_picked":["sneckomod:UnknownClassRED+1","sneckomod:UnknownClassDUELIST_SPECIAL+1"],"picked":"sneckomod:UnknownClassEKKO_BLUE_COLOR+1","floor":16},{"not_picked":["sneckomod:DangerNoodle","sneckomod:MorePower"],"picked":"sneckomod:UnknownRareSkill","floor":16},{"not_picked":["sneckomod:Unknown1Cost+1","sneckomod:UnknownClassDUELIST_SPECIAL+1"],"picked":"sneckomod:UnknownClassRUNESMITH_BEIGE+1","floor":19},{"not_picked":["sneckomod:SoulRoll","sneckomod:DiceBlock","sneckomod:UnendingSupply"],"picked":"SKIP","floor":19},{"not_picked":["sneckomod:UnknownClassTHORT_GRAY_COLOR+1","sneckomod:UnknownClassDUELIST+1"],"picked":"sneckomod:Unknown2Cost+1","floor":22},{"not_picked":["sneckomod:DiceBlock+1","sneckomod:Unknown1Cost"],"picked":"sneckomod:QuickMove+1","floor":22},{"not_picked":["sneckomod:UnknownClassDUELIST_SPECIAL+1","sneckomod:UnknownClassDEFAULT_GRAY+1"],"picked":"sneckomod:UnknownDexterity+1","floor":25},{"not_picked":["sneckomod:DiceCrush","sneckomod:Unknown1Cost","sneckomod:WideSting"],"picked":"SKIP","floor":25},{"not_picked":["sneckomod:UnknownClassPURPLE+1","sneckomod:Unknown+1"],"picked":"sneckomod:UnknownColorless+1","floor":27},{"not_picked":["sneckomod:SoulCleanse","sneckomod:UnknownWeak"],"picked":"sneckomod:UnknownDraw","floor":27},{"not_picked":["sneckomod:Unknown+1","sneckomod:UnknownCommonAttack+1"],"picked":"sneckomod:UnknownBoss+1","floor":31},{"not_picked":["sneckomod:SlitherStrike","sneckomod:Unknown1Cost","sneckomod:QuickBite"],"picked":"SKIP","floor":31},{"not_picked":["sneckomod:Unknown0Cost+1","sneckomod:UnknownClassTHORT_GRAY_COLOR+1"],"picked":"sneckomod:UnknownClassGUARDIAN+1","floor":32},{"not_picked":["sneckomod:WideSting","sneckomod:UnknownVulnerable","sneckomod:UnknownX"],"picked":"SKIP","floor":32}],"player_experience":2244412,"relics_obtained":[{"floor":7,"key":"Mercury Hourglass"},{"floor":9,"key":"Happy Flower"},{"floor":24,"key":"Art of War"},{"floor":31,"key":"halation:LettersToHer"}],"event_choices":[{"damage_healed":0,"gold_gain":0,"player_choice":"Inject Mutagens","damage_taken":0,"relics_obtained":["MutagenicStrength"],"max_hp_gain":0,"max_hp_loss":0,"event_name":"Drug Dealer","floor":26,"gold_loss":0}],"is_beta":false,"boss_relics":[{"not_picked":["Fusion Hammer","conspire:RoyalGoblet"],"picked":"thethorton:CrushedCigarette"}],"items_purged_floors":[4,20],"is_endless":false,"potions_floor_spawned":[8,9,12,15,16,25,27,31],"killed_by":"IC_MUSHROOM_ARCHETYPE","ascension_level":0}}