{"host":"0285y92tozoijo7k","time":1611696950,"event":{"mods":["AchievementEnabler","Act Like it!","BaseMod","Colored Map","DeckTracker","Keyboard Shortcuts","Minty Spire (QoL Compilation)","Permanent Neow","StSLib","SuperFastMode"],"gold_per_floor":[368,54,69,88,107,139,139,39,39,59,59,69,96,110,110,189,189,201,201,221,221,232,232,232],"floor_reached":23,"language":"KOR","playtime":676,"items_purged":["Strike_B","Strike_B"],"score":338,"play_id":"930a0fa5-1c79-4090-823c-ee6a56bc5c7e","local_time":"20210127063550","is_ascension_mode":true,"campfire_choices":[{"data":"Aggregate","floor":7,"key":"SMITH"},{"data":"Capacitor","floor":11,"key":"SMITH"},{"data":"Coolheaded","floor":15,"key":"SMITH"}],"circlet_count":0,"master_deck":["AscendersBane","Zap","Dualcast","Turbo","Cold Snap","Capacitor+1","Chill","Aggregate+1","Glacier","Compile Driver","Coolheaded+1","Ball Lightning","Meteor Strike","Cold Snap","Biased Cognition","Hyperbeam","Fusion","Loop","White Noise","Storm","Consume","Creative AI","Capacitor+1","Reboot"],"relics":["Cracked Core","Runic Capacitor","Vajra","Bronze Scales","The Courier","Pandora\u0027s Box"],"acts_visited":["Exordium","TheCity"],"potions_floor_usage":[6,13,23],"damage_taken":[{"damage":0,"enemies":"Cultist","floor":1,"turns":3},{"damage":6,"enemies":"Jaw Worm","floor":3,"turns":4},{"damage":3,"enemies":"Small Slimes","floor":4,"turns":4},{"damage":0,"enemies":"Exordium Wildlife","floor":5,"turns":2},{"damage":1,"enemies":"Lagavulin","floor":6,"turns":9},{"damage":1,"enemies":"3 Louse","floor":10,"turns":3},{"damage":3,"enemies":"Gremlin Gang","floor":12,"turns":4},{"damage":1,"enemies":"3 Sentries","floor":13,"turns":6},{"damage":2,"enemies":"Looter","floor":14,"turns":3},{"damage":23,"enemies":"Slime Boss","floor":16,"turns":12},{"damage":9,"enemies":"2 Thieves","floor":18,"turns":3},{"damage":21,"enemies":"Spheric Guardian","floor":20,"turns":3},{"damage":4,"enemies":"Snake Plant","floor":22,"turns":4},{"damage":36,"enemies":"Slavers","floor":23,"turns":3}],"seed_played":"1279758888285762221","potions_obtained":[{"floor":1,"key":"SmokeBomb"},{"floor":4,"key":"PowerPotion"},{"floor":5,"key":"Ancient Potion"},{"floor":10,"key":"Swift Potion"},{"floor":16,"key":"PotionOfCapacity"},{"floor":18,"key":"GamblersBrew"}],"is_trial":false,"path_per_floor":["M","$","M","M","M","E","R","$","T","M","R","M","E","M","R","B",null,"M","?","M","?","M","E"],"character_chosen":"DEFECT","items_purchased":["Runic Capacitor","Cold Snap","Capacitor"],"campfire_rested":0,"item_purchase_floors":[2,2,2],"current_hp_per_floor":[68,68,62,59,59,58,58,58,58,57,57,54,53,51,51,28,58,49,49,28,28,24,0,0],"gold":232,"neow_bonus":"TWO_FIFTY_GOLD","is_daily":false,"chose_seed":false,"campfire_upgraded":3,"win_rate":0.0,"timestamp":1611696950,"path_taken":["M","$","M","M","?","E","R","$","T","M","R","M","E","M","R","BOSS","M","?","?","?","?","E"],"items_purchased_type":["Relic","Card","Card"],"build_version":"2020-12-22","purchased_purges":2,"victory":false,"max_hp_per_floor":[68,68,68,68,68,68,68,68,68,68,68,68,68,68,68,68,68,68,68,68,68,68,68,68],"card_choices":[{"not_picked":["Scrape","Force Field"],"picked":"Turbo","floor":1},{"not_picked":["Force Field","Cold Snap"],"picked":"Chill","floor":3},{"not_picked":["Barrage","Recycle"],"picked":"Aggregate","floor":4},{"not_picked":["Hologram","Self Repair"],"picked":"Glacier","floor":5},{"not_picked":["Turbo","Stack"],"picked":"Compile Driver","floor":6},{"not_picked":["Streamline","Redo"],"picked":"Coolheaded","floor":10},{"not_picked":["Force Field","Coolheaded"],"picked":"Ball Lightning","floor":12},{"not_picked":["Scrape","BootSequence"],"picked":"Meteor Strike","floor":13},{"not_picked":["Capacitor","Leap"],"picked":"Cold Snap","floor":14},{"not_picked":["Hyperbeam","Electrodynamics"],"picked":"Biased Cognition","floor":16},{"not_picked":["Cold Snap","Go for the Eyes","Streamline"],"picked":"SKIP","floor":18},{"not_picked":["Turbo","Cold Snap","FTL"],"picked":"SKIP","floor":20},{"not_picked":["Auto Shields","Hello World"],"picked":"Reboot","floor":22}],"player_experience":386214,"relics_obtained":[{"floor":6,"key":"Vajra"},{"floor":9,"key":"Bronze Scales"},{"floor":13,"key":"The Courier"}],"event_choices":[{"damage_healed":0,"gold_gain":0,"player_choice":"1 cards matched","damage_taken":0,"max_hp_gain":0,"max_hp_loss":0,"event_name":"Match and Keep!","floor":19,"gold_loss":0,"cards_obtained":["Creative AI"]},{"damage_healed":0,"gold_gain":0,"player_choice":"Copied","damage_taken":0,"max_hp_gain":0,"max_hp_loss":0,"event_name":"Duplicator","floor":21,"gold_loss":0,"cards_obtained":["Capacitor"]}],"is_beta":false,"boss_relics":[{"not_picked":["Busted Crown","Sozu"],"picked":"Pandora\u0027s Box"}],"items_purged_floors":[2,8],"is_endless":false,"potions_floor_spawned":[1,4,5,10,16,18],"killed_by":"Slavers","ascension_level":13}}