{"host":"a76kj1hq3s7111r2","time":1611701024,"event":{"mods":["Alarm Clock","BaseMod","GifTheSpireLib","Gold Saver","Hermit","Koishi","Marisa????????","Marked Mod","Minty Spire (QoL Compilation)","Potionbrewer","Rare Cards Sparkle","Shop Mod","StSLib","The Cursed","The Marked","The Servant 0.9.4"],"gold_per_floor":[749,824,838,838,143,143,158,158,158,158,188,188,188,212,212,338,338,357,317,317,330,350,350,368,283,307,347,347,7,7,30,30,30,30],"floor_reached":33,"language":"ENG","playtime":2916,"items_purged":["Strike_G","Defend_G"],"score":241,"play_id":"cee9de35-df6b-4949-adf9-197cc5186d42","local_time":"20210126174344","is_ascension_mode":false,"campfire_choices":[{"floor":6,"key":"RECALL"},{"floor":8,"key":"REST"},{"floor":13,"key":"REST"},{"data":"Concentrate","floor":15,"key":"SMITH"},{"floor":23,"key":"REST"},{"floor":30,"key":"REST"},{"data":"Tools of the Trade","floor":32,"key":"SMITH"}],"circlet_count":0,"master_deck":["Strike_G","Strike_G","Strike_G","Defend_G","Defend_G","Defend_G","Defend_G","Survivor","Neutralize+1","Prepared","Noxious Fumes","Regret","Catalyst","Bouncing Flask","Caltrops","Flash of Steel","Adrenaline","Concentrate+1","Tools of the Trade+1","Backflip","Poisoned Stab+1","Bane+1","Adrenaline","Footwork","Tactician","Crippling Poison","Reflex","Eviscerate","Prepared"],"relics":["Ring of the Snake","Prayer Wheel","ClockworkSouvenir","Omamori","Regal Pillow","Juzu Bracelet","Bloody Idol","WristBlade","Potion Belt","Red Mask","Gremlin Horn","Whetstone"],"acts_visited":["Exordium","TheCity"],"potions_floor_usage":[14,16,24,27,27],"damage_taken":[{"damage":0,"enemies":"Cultist","floor":1,"turns":5},{"damage":0,"enemies":"Small Slimes","floor":3,"turns":5},{"damage":6,"enemies":"2 Louse","floor":7,"turns":3},{"damage":26,"enemies":"3 Sentries","floor":11,"turns":9},{"damage":5,"enemies":"2 Fungi Beasts","floor":14,"turns":3},{"damage":13,"enemies":"Hexaghost","floor":16,"turns":8},{"damage":25,"enemies":"Spheric Guardian","floor":18,"turns":5},{"damage":9,"enemies":"2 Thieves","floor":21,"turns":4},{"damage":14,"enemies":"Snake Plant","floor":22,"turns":3},{"damage":14,"enemies":"Centurion and Healer","floor":24,"turns":7},{"damage":9,"enemies":"Masked Bandits","floor":27,"turns":4},{"damage":79,"enemies":"Champ","floor":33,"turns":8}],"seed_played":"8663138842658695627","potions_obtained":[{"floor":3,"key":"FearPotion"},{"floor":11,"key":"ColorlessPotion"},{"floor":14,"key":"potionbrewer:InfectionPotion"},{"floor":18,"key":"potionbrewer:StunPotion"},{"floor":19,"key":"potionbrewer:NoxiousPotion"},{"floor":19,"key":"Dexterity Potion"}],"is_trial":false,"path_per_floor":["M","?","M","?","$","R","M","R","T","?","E","?","R","M","R","B",null,"M","?","?","M","M","R","M","?","T","?","?","$","R","T","R","B"],"character_chosen":"THE_SILENT","items_purchased":["ClockworkSouvenir","Catalyst","Omamori","Bouncing Flask","Caltrops","Flash of Steel","Gremlin Horn"],"campfire_rested":4,"item_purchase_floors":[5,5,5,5,5,5,29],"current_hp_per_floor":[70,59,59,59,59,59,53,70,70,70,44,27,63,58,58,45,70,45,45,45,36,22,58,44,44,44,35,35,35,70,70,70,0,0],"gold":30,"neow_bonus":"UPGRADE_CARD","is_daily":false,"chose_seed":false,"campfire_upgraded":2,"win_rate":0.0,"timestamp":1611701024,"path_taken":["M","?","M","?","$","R","M","R","T","?","E","?","R","M","R","BOSS","M","?","?","M","M","R","M","?","T","?","?","?","R","?","R","BOSS"],"items_purchased_type":["Relic","Card","Relic","Card","Card","Card","Relic"],"build_version":"2020-12-22","purchased_purges":2,"victory":false,"max_hp_per_floor":[70,70,70,70,70,70,70,70,70,70,70,70,70,70,70,70,70,70,70,70,70,70,70,70,70,70,70,70,70,70,70,70,70,70],"card_choices":[{"not_picked":["Acrobatics","Sucker Punch"],"picked":"Prepared","floor":1},{"not_picked":["Infinite Blades","Deflect"],"picked":"Noxious Fumes","floor":3},{"not_picked":["Sucker Punch","Blur"],"picked":"Adrenaline","floor":7},{"not_picked":["All Out Attack","Quick Slash","Skewer"],"picked":"SKIP","floor":7},{"not_picked":["Outmaneuver","Prepared"],"picked":"Backflip","floor":11},{"not_picked":["Slice","Flying Knee"],"picked":"Poisoned Stab","floor":14},{"not_picked":["Dagger Throw","Dodge and Roll"],"picked":"Bane","floor":14},{"not_picked":["Glass Knife","Wraith Form v2"],"picked":"Adrenaline","floor":16},{"not_picked":["Dodge and Roll","Prepared"],"picked":"Footwork","floor":18},{"not_picked":["Dagger Spray","Bane+1"],"picked":"Tactician","floor":18},{"not_picked":["All Out Attack","Blade Dance"],"picked":"Crippling Poison","floor":21},{"not_picked":["Finisher","Predator","Slice"],"picked":"SKIP","floor":21},{"not_picked":["Dash","Skewer"],"picked":"Reflex","floor":22},{"not_picked":["All Out Attack","Choke","Night Terror"],"picked":"SKIP","floor":22},{"not_picked":["Sucker Punch","Dagger Throw+1"],"picked":"Eviscerate","floor":24},{"not_picked":["Flying Knee","Cloak And Dagger"],"picked":"Prepared","floor":24}],"player_experience":419052,"relics_obtained":[{"floor":9,"key":"Regal Pillow"},{"floor":11,"key":"Juzu Bracelet"},{"floor":27,"key":"Red Mask"},{"floor":31,"key":"Whetstone"}],"event_choices":[{"damage_healed":0,"gold_gain":75,"player_choice":"Gather Gold","damage_taken":11,"max_hp_gain":0,"max_hp_loss":0,"event_name":"World of Goop","floor":2,"gold_loss":0},{"damage_healed":0,"gold_gain":0,"player_choice":"Box","damage_taken":0,"relics_obtained":["Prayer Wheel"],"max_hp_gain":0,"max_hp_loss":0,"event_name":"Big Fish","floor":4,"gold_loss":0,"cards_obtained":["Regret"]},{"damage_healed":0,"gold_gain":0,"player_choice":"2 cards matched","damage_taken":0,"max_hp_gain":0,"max_hp_loss":0,"event_name":"Match and Keep!","floor":10,"gold_loss":0,"cards_obtained":["Concentrate","Tools of the Trade"]},{"damage_healed":0,"gold_gain":0,"player_choice":"Take Damage","damage_taken":17,"relics_obtained":["Golden Idol"],"max_hp_gain":0,"max_hp_loss":0,"event_name":"Golden Idol","floor":12,"gold_loss":0},{"damage_healed":0,"gold_gain":0,"player_choice":"Bought 3 Potions","damage_taken":0,"max_hp_gain":0,"max_hp_loss":0,"event_name":"The Woman in Blue","floor":19,"gold_loss":0},{"cards_removed":["Strike_G"],"damage_healed":0,"gold_gain":0,"player_choice":"Elegance","damage_taken":0,"max_hp_gain":0,"max_hp_loss":0,"event_name":"Back to Basics","floor":20,"gold_loss":0},{"damage_healed":0,"gold_gain":0,"player_choice":"Obtained Relic","damage_taken":0,"relics_obtained":["Potion Belt"],"max_hp_gain":0,"max_hp_loss":0,"event_name":"Addict","floor":25,"gold_loss":85},{"damage_healed":0,"gold_gain":0,"player_choice":"Fought Bandits","damage_taken":0,"max_hp_gain":0,"max_hp_loss":0,"event_name":"Masked Bandits","floor":27,"gold_loss":0},{"damage_healed":0,"gold_gain":0,"player_choice":"Gave Idol","damage_taken":0,"relics_obtained":["Bloody Idol"],"max_hp_gain":0,"max_hp_loss":0,"event_name":"Forgotten Altar","floor":28,"relics_lost":["Golden Idol"],"gold_loss":0}],"is_beta":false,"boss_relics":[{"not_picked":["Fusion Hammer","Ectoplasm"],"picked":"WristBlade"}],"items_purged_floors":[5,29],"is_endless":false,"potions_floor_spawned":[3,11,14,18,22],"killed_by":"Champ","ascension_level":0}}