{"host":"v711dtdb46xe9u7l","time":1611698251,"event":{"mods":["BaseMod","Bestiary","Highlight Path","Minty Spire (QoL Compilation)","Quick Restart","StSLib"],"gold_per_floor":[168,184,204,129,129,129,129,204,204,204,204,204],"floor_reached":11,"language":"ENG","playtime":420,"items_purged":["Strike_R"],"score":120,"play_id":"7770de43-506a-4acc-8cf9-f5c81b362eeb","local_time":"20210126215731","is_ascension_mode":true,"campfire_choices":[{"data":"Body Slam","floor":6,"key":"SMITH"}],"circlet_count":0,"master_deck":["AscendersBane","Strike_R","Strike_R","Strike_R","Strike_R","Defend_R","Defend_R","Defend_R","Defend_R+1","Bash","Body Slam+1","Headbutt","Berserk","Warcry"],"relics":["Tiny House","InkBottle","Mango","NlothsMask"],"acts_visited":["Exordium"],"potions_floor_usage":[7,11],"damage_taken":[{"damage":5,"enemies":"2 Louse","floor":1,"turns":4},{"damage":2,"enemies":"Small Slimes","floor":2,"turns":4},{"damage":5,"enemies":"Cultist","floor":3,"turns":4},{"damage":0,"enemies":"Exordium Wildlife","floor":7,"turns":1},{"damage":44,"enemies":"3 Sentries","floor":11,"turns":6}],"seed_played":"8346668493238115803","potions_obtained":[{"floor":0,"key":"Weak Potion"},{"floor":2,"key":"SmokeBomb"}],"is_trial":false,"path_per_floor":["M","M","M","$","?","R","M","?","T","?","E"],"character_chosen":"IRONCLAD","items_purchased":[],"campfire_rested":0,"item_purchase_floors":[],"current_hp_per_floor":[72,70,65,65,40,40,40,29,43,43,0,0],"gold":204,"neow_bonus":"BOSS_RELIC","is_daily":false,"chose_seed":false,"campfire_upgraded":1,"win_rate":0.0,"timestamp":1611698251,"path_taken":["M","M","M","$","?","R","M","?","T","?","E"],"items_purchased_type":[],"build_version":"2020-12-22","purchased_purges":1,"victory":false,"max_hp_per_floor":[85,85,85,85,85,85,85,85,99,99,99,99],"card_choices":[{"not_picked":["Warcry","Wild Strike"],"picked":"Body Slam","floor":0},{"not_picked":["Sword Boomerang","Clothesline"],"picked":"Headbutt","floor":1},{"not_picked":["Body Slam","Havoc"],"picked":"Berserk","floor":2},{"not_picked":["Searing Blow","Carnage"],"picked":"Warcry","floor":3}],"player_experience":385941,"relics_obtained":[{"floor":9,"key":"Mango"}],"event_choices":[{"damage_healed":0,"gold_gain":0,"player_choice":"Success","damage_taken":25,"relics_obtained":["InkBottle"],"max_hp_gain":0,"max_hp_loss":0,"event_name":"Scrap Ooze","floor":5,"gold_loss":0},{"damage_healed":0,"gold_gain":75,"player_choice":"Gather Gold","damage_taken":11,"max_hp_gain":0,"max_hp_loss":0,"event_name":"World of Goop","floor":8,"gold_loss":0},{"damage_healed":0,"gold_gain":0,"player_choice":"Trade","damage_taken":0,"relics_obtained":["NlothsMask"],"max_hp_gain":0,"max_hp_loss":0,"event_name":"FaceTrader","floor":10,"gold_loss":0}],"is_beta":false,"boss_relics":[],"items_purged_floors":[4],"is_endless":false,"potions_floor_spawned":[2,7],"killed_by":"3 Sentries","ascension_level":10}}