{"host":"kn32u0f2pym5bozc","time":1611690219,"event":{"mods":["2.2 Compatiblity","BaseMod","Better Third Choice","Marisa????????","Minty Spire (QoL Compilation)","Permanent Neow","Relic Stats","StSLib","The Animator"],"gold_per_floor":[125,148,166,166,266,266,280,280,280,280,323,16,28,60,60,134,134,152,42,42,42],"floor_reached":20,"language":"ENG","playtime":897,"items_purged":[],"score":393,"play_id":"cafb09a6-8268-49b2-9700-76f2e0e3c31c","local_time":"20210126144339","is_ascension_mode":true,"campfire_choices":[{"data":"animator:Alexander","floor":6,"key":"SMITH"},{"floor":8,"key":"REST"},{"data":"animator:Lancer","floor":10,"key":"SMITH"},{"floor":15,"key":"REST"}],"circlet_count":0,"master_deck":["AscendersBane","animator:Strike_Fate","animator:Defend_Fate","animator:Strike","animator:Strike","animator:Strike+1","animator:Defend","animator:Defend","animator:Defend","animator:Alexander+1","animator:Rider","animator:Biyorigo+1","animator:Lancer+1","animator:Emonzaemon+1","animator:DolaRiku","animator:Caster","animator:SakuraMatou","animator:Lancer","animator:Chung","animator:Kaijin+1","animator:UneriGinkaku","animator:Saitama","animator:Emonzaemon","animator:Konayuki","animator:Mitsurugi"],"relics":["animator:LivingPicture","animator:TheMissingPiece","animator:PurgingStone","Charon\u0027s Ashes","Frozen Egg 2","Sling","Meat on the Bone","Sozu"],"acts_visited":["Exordium","TheCity"],"potions_floor_usage":[11,13,16],"damage_taken":[{"damage":0,"enemies":"2 Louse","floor":1,"turns":3},{"damage":1,"enemies":"Cultist","floor":2,"turns":4},{"damage":7,"enemies":"Jaw Worm","floor":3,"turns":4},{"damage":10,"enemies":"Blue Slaver","floor":7,"turns":7},{"damage":19,"enemies":"3 Sentries","floor":11,"turns":6},{"damage":16,"enemies":"Gremlin Gang","floor":13,"turns":6},{"damage":0,"enemies":"Gremlin Nob","floor":14,"turns":2},{"damage":11,"enemies":"The Guardian","floor":16,"turns":8},{"damage":30,"enemies":"2 Thieves","floor":18,"turns":4},{"damage":34,"enemies":"Shell Parasite","floor":20,"turns":4}],"seed_played":"-2865868001829883629","potions_obtained":[{"floor":1,"key":"SteroidPotion"},{"floor":3,"key":"Fire Potion"},{"floor":14,"key":"Weak Potion"},{"floor":16,"key":"Dexterity Potion"}],"is_trial":false,"path_per_floor":["M","M","M","?","?","R","M","R","T","R","E","$","M","E","R","B",null,"M","$","M"],"character_chosen":"THE_ANIMATOR","items_purchased":["Sling","animator:Lancer","animator:Chung","animator:Konayuki","animator:Mitsurugi"],"campfire_rested":2,"item_purchase_floors":[12,12,12,19,19],"current_hp_per_floor":[54,53,46,28,28,28,19,37,37,37,18,18,2,3,21,22,52,34,34,0,0],"gold":42,"neow_bonus":"ONE_RANDOM_RARE_CARD","is_daily":false,"chose_seed":false,"campfire_upgraded":2,"win_rate":0.0,"timestamp":1611690219,"path_taken":["M","M","M","?","?","R","M","R","T","R","E","$","?","E","R","BOSS","M","$","M"],"items_purchased_type":["Relic","Card","Card","Card","Card"],"build_version":"2020-12-22","purchased_purges":0,"victory":false,"max_hp_per_floor":[60,60,60,60,60,60,61,61,61,61,61,61,61,62,62,62,62,62,62,62,62],"relic_stats":{"Sozu":0,"counters":[10,48],"Charon\u0027s Ashes":[78],"obtain_stats":[{"Sozu":17,"animator:PurgingStone":0,"animator:TheMissingPiece":0,"animator:LivingPicture":0,"Charon\u0027s Ashes":9,"Frozen Egg 2":11,"Sling":12,"Meat on the Bone":14},{"Sozu":8,"animator:PurgingStone":0,"animator:TheMissingPiece":0,"animator:LivingPicture":0,"Charon\u0027s Ashes":4,"Frozen Egg 2":5,"Sling":5,"Meat on the Bone":7},{"Sozu":40,"animator:PurgingStone":0,"animator:TheMissingPiece":0,"animator:LivingPicture":0,"Charon\u0027s Ashes":18,"Frozen Egg 2":24,"Sling":24,"Meat on the Bone":32}],"Meat on the Bone":24},"card_choices":[{"not_picked":["animator:TukaLunaMarceau","animator:Gillette"],"picked":"animator:Lancer","floor":1},{"not_picked":["animator:Fredrika","animator:Bozes"],"picked":"animator:Emonzaemon","floor":2},{"not_picked":["animator:TukaLunaMarceau","animator:Witch"],"picked":"animator:DolaRiku","floor":3},{"not_picked":["animator:Illya","animator:EmiyaShirou"],"picked":"animator:Caster","floor":7},{"not_picked":["animator:ZankiKiguchi","animator:Konayuki"],"picked":"animator:SakuraMatou","floor":11},{"not_picked":["animator:HigakiRinne","animator:TukaLunaMarceau"],"picked":"animator:Kaijin+1","floor":13},{"not_picked":["animator:Melzalgald","animator:ChaikaTrabant"],"picked":"animator:UneriGinkaku","floor":14},{"not_picked":["animator:Guren","animator:Biyorigo+1"],"picked":"animator:Saitama","floor":16},{"not_picked":["animator:Azekura","animator:Hitei+1"],"picked":"animator:Emonzaemon","floor":18}],"player_experience":891604,"relics_obtained":[{"floor":9,"key":"Charon\u0027s Ashes"},{"floor":11,"key":"Frozen Egg 2"},{"floor":14,"key":"Meat on the Bone"}],"event_choices":[{"damage_healed":46,"gold_gain":0,"player_choice":"Upgrade","damage_taken":18,"max_hp_gain":0,"max_hp_loss":60,"event_name":"betterThird:BetterShining","floor":4,"gold_loss":0,"cards_upgraded":["animator:Emonzaemon","animator:Biyorigo"]},{"damage_healed":0,"gold_gain":100,"player_choice":"Gold","damage_taken":0,"max_hp_gain":0,"max_hp_loss":0,"event_name":"Wheel of Change","floor":5,"gold_loss":0}],"is_beta":false,"boss_relics":[{"not_picked":["Fusion Hammer","Busted Crown"],"picked":"Sozu"}],"items_purged_floors":[],"is_endless":false,"potions_floor_spawned":[1,3,7,14,16],"killed_by":"Shell Parasite","ascension_level":18}}