{"host":"l6vifo5ajdb3p20b","time":1611671316,"event":{"mods":["2.2 Compatiblity","BaseMod","Better Altar","Better Sensory Stone","Better Skull","Better Third Choice","BetterRewards","Block Reminder","Booster Modes","Card Forge","Colored Map","Defuse TimeMaze Blight","Energized Spire","Evolution","Minty Spire (QoL Compilation)","Relic Stats","StSLib","The Blackbeard"],"gold_per_floor":[117,128,147,361,374,374,399,399,399,399,141,161,179,214,214,311,311,321,321,353,353,353,353,378,393,393,426,426,67,81,101,101,205,205,225,84,102,102,117,117,143,143,190,190,190,190,218,568,568,568,568,568],"floor_reached":50,"language":"ENG","playtime":3694,"items_purged":["blackbeard:BlackbeardStrike","blackbeard:BlackbeardDefend","blackbeard:BlackbeardStrike"],"score":701,"play_id":"15d4db88-bd6a-4c6b-a76e-a278b797796b","local_time":"20210126212836","is_ascension_mode":true,"campfire_choices":[{"data":"blackbeard:InfiniteBarrage","floor":6,"key":"SMITH"},{"floor":8,"key":"REST"},{"data":"blackbeard:Cutlass","floor":10,"key":"SMITH"},{"data":"blackbeard:InfiniteBarrage","floor":15,"key":"SMITH"},{"data":"blackbeard:IntimidatingStrike","floor":23,"key":"SMITH"},{"data":"blackbeard:RemoveScurvy","floor":28,"key":"SMITH"},{"data":"blackbeard:Shrapnel","floor":32,"key":"SMITH"},{"data":"blackbeard:WeaponMastery","floor":40,"key":"SMITH"},{"floor":42,"key":"REST"},{"data":"Madness","floor":45,"key":"SMITH"},{"data":"blackbeard:MegaUpgrade","floor":46,"key":"SMITH"},{"floor":49,"key":"REST"}],"circlet_count":0,"master_deck":["blackbeard:BlackbeardStrike","blackbeard:BlackbeardStrike","blackbeard:IntimidatingStrike+1","blackbeard:BlackbeardDefend","blackbeard:BlackbeardDefend+1","blackbeard:BlackbeardDefend","blackbeard:Cutlass+1","blackbeard:RemoveScurvy+1","blackbeard:Rum","blackbeard:InfiniteBarrage+1","blackbeard:JollyRoger","blackbeard:GoldenDefense","blackbeard:InfiniteBarrage+1","blackbeard:CloakAndCannonball","blackbeard:Spear","blackbeard:Anchor","blackbeard:FinalBarrage","blackbeard:WoodenLeg+1","blackbeard:WeaponProficiency","blackbeard:Sharpening","blackbeard:FinalBarrage","blackbeard:WeaponMastery+1","blackbeard:Provisioning","blackbeard:TacticalRetreat+1","blackbeard:TerrorOfTheSeas","blackbeard:CannonBarrage","blackbeard:Shrapnel+1","blackbeard:MegaUpgrade+1","blackbeard:BlindAttacks","blackbeard:DeadlyArsenal+1","Madness+1","Madness","blackbeard:Upgrade","blackbeard:WiseDefense+1"],"relics":["blackbeard:LoadTheCannons","Hammer of Thor","Seething Fire","Anvil of the Gods","EVO:Axolotl","WingedGreaves","Ancient Tea Set","Tiny Chest","Happy Flower","Boot","blackbeard:PowderCan","blackbeard:Karategi","Red Mask","HornCleat","blackbeard:WhitePearl","CaptainsWheel","Bronze Scales","Membership Card","blackbeard:GoldenRing","energizedSpire:DeadBattery","Centennial Puzzle","Shuriken","PreservedInsect","Art of War","Bottled Tornado","Old Coin"],"acts_visited":["Exordium","TheCity","TheBeyond"],"potions_floor_usage":[7,7,13,16,20,20,24,31,31,33,33,33,39,39,41,47,48,48,48,50,50,50],"damage_taken":[{"damage":0,"enemies":"Small Slimes","floor":1,"turns":2},{"damage":0,"enemies":"Cultist","floor":2,"turns":3},{"damage":0,"enemies":"2 Louse","floor":3,"turns":2},{"damage":17,"enemies":"Exordium Thugs","floor":5,"turns":6},{"damage":8,"enemies":"Gremlin Nob","floor":7,"turns":3},{"damage":2,"enemies":"Looter","floor":12,"turns":5},{"damage":1,"enemies":"Red Slaver","floor":13,"turns":4},{"damage":6,"enemies":"Lagavulin","floor":14,"turns":6},{"damage":35,"enemies":"Slime Boss","floor":16,"turns":9},{"damage":0,"enemies":"3 Byrds","floor":18,"turns":5},{"damage":20,"enemies":"Masked Bandits","floor":20,"turns":4},{"damage":13,"enemies":"Slavers","floor":24,"turns":5},{"damage":0,"enemies":"Chosen","floor":25,"turns":5},{"damage":0,"enemies":"Gremlin Leader","floor":27,"turns":5},{"damage":5,"enemies":"Snake Plant","floor":30,"turns":4},{"damage":0,"enemies":"Centurion and Healer","floor":31,"turns":4},{"damage":18,"enemies":"Collector","floor":33,"turns":7},{"damage":0,"enemies":"Orb Walker","floor":35,"turns":3},{"damage":0,"enemies":"3 Shapes","floor":37,"turns":3},{"damage":0,"enemies":"Transient","floor":39,"turns":5},{"damage":39,"enemies":"Nemesis","floor":41,"turns":7},{"damage":17,"enemies":"Reptomancer","floor":47,"turns":6},{"damage":8,"enemies":"Mind Bloom Boss Battle","floor":48,"turns":5},{"damage":64,"enemies":"Donu and Deca","floor":50,"turns":6}],"seed_played":"4147607639587477287","potions_obtained":[{"floor":1,"key":"PowerPotion"},{"floor":3,"key":"ColorlessPotion"},{"floor":7,"key":"EntropicBrew"},{"floor":18,"key":"Swift Potion"},{"floor":27,"key":"ColorlessPotion"},{"floor":33,"key":"BlessingOfTheForge"},{"floor":35,"key":"blackbeard:UpgradePotion"},{"floor":41,"key":"CultistPotion"}],"is_trial":false,"path_per_floor":["M","M","M","?","M","R","E","R","T","R","$","M","M","E","R","B",null,"M","?","?","T","?","R","E","M","T","E","R","$","M","M","R","B",null,"M","$","M","T","M","R","E","R","T","?","R","R","E","?","R","B"],"character_chosen":"BLACKBEARD_CLASS","items_purchased":["blackbeard:InfiniteBarrage","Boot","Membership Card","blackbeard:TerrorOfTheSeas","blackbeard:GoldenRing","Centennial Puzzle"],"campfire_rested":3,"item_purchase_floors":[11,11,29,29,29,36],"current_hp_per_floor":[68,68,68,34,22,22,14,34,34,34,34,37,41,40,40,10,68,68,68,48,48,48,48,43,48,48,48,48,48,51,59,59,49,68,68,68,68,68,68,68,34,54,54,45,45,45,36,36,56,0,0,0],"gold":568,"neow_bonus":"ONE_RARE_RELIC","is_daily":false,"chose_seed":false,"campfire_upgraded":9,"win_rate":0.0,"timestamp":1611671316,"path_taken":["M","M","M","?","M","R","E","R","T","R","$","M","?","E","R","BOSS","M","?","?","?","?","R","E","?","T","E","R","?","M","M","R","BOSS","M","$","M","?","M","R","E","R","T","?","R","R","E","?","R","BOSS"],"items_purchased_type":["Card","Relic","Relic","Card","Relic","Relic"],"build_version":"2020-12-22","purchased_purges":3,"victory":false,"max_hp_per_floor":[68,68,68,68,68,68,68,68,68,68,68,68,68,68,68,68,68,68,68,68,68,68,68,68,68,68,68,68,68,68,68,68,68,68,68,68,68,68,68,68,68,68,68,68,68,68,68,68,68,68,68,68],"relic_stats":{"Centennial Puzzle":[12],"Happy Flower":[32],"counters":[24,114],"Shuriken":[12],"Bronze Scales":[137],"Tiny Chest":2,"PreservedInsect":62,"Art of War":[1],"Boot":[40],"obtain_stats":[{"Hammer of Thor":0,"EVO:Axolotl":0,"Bottled Tornado":47,"Ancient Tea Set":4,"Boot":11,"Old Coin":48,"blackbeard:GoldenRing":29,"Centennial Puzzle":36,"HornCleat":21,"Tiny Chest":7,"WingedGreaves":0,"Red Mask":20,"Happy Flower":9,"blackbeard:LoadTheCannons":0,"PreservedInsect":41,"Seething Fire":0,"blackbeard:WhitePearl":24,"energizedSpire:DeadBattery":34,"CaptainsWheel":26,"Anvil of the Gods":0,"Shuriken":38,"Bronze Scales":27,"blackbeard:Karategi":17,"Art of War":43,"Membership Card":29,"blackbeard:PowderCan":14},{"Hammer of Thor":0,"EVO:Axolotl":0,"Bottled Tornado":22,"Ancient Tea Set":3,"Boot":5,"Old Coin":23,"blackbeard:GoldenRing":14,"Centennial Puzzle":18,"HornCleat":11,"Tiny Chest":5,"WingedGreaves":0,"Red Mask":11,"Happy Flower":5,"blackbeard:LoadTheCannons":0,"PreservedInsect":21,"Seething Fire":0,"blackbeard:WhitePearl":12,"energizedSpire:DeadBattery":17,"CaptainsWheel":13,"Anvil of the Gods":0,"Shuriken":19,"Bronze Scales":14,"blackbeard:Karategi":9,"Art of War":21,"Membership Card":14,"blackbeard:PowderCan":8},{"Hammer of Thor":0,"EVO:Axolotl":0,"Bottled Tornado":103,"Ancient Tea Set":7,"Boot":16,"Old Coin":108,"blackbeard:GoldenRing":64,"Centennial Puzzle":82,"HornCleat":49,"Tiny Chest":16,"WingedGreaves":0,"Red Mask":49,"Happy Flower":16,"blackbeard:LoadTheCannons":0,"PreservedInsect":97,"Seething Fire":0,"blackbeard:WhitePearl":54,"energizedSpire:DeadBattery":79,"CaptainsWheel":59,"Anvil of the Gods":0,"Shuriken":85,"Bronze Scales":64,"blackbeard:Karategi":40,"Art of War":97,"Membership Card":64,"blackbeard:PowderCan":31}]},"card_choices":[{"not_picked":["blackbeard:AgileStrike","blackbeard:SmithingHammer"],"picked":"blackbeard:RemoveScurvy","floor":1},{"not_picked":["blackbeard:GoldenCannonball","blackbeard:CloakAndCannonball"],"picked":"blackbeard:Rum","floor":2},{"not_picked":["blackbeard:GoldenCannonball","blackbeard:Boarding"],"picked":"blackbeard:InfiniteBarrage","floor":3},{"not_picked":["blackbeard:DelayedPain","blackbeard:TacticalRetreat"],"picked":"blackbeard:JollyRoger","floor":5},{"not_picked":["blackbeard:Dagger","blackbeard:WiseDefense"],"picked":"blackbeard:GoldenDefense","floor":7},{"not_picked":["blackbeard:Fencing","blackbeard:Shrapnel"],"picked":"blackbeard:CloakAndCannonball","floor":12},{"not_picked":["blackbeard:GoldenGuillotine","blackbeard:ChaoticDefense"],"picked":"blackbeard:Spear","floor":13},{"not_picked":["blackbeard:WeaponProficiency","blackbeard:Toast"],"picked":"blackbeard:Anchor","floor":14},{"not_picked":["blackbeard:GoldenRain","blackbeard:PirateStrength"],"picked":"blackbeard:FinalBarrage","floor":16},{"not_picked":["blackbeard:CatONineTails","blackbeard:Sword+1"],"picked":"blackbeard:WoodenLeg+1","floor":18},{"not_picked":["blackbeard:Spear","blackbeard:BlindAttacks"],"picked":"blackbeard:Sharpening","floor":20},{"not_picked":["blackbeard:CloakAndCannonball","blackbeard:Fencing"],"picked":"blackbeard:WeaponMastery","floor":24},{"not_picked":["blackbeard:FieryDefense","blackbeard:CatONineTails"],"picked":"blackbeard:Provisioning","floor":25},{"not_picked":["blackbeard:Revenge","blackbeard:FishingNets+1"],"picked":"blackbeard:TacticalRetreat+1","floor":27},{"not_picked":["blackbeard:AgileStrike","blackbeard:TacticalRetreat+1"],"picked":"blackbeard:CannonBarrage","floor":30},{"not_picked":["blackbeard:FieryDefense+1","blackbeard:GoldenDefense"],"picked":"blackbeard:Shrapnel","floor":31},{"not_picked":["blackbeard:Lifeboat","blackbeard:Salvager"],"picked":"blackbeard:MegaUpgrade","floor":33},{"not_picked":["blackbeard:WiseDefense","blackbeard:FieryDefense+1"],"picked":"blackbeard:BlindAttacks","floor":35},{"not_picked":["blackbeard:CannonBarrage","blackbeard:WiseDefense","blackbeard:Fencing"],"picked":"SKIP","floor":37},{"not_picked":["blackbeard:Toast","blackbeard:DeadlyArsenal","blackbeard:BeatUp"],"picked":"SKIP","floor":39},{"not_picked":["blackbeard:BlindAttacks+1","blackbeard:WiseDefense"],"picked":"blackbeard:DeadlyArsenal+1","floor":41},{"not_picked":["blackbeard:Scrap+1","blackbeard:SwordDance+1"],"picked":"blackbeard:Upgrade","floor":47},{"not_picked":["blackbeard:Toast","blackbeard:Anchor+1"],"picked":"blackbeard:WiseDefense+1","floor":48}],"player_experience":883485,"relics_obtained":[{"floor":7,"key":"Tiny Chest"},{"floor":9,"key":"Happy Flower"},{"floor":14,"key":"blackbeard:PowderCan"},{"floor":20,"key":"Red Mask"},{"floor":21,"key":"HornCleat"},{"floor":24,"key":"blackbeard:WhitePearl"},{"floor":26,"key":"CaptainsWheel"},{"floor":27,"key":"Bronze Scales"},{"floor":38,"key":"Shuriken"},{"floor":41,"key":"PreservedInsect"},{"floor":43,"key":"Art of War"},{"floor":47,"key":"Bottled Tornado"},{"floor":48,"key":"Old Coin"}],"event_choices":[{"damage_healed":0,"gold_gain":214,"player_choice":"GO UP RE GO ","damage_taken":40,"relics_obtained":["Ancient Tea Set"],"max_hp_gain":0,"max_hp_loss":0,"event_name":"betterSkull:BetterSkull","floor":4,"gold_loss":0,"cards_upgraded":["blackbeard:BlackbeardDefend"]},{"damage_healed":0,"gold_gain":0,"player_choice":"Read","damage_taken":0,"max_hp_gain":0,"max_hp_loss":0,"event_name":"The Library","floor":19,"gold_loss":0,"cards_obtained":["blackbeard:WeaponProficiency"]},{"damage_healed":0,"gold_gain":0,"player_choice":"Fought Bandits","damage_taken":0,"max_hp_gain":0,"max_hp_loss":0,"event_name":"Masked Bandits","floor":20,"gold_loss":0},{"damage_healed":0,"gold_gain":0,"player_choice":"Copied","damage_taken":0,"max_hp_gain":0,"max_hp_loss":0,"event_name":"Duplicator","floor":22,"gold_loss":0,"cards_obtained":["blackbeard:FinalBarrage"]},{"damage_healed":0,"gold_gain":0,"player_choice":"Embrace Madness","damage_taken":9,"max_hp_gain":0,"max_hp_loss":0,"event_name":"Winding Halls","floor":44,"gold_loss":0,"cards_obtained":["Madness","Madness"]},{"damage_healed":0,"gold_gain":0,"player_choice":"Fight","damage_taken":0,"max_hp_gain":0,"max_hp_loss":0,"event_name":"MindBloom","floor":48,"gold_loss":0}],"is_beta":false,"boss_relics":[{"not_picked":["Astrolabe","energizedSpire:SpiderWeb"],"picked":"blackbeard:Karategi"},{"not_picked":["Sozu","energizedSpire:RedRose"],"picked":"energizedSpire:DeadBattery"}],"items_purged_floors":[11,29,36],"is_endless":false,"potions_floor_spawned":[1,3,7,14,18,27,31,33,35,39,41,47],"killed_by":"Donu and Deca","ascension_level":1}}