{"host":"deirlxtsw53uoa9y","time":1611673106,"event":{"mods":["AchievementEnabler","BaseMod","DeckTracker","Lobotomy","Minty Spire (QoL Compilation)","Permanent Neow","Rare Cards Sparkle","StSLib","everything is the same but u backflip on backflip"],"gold_per_floor":[113,124,299,399,73,73,106,106,106,120,149,149,4,4,4,105,105,121,21,0,19,19,19,36,70,70,70,70],"floor_reached":27,"language":"KOR","playtime":684,"items_purged":["Doubt","Parasite"],"score":262,"play_id":"85269c4d-430d-4b2b-9e71-23619320bc91","local_time":"20210126235826","is_ascension_mode":false,"campfire_choices":[{"data":"Perfected Strike","floor":6.0,"key":"SMITH"},{"data":"Double Tap","floor":8.0,"key":"SMITH"},{"floor":12.0,"key":"REST"},{"data":"Pommel Strike","floor":15.0,"key":"SMITH"},{"floor":23,"key":"RECALL"}],"circlet_count":0,"master_deck":["Strike_R","Strike_R","Strike_R","Strike_R","Strike_R","Defend_R","Defend_R","Defend_R","Defend_R","Bash","BigBadWolf","Double Tap+1","FairyFestival","Pommel Strike+1","WallGazer","Rupture+1","WhitesApple","CherryBlossoms","Juggernaut+1","SpiderBud","Anger+1","Parasite","Freischutz","Clumsy","Parasite","Scarecrow","Sever Soul+1","Parasite","OldLady","Sever Soul+1"],"relics":["Black Blood","CogitoBucket","Frozen Egg 2","Bronze Scales","Pear","Unceasing Top","Lee\u0027s Waffle","FleshIdol","Tiny Chest","Dead Branch"],"acts_visited":["Exordium","TheCity"],"potions_floor_usage":[25,25,25],"damage_taken":[{"damage":6.0,"enemies":"Cultist","floor":1.0,"turns":3.0},{"damage":16.0,"enemies":"Small Slimes","floor":2.0,"turns":3.0},{"damage":36.0,"enemies":"Gremlin Nob","floor":7.0,"turns":4.0},{"damage":11.0,"enemies":"Jaw Worm","floor":10.0,"turns":2.0},{"damage":28.0,"enemies":"Lagavulin","floor":11.0,"turns":5.0},{"damage":75.0,"enemies":"Hexaghost","floor":16.0,"turns":6.0},{"damage":29.0,"enemies":"Spheric Guardian","floor":18.0,"turns":4.0},{"damage":46.0,"enemies":"2 Thieves","floor":21.0,"turns":3.0},{"damage":45,"enemies":"Snake Plant","floor":24,"turns":4},{"damage":15,"enemies":"Gremlin Leader","floor":25,"turns":5},{"damage":30,"enemies":"Slavers","floor":27,"turns":1}],"seed_played":"5113572423666009351","potions_obtained":[{"floor":1.0,"key":"Strength Potion"},{"floor":10.0,"key":"Weak Potion"},{"floor":11.0,"key":"Explosive Potion"},{"floor":21.0,"key":"Dexterity Potion"}],"is_trial":false,"path_per_floor":["M","M","?","?","$","R","E","R","T","M","E","R","$","?","R","B",null,"M","$","?","M","?","R","M","E","T","E"],"character_chosen":"IRONCLAD","items_purchased":["Frozen Egg 2","Lee\u0027s Waffle"],"campfire_rested":1,"item_purchase_floors":[5,13],"current_hp_per_floor":[80,70,70,70,70,70,40,40,50,45,26,53,97,102,102,33,102,85,85,85,51,51,51,18,15,15,0,0],"gold":70,"neow_bonus":"","is_daily":false,"chose_seed":false,"campfire_upgraded":3,"win_rate":0.0,"timestamp":1611673106,"path_taken":["M","M","?","?","$","R","E","R","T","?","E","R","$","?","R","BOSS","M","$","?","M","?","R","M","E","T","E"],"items_purchased_type":["Relic","Relic"],"build_version":"2020-12-22","purchased_purges":2,"victory":false,"max_hp_per_floor":[80,80,80,80,80,80,80,80,90,90,90,90,97,102,102,102,102,102,99,99,99,96,96,96,96,96,96,96],"card_choices":[{"not_picked":["VoidDream","PunishingBird"],"picked":"DespairKnight","floor":1.0},{"not_picked":["Havoc","Body Slam"],"picked":"Perfected Strike","floor":1.0},{"not_picked":["MHz","UniverseFragment"],"picked":"BigBadWolf","floor":2.0},{"not_picked":["Twin Strike","Fire Breathing"],"picked":"Double Tap","floor":2.0},{"not_picked":["QueenBee","BeautyBeast"],"picked":"FairyFestival","floor":7.0},{"not_picked":["Uppercut","Cleave"],"picked":"Pommel Strike","floor":7.0},{"not_picked":["MHz","OSAHOGD"],"picked":"WallGazer","floor":10.0},{"not_picked":["Dark Embrace+1","Anger","Clash"],"picked":"SKIP","floor":10.0},{"not_picked":["Feel No Pain+1","Twin Strike"],"picked":"Rupture+1","floor":11.0},{"not_picked":["CrumblingArmor","Wellcheers"],"picked":"WhitesApple","floor":11.0},{"not_picked":["HeroicMonk","Wellcheers"],"picked":"CherryBlossoms","floor":16.0},{"not_picked":["Impervious","Brutality+1"],"picked":"Juggernaut+1","floor":16.0},{"not_picked":["RedShoes","CrumblingArmor"],"picked":"SpiderBud","floor":18.0},{"not_picked":["Sword Boomerang","Flex"],"picked":"Anger+1","floor":18.0},{"not_picked":["HeroicMonk","GalaxyChild"],"picked":"Freischutz","floor":21.0},{"not_picked":["Armaments","Headbutt","Twin Strike"],"picked":"SKIP","floor":21.0},{"not_picked":["PunishingBird","FieryBird"],"picked":"Scarecrow","floor":24},{"not_picked":["Exhume","Anger"],"picked":"Sever Soul+1","floor":24},{"not_picked":["BigBird","HappyTeddy"],"picked":"OldLady","floor":25},{"not_picked":["Pummel","True Grit"],"picked":"Sever Soul+1","floor":25}],"player_experience":61666,"relics_obtained":[{"floor":7.0,"key":"Bronze Scales"},{"floor":9.0,"key":"Pear"},{"floor":11.0,"key":"Unceasing Top"},{"floor":25,"key":"Tiny Chest"},{"floor":26,"key":"Dead Branch"}],"event_choices":[{"damage_healed":0.0,"max_hp_gain":0.0,"max_hp_loss":0.0,"gold_gain":175.0,"event_name":"Liars Game","player_choice":"AGREE","floor":3.0,"gold_loss":0.0,"damage_taken":0.0,"cards_obtained":["Doubt"]},{"damage_healed":0.0,"max_hp_gain":0.0,"max_hp_loss":0.0,"gold_gain":100.0,"event_name":"Wheel of Change","player_choice":"Gold","floor":4.0,"gold_loss":0.0,"damage_taken":0.0},{"damage_healed":0.0,"max_hp_gain":5.0,"max_hp_loss":0.0,"gold_gain":0.0,"event_name":"Big Fish","player_choice":"Donut","floor":14.0,"gold_loss":0.0,"damage_taken":0.0},{"damage_healed":0.0,"max_hp_gain":0.0,"max_hp_loss":0.0,"gold_gain":0.0,"event_name":"Masked Bandits","player_choice":"Paid Fearfully","floor":20.0,"gold_loss":21.0,"damage_taken":0.0},{"damage_healed":0.0,"max_hp_gain":0.0,"max_hp_loss":0.0,"gold_gain":0.0,"cards_transformed":["Parasite"],"event_name":"Transmorgrifier","player_choice":"Transformed","floor":22.0,"gold_loss":0.0,"damage_taken":0.0,"cards_obtained":["Clumsy"]}],"is_beta":false,"boss_relics":[{"not_picked":["Pandora\u0027s Box","Runic Cube"],"picked":"Black Blood"}],"items_purged_floors":[5,19],"is_endless":false,"potions_floor_spawned":[1,10,11,21,24],"killed_by":"Slavers","ascension_level":0}}