{"host":"yx5rao87132cy5xq","time":1611632243,"event":{"mods":["2.2 Compatiblity","AchievementEnabler","BaseMod","Bestiary","Colored Map","Colored Powertips","Minty Spire (QoL Compilation)","Quick Restart","Relic Stats","Slay-I","SuperFastMode"],"gold_per_floor":[19,19,31,50,75,109,109,138,162,162,162,162,200,224,224,329,356,385,385,410,428,448,484,484,527,527,563,75,94,119,162,162,273,273,292,345,345,380,380,405,405,32,32,70,82,95,128,153,153,153,153,153,24,63,63,63],"floor_reached":55,"language":"POL","playtime":4464,"items_purged":["Evolve"],"score":1359,"play_id":"a823fb0c-f44b-4118-9fc4-d397d0f15e3d","local_time":"20210126043723","is_ascension_mode":true,"campfire_choices":[{"data":"1","floor":7.0,"key":"LIFT"},{"data":"Whirlwind","floor":10.0,"key":"SMITH"},{"data":"2","floor":12.0,"key":"LIFT"},{"data":"3","floor":15.0,"key":"LIFT"},{"floor":24.0,"key":"REST"},{"floor":32.0,"key":"REST"},{"data":"Limit Break","floor":41.0,"key":"SMITH"},{"floor":49.0,"key":"RECALL"},{"data":"Barricade","floor":52.0,"key":"SMITH"}],"circlet_count":0,"master_deck":["Defend_R","Defend_R","Defend_R","Defend_R","Bash","Anger+1","Bloodletting","Shockwave","Armaments","Whirlwind+1","Flex","Shrug It Off","Barricade+1","Inflame+1","Fiend Fire+1","Combust+1","Shrug It Off","Whirlwind","Power Through","Ghostly Armor","Limit Break+1","True Grit+1","Reckless Charge+1","Shrug It Off","Pommel Strike","Shrug It Off","Reaper","Sentinel+1","Armaments+1","Dark Embrace+1","Reaper","Impervious","Headbutt+1","Uppercut+1"],"relics":["Burning Blood","Girya","Bag of Marbles","Question Card","Pen Nib","CeramicFish","Centennial Puzzle","Astrolabe","Regal Pillow","Blood Vial","Ornamental Fan","Strawberry","Whetstone","Sling","Pocketwatch","Busted Crown","Prayer Wheel","Ancient Tea Set","Art of War","PreservedInsect","Paper Frog","Blue Candle"],"acts_visited":["Exordium","TheCity","TheBeyond","TheEnding"],"potions_floor_usage":[55],"damage_taken":[{"damage":0.0,"enemies":"Small Slimes","floor":1.0,"turns":3.0},{"damage":1.0,"enemies":"Cultist","floor":3.0,"turns":3.0},{"damage":3.0,"enemies":"2 Louse","floor":4.0,"turns":3.0},{"damage":26.0,"enemies":"Gremlin Nob","floor":6.0,"turns":4.0},{"damage":28.0,"enemies":"3 Sentries","floor":8.0,"turns":10.0},{"damage":6.0,"enemies":"Gremlin Nob","floor":13.0,"turns":3.0},{"damage":3.0,"enemies":"Blue Slaver","floor":14.0,"turns":1.0},{"damage":18.0,"enemies":"Hexaghost","floor":16.0,"turns":5.0},{"damage":22.0,"enemies":"Spheric Guardian","floor":18.0,"turns":4.0},{"damage":0.0,"enemies":"Masked Bandits","floor":19.0,"turns":2.0},{"damage":13.0,"enemies":"2 Thieves","floor":20.0,"turns":3.0},{"damage":15.0,"enemies":"Centurion and Healer","floor":22.0,"turns":4.0},{"damage":18.0,"enemies":"Book of Stabbing","floor":23.0,"turns":4.0},{"damage":37.0,"enemies":"Slavers","floor":25.0,"turns":5.0},{"damage":18.0,"enemies":"Gremlin Leader","floor":27.0,"turns":3.0},{"damage":11.0,"enemies":"Sentry and Sphere","floor":29.0,"turns":4.0},{"damage":11.0,"enemies":"Shelled Parasite and Fungi","floor":30.0,"turns":5.0},{"damage":0.0,"enemies":"Slavers","floor":31.0,"turns":1.0},{"damage":35.0,"enemies":"Champ","floor":33.0,"turns":7.0},{"damage":6.0,"enemies":"3 Shapes","floor":35.0,"turns":6.0},{"damage":0.0,"enemies":"2 Orb Walkers","floor":36.0,"turns":2.0},{"damage":68.0,"enemies":"3 Darklings","floor":38.0,"turns":6.0},{"damage":3.0,"enemies":"Nemesis","floor":40.0,"turns":5.0},{"damage":0.0,"enemies":"Reptomancer","floor":44.0,"turns":3.0},{"damage":28.0,"enemies":"Sphere and 2 Shapes","floor":45.0,"turns":6.0},{"damage":37.0,"enemies":"Spire Growth","floor":46.0,"turns":7.0},{"damage":7.0,"enemies":"Giant Head","floor":47.0,"turns":7.0},{"damage":16.0,"enemies":"Jaw Worm Horde","floor":48.0,"turns":5.0},{"damage":56.0,"enemies":"Time Eater","floor":50.0,"turns":5.0},{"damage":50.0,"enemies":"Shield and Spear","floor":54.0,"turns":5.0},{"damage":47,"enemies":"The Heart","floor":55,"turns":3}],"seed_played":"-5716307810122102526","potions_obtained":[{"floor":2.0,"key":"PowerPotion"},{"floor":2.0,"key":"Swift Potion"},{"floor":2.0,"key":"HeartOfIron"},{"floor":4.0,"key":"FearPotion"},{"floor":18.0,"key":"SmokeBomb"},{"floor":20.0,"key":"ColorlessPotion"},{"floor":22.0,"key":"Strength Potion"},{"floor":25.0,"key":"DistilledChaos"},{"floor":33.0,"key":"Energy Potion"},{"floor":38.0,"key":"Swift Potion"},{"floor":44.0,"key":"LiquidBronze"},{"floor":48.0,"key":"Regen Potion"}],"is_trial":false,"path_per_floor":["M","?","M","M","T","E","R","E","T","R","?","R","E","M","R","B",null,"M","?","M","?","M","E","R","E","T","E","$","M","M","E","R","B",null,"M","?","?","M","?","E","R","$","T","E","M","M","E","M","R","B",null,"R","$","E","B"],"character_chosen":"IRONCLAD","items_purchased":["Shrug It Off","Whetstone","Sling","DuplicationPotion","Ancient Potion","Art of War","Reaper","DuplicationPotion","FearPotion"],"campfire_rested":2,"item_purchase_floors":[28,28,28,28,28,42,42,53,53],"current_hp_per_floor":[78,78,80,80,80,60,60,38,38,38,38,38,38,41,41,29,67,51,57,50,50,41,29,68,37,37,34,34,31,28,36,77,50,78,80,87,83,51,51,83,83,83,83,83,83,76,83,83,83,59,77,77,77,42,0,0],"gold":63,"neow_bonus":"ONE_RARE_RELIC","is_daily":false,"chose_seed":false,"campfire_upgraded":3,"win_rate":0.0,"timestamp":1611632243,"path_taken":["M","?","M","?","?","E","R","E","T","R","?","R","E","M","R","BOSS","M","?","M","?","?","E","R","E","T","E","$","M","M","E","R","BOSS","M","?","?","M","?","E","R","$","T","E","M","M","E","M","R","BOSS","R","$","E","BOSS"],"items_purchased_type":["Card","Relic","Relic","Potion","Potion","Relic","Card","Potion","Potion"],"build_version":"2020-12-22","purchased_purges":1,"victory":false,"max_hp_per_floor":[80,80,80,80,80,80,80,80,80,80,80,80,80,80,80,80,80,80,80,80,80,80,80,80,80,80,87,87,87,87,87,87,87,87,87,87,83,83,83,83,83,83,83,83,83,83,83,83,83,83,83,83,83,83,83,83],"relic_stats":{"Regal Pillow":30,"counters":[31,134],"CeramicFish":225,"Astrolabe":["Inflame","Fiend Fire","Combust"],"Blue Candle":[0],"Pen Nib":[14],"PreservedInsect":207,"Whetstone":["Reckless Charge","Anger"],"Question Card":28,"Burning Blood":146,"Blood Vial":22,"Centennial Puzzle":[63],"Busted Crown":28,"Ornamental Fan":[28],"Prayer Wheel":4,"Art of War":[11],"obtain_stats":[{"Girya":0,"Regal Pillow":23,"CeramicFish":9,"Astrolabe":17,"Blue Candle":54,"Pen Nib":8,"PreservedInsect":44,"Whetstone":28,"Question Card":6,"Sling":28,"Ancient Tea Set":40,"Burning Blood":0,"Blood Vial":25,"Centennial Puzzle":13,"Busted Crown":34,"Ornamental Fan":26,"Strawberry":27,"Prayer Wheel":36,"Bag of Marbles":5,"Art of War":42,"Pocketwatch":31,"Paper Frog":47},{"Girya":0,"Regal Pillow":13,"CeramicFish":5,"Astrolabe":8,"Blue Candle":30,"Pen Nib":5,"PreservedInsect":24,"Whetstone":15,"Question Card":4,"Sling":15,"Ancient Tea Set":23,"Burning Blood":0,"Blood Vial":14,"Centennial Puzzle":6,"Busted Crown":19,"Ornamental Fan":14,"Strawberry":15,"Prayer Wheel":21,"Bag of Marbles":3,"Art of War":23,"Pocketwatch":18,"Paper Frog":27},{"Girya":0,"Regal Pillow":49,"CeramicFish":23,"Astrolabe":32,"Blue Candle":131,"Pen Nib":23,"PreservedInsect":96,"Whetstone":57,"Question Card":13,"Sling":57,"Ancient Tea Set":93,"Burning Blood":0,"Blood Vial":54,"Centennial Puzzle":26,"Busted Crown":74,"Ornamental Fan":54,"Strawberry":57,"Prayer Wheel":82,"Bag of Marbles":9,"Art of War":93,"Pocketwatch":67,"Paper Frog":116}],"Pocketwatch":[53]},"card_choices":[{"not_picked":["Clash","Clothesline"],"picked":"Anger","floor":1.0},{"not_picked":["Fire Breathing","Clothesline"],"picked":"Bloodletting","floor":3.0},{"not_picked":["Evolve","Anger"],"picked":"Shockwave","floor":4.0},{"not_picked":["Clash","Twin Strike"],"picked":"Armaments","floor":6.0},{"not_picked":["Rupture","Impervious","Perfected Strike"],"picked":"Whirlwind","floor":8.0},{"not_picked":["Twin Strike","Headbutt","Warcry"],"picked":"Flex","floor":13.0},{"not_picked":["True Grit","Anger","Inflame"],"picked":"Shrug It Off","floor":14.0},{"not_picked":["Exhume","Juggernaut","Immolate"],"picked":"Barricade","floor":16.0},{"not_picked":["Fire Breathing","Anger+1","Searing Blow"],"picked":"Evolve","floor":18.0},{"not_picked":["Clash","Iron Wave","Twin Strike+1"],"picked":"Shrug It Off","floor":20.0},{"not_picked":["Perfected Strike","Clothesline","Pummel"],"picked":"Ghostly Armor","floor":22.0},{"not_picked":["Clash+1","Sever Soul","Sword Boomerang"],"picked":"Limit Break","floor":23.0},{"not_picked":["Shrug It Off","Berserk","Reckless Charge"],"picked":"True Grit+1","floor":25.0},{"not_picked":["Entrench","Heavy Blade","Sword Boomerang"],"picked":"Reckless Charge","floor":27.0},{"not_picked":["Perfected Strike+1","Cleave","Armaments","Sever Soul"],"picked":"SKIP","floor":29.0},{"not_picked":["Body Slam","Heavy Blade+1","Perfected Strike"],"picked":"Pommel Strike","floor":30.0},{"not_picked":["Body Slam","Reckless Charge","Dual Wield+1"],"picked":"Shrug It Off","floor":31.0},{"not_picked":["Barricade","Bludgeon","Immolate"],"picked":"Reaper","floor":33.0},{"not_picked":["True Grit"],"picked":"Sentinel+1","floor":35.0},{"not_picked":["Clothesline+1"],"picked":"Armaments+1","floor":38.0},{"not_picked":["Whirlwind"],"picked":"Dark Embrace+1","floor":38.0},{"not_picked":["Flex","Burning Pact"],"picked":"SKIP","floor":40.0},{"not_picked":["Limit Break"],"picked":"Impervious","floor":44.0},{"not_picked":["Dropkick+1","Clash+1"],"picked":"SKIP","floor":45.0},{"not_picked":["Sword Boomerang","Wild Strike"],"picked":"SKIP","floor":45.0},{"not_picked":["Flex+1","Dual Wield"],"picked":"SKIP","floor":46.0},{"not_picked":["Rampage+1","Immolate"],"picked":"SKIP","floor":46.0},{"not_picked":["Combust","Flex"],"picked":"SKIP","floor":47.0},{"not_picked":["Flex"],"picked":"Headbutt+1","floor":48.0},{"not_picked":["Clash+1","Cleave"],"picked":"SKIP","floor":48.0},{"not_picked":["Dual Wield"],"picked":"Uppercut+1","floor":54.0}],"player_experience":841182,"relics_obtained":[{"floor":5.0,"key":"Bag of Marbles"},{"floor":6.0,"key":"Question Card"},{"floor":8.0,"key":"Pen Nib"},{"floor":9.0,"key":"CeramicFish"},{"floor":13.0,"key":"Centennial Puzzle"},{"floor":23.0,"key":"Regal Pillow"},{"floor":25.0,"key":"Blood Vial"},{"floor":26.0,"key":"Ornamental Fan"},{"floor":27.0,"key":"Strawberry"},{"floor":31.0,"key":"Pocketwatch"},{"floor":36.0,"key":"Prayer Wheel"},{"floor":40.0,"key":"Ancient Tea Set"},{"floor":44.0,"key":"PreservedInsect"},{"floor":47.0,"key":"Paper Frog"},{"floor":54.0,"key":"Blue Candle"}],"event_choices":[{"damage_healed":0.0,"max_hp_gain":0.0,"max_hp_loss":0.0,"gold_gain":0.0,"event_name":"Lab","player_choice":"Got Potions","floor":2.0,"gold_loss":0.0,"damage_taken":0.0},{"damage_healed":0.0,"max_hp_gain":0.0,"max_hp_loss":0.0,"gold_gain":0.0,"event_name":"Liars Game","player_choice":"Ignored","floor":11.0,"gold_loss":0.0,"damage_taken":0.0},{"damage_healed":0.0,"max_hp_gain":0.0,"max_hp_loss":0.0,"gold_gain":0.0,"event_name":"Masked Bandits","player_choice":"Fought Bandits","floor":19.0,"gold_loss":0.0,"damage_taken":0.0},{"damage_healed":0.0,"max_hp_gain":0.0,"max_hp_loss":0.0,"gold_gain":0.0,"cards_transformed":["Strike_R","Strike_R"],"event_name":"Drug Dealer","player_choice":"Became Test Subject","floor":21.0,"gold_loss":0.0,"damage_taken":0.0,"cards_obtained":["Whirlwind","Power Through"]},{"damage_healed":0.0,"max_hp_gain":0.0,"max_hp_loss":0.0,"gold_gain":0.0,"event_name":"Mysterious Sphere","player_choice":"Fight","floor":36.0,"gold_loss":0.0,"damage_taken":0.0},{"damage_healed":0.0,"max_hp_gain":0.0,"max_hp_loss":4.0,"gold_gain":0.0,"event_name":"Winding Halls","player_choice":"Max HP","floor":37.0,"gold_loss":0.0,"damage_taken":0.0},{"damage_healed":0.0,"max_hp_gain":0.0,"max_hp_loss":0.0,"gold_gain":0.0,"event_name":"Tomb of Lord Red Mask","player_choice":"Ignored","floor":39.0,"gold_loss":0.0,"damage_taken":0.0}],"is_beta":false,"boss_relics":[{"not_picked":["Cursed Key","Runic Pyramid"],"picked":"Astrolabe"},{"not_picked":["SlaversCollar","Black Star"],"picked":"Busted Crown"}],"items_purged_floors":[42],"is_endless":false,"potions_floor_spawned":[3,4,8,18,20,22,25,33,38,44,48,54],"killed_by":"The Heart","ascension_level":9}}