{"host":"39edsv1n7lhvfemz","time":1611639069,"event":{"mods":["Act Like it!","BaseMod","Better Vampires","Better-Laid Plans","CapriCore","Friendly Minions","Lobotomy","LobotomyExtend","Minty Spire (QoL Compilation)","Pale of the Ancients","StSLib","The Jungle","Waifu the Spire","noobMod","¡¾ÒÅÎï¿¨ÅÆ¡¿REMEMod"],"gold_per_floor":[12,23,23,23,98,127,144,178,178,209,209,209,223,70,70,190,190,214,214,237,102,118,149,149,189,215,254,277,302,116,131,131,252,252,252,252],"floor_reached":35,"language":"ZHS","playtime":1545,"items_purged":["Strike_B","Strike_B"],"score":529,"play_id":"ff5741e1-0c76-463f-9736-17bc2d75ae0c","local_time":"20210126133109","is_ascension_mode":true,"campfire_choices":[{"data":"White Noise","floor":12.0,"key":"SMITH"},{"data":"Seek","floor":15.0,"key":"SMITH"},{"data":"REME_ForAll","floor":24.0,"key":"SMITH"},{"floor":32.0,"key":"RECALL"}],"circlet_count":0,"master_deck":["Strike_B","Defend_B","Defend_B","Defend_B","Zap+1","Dualcast+1","Seek+1","BootSequence","Chill","Hologram","White Noise+1","Defragment+1","REME_ForAll+1","Hologram","Gash+1","Seek","Capacitor+1","Gash+1","Defragment+1","Loop+1"],"relics":["FrozenCore","ice","REME_ComplimentaryCards","LetterFromLob","Gambling Chip","Frozen Egg 2","Tiny Chest","Cables","Mango","Golden Idol","Pear","theJungle:Flamango","Molten Egg 2","Bottled Flame","Toy Ornithopter","HornCleat","Fusion Hammer"],"acts_visited":["Exordium","theJungle:Jungle","TheBeyond"],"potions_floor_usage":[],"damage_taken":[{"damage":1.0,"enemies":"Cultist","floor":1.0,"turns":3.0},{"damage":0.0,"enemies":"Small Slimes","floor":2.0,"turns":2.0},{"damage":13.0,"enemies":"Lagavulin","floor":6.0,"turns":6.0},{"damage":0.0,"enemies":"2 Louse","floor":7.0,"turns":2.0},{"damage":2.0,"enemies":"Gremlin Nob","floor":8.0,"turns":4.0},{"damage":5.0,"enemies":"3 Sentries","floor":10.0,"turns":7.0},{"damage":0.0,"enemies":"Large Slime","floor":13.0,"turns":5.0},{"damage":15.0,"enemies":"Hexaghost","floor":16.0,"turns":7.0},{"damage":5.0,"enemies":"theJungle:GiantWrat","floor":18.0,"turns":4.0},{"damage":4.0,"enemies":"theJungle:Flameango_and_Byrd","floor":20.0,"turns":5.0},{"damage":13.0,"enemies":"theJungle:2_Snecko_Cultists","floor":22.0,"turns":4.0},{"damage":19.0,"enemies":"theJungle:2_Phrogs","floor":23.0,"turns":8.0},{"damage":27.0,"enemies":"theJungle:Cassacara","floor":25.0,"turns":7.0},{"damage":36.0,"enemies":"theJungle:MamaSnecko","floor":27.0,"turns":6.0},{"damage":4.0,"enemies":"theJungle:2_Flameangoes","floor":28.0,"turns":5.0},{"damage":15.0,"enemies":"theJungle:JungleHuntersEncounter","floor":29.0,"turns":6.0},{"damage":0.0,"enemies":"theJungle:Lyon","floor":31.0,"turns":3.0},{"damage":10.0,"enemies":"theJungle:FunGuy","floor":33.0,"turns":7.0},{"damage":0,"enemies":"3 Darklings","floor":35,"turns":3}],"seed_played":"195118694313046583","potions_obtained":[{"floor":1.0,"key":"Regen Potion"},{"floor":2.0,"key":"DuplicationPotion"},{"floor":13.0,"key":"Energy Potion"},{"floor":16.0,"key":"Dexterity Potion"},{"floor":18.0,"key":"CultistPotion"}],"is_trial":false,"path_per_floor":["M","M","?","?","?","E","M","E","T","E","?","R","M","$","R","B",null,"M","T","M","?","M","E","R","E","T","E","M","M","$","M","R","B",null,"M"],"character_chosen":"DEFECT","items_purchased":["Defragment+1","Gash+1","Defragment+1"],"campfire_rested":0,"item_purchase_floors":[14,30,30],"current_hp_per_floor":[74,74,59,52,41,28,28,75,75,84,61,61,61,61,61,46,107,102,112,108,108,95,76,76,49,49,124,120,105,105,105,105,95,164,164,164],"gold":252,"neow_bonus":"REMOVE_TWO","is_daily":false,"chose_seed":false,"campfire_upgraded":3,"win_rate":0.0,"timestamp":1611639069,"path_taken":["M","?","?","?","?","E","M","E","T","E","?","R","?","?","R","BOSS","M","?","M","?","M","E","R","E","T","E","M","M","$","M","R","BOSS","M"],"items_purchased_type":["Card","Card","Card"],"build_version":"2020-12-22","purchased_purges":2,"victory":false,"max_hp_per_floor":[75,75,75,75,75,75,75,75,75,95,95,95,97,97,97,107,107,110,120,124,124,124,124,124,124,124,124,136,156,156,157,157,164,164,164,164],"card_choices":[{"not_picked":["Streamline","Self Repair","Ball Lightning"],"picked":"SKIP","floor":1.0},{"not_picked":["Cold Snap","Stack"],"picked":"BootSequence","floor":2.0},{"not_picked":["Steam Power","Steam"],"picked":"Chill","floor":6.0},{"not_picked":["Barrage","Ball Lightning"],"picked":"Hologram","floor":7.0},{"not_picked":["Auto Shields","Cold Snap"],"picked":"White Noise","floor":8.0},{"not_picked":["Chaos","Conserve Battery","Multi-Cast"],"picked":"SKIP","floor":10.0},{"not_picked":["Aggregate","Skim","Streamline"],"picked":"SKIP","floor":13.0},{"not_picked":["Reboot","Machine Learning+1"],"picked":"REME_ForAll","floor":16.0},{"not_picked":["Rebound","Storm+1","Melter+1"],"picked":"SKIP","floor":18.0},{"not_picked":["Rebound","Storm+1","Melter+1"],"picked":"SKIP","floor":18.0},{"not_picked":["REME_DataAnalysis","Skim"],"picked":"Hologram","floor":20.0},{"not_picked":["Compile Driver+1","Ball Lightning","Melter+1"],"picked":"SKIP","floor":22.0},{"not_picked":["Recycle","Machine Learning+1"],"picked":"Gash+1","floor":23.0},{"not_picked":["Stack","Aggregate","Hologram","Creative AI+1","Turbo"],"picked":"SKIP","floor":25.0},{"not_picked":["Sweeping Beam+1","Hologram"],"picked":"Seek","floor":27.0},{"not_picked":["Cold Snap+1","Steam+1","REME_Compress"],"picked":"SKIP","floor":28.0},{"not_picked":["Redo","Steam+1","Hologram"],"picked":"Capacitor+1","floor":29.0},{"not_picked":["Hyperbeam+1","Ball Lightning+1"],"picked":"Loop+1","floor":31.0}],"player_experience":160190,"relics_obtained":[{"floor":1.0,"key":"LetterFromLob"},{"floor":6.0,"key":"Frozen Egg 2"},{"floor":8.0,"key":"Tiny Chest"},{"floor":9.0,"key":"Cables"},{"floor":10.0,"key":"Mango"},{"floor":19.0,"key":"Pear"},{"floor":23.0,"key":"Molten Egg 2"},{"floor":25.0,"key":"Bottled Flame"},{"floor":26.0,"key":"Toy Ornithopter"},{"floor":27.0,"key":"HornCleat"}],"event_choices":[{"damage_healed":0.0,"max_hp_gain":0.0,"max_hp_loss":0.0,"gold_gain":0.0,"event_name":"Shining Light","player_choice":"Entered Light","floor":3.0,"gold_loss":0.0,"damage_taken":15.0,"cards_upgraded":["Dualcast","Zap"]},{"damage_healed":0.0,"max_hp_gain":0.0,"max_hp_loss":0.0,"gold_gain":0.0,"event_name":"Scrap Ooze","player_choice":"Success","floor":4.0,"gold_loss":0.0,"damage_taken":7.0,"relics_obtained":["Gambling Chip"]},{"damage_healed":0.0,"max_hp_gain":0.0,"max_hp_loss":0.0,"gold_gain":75.0,"event_name":"World of Goop","player_choice":"Gather Gold","floor":5.0,"gold_loss":0.0,"damage_taken":11.0},{"damage_healed":0.0,"max_hp_gain":0.0,"max_hp_loss":0.0,"gold_gain":0.0,"event_name":"Golden Idol","player_choice":"Take Damage","floor":11.0,"gold_loss":0.0,"damage_taken":23.0,"relics_obtained":["Golden Idol"]}],"is_beta":false,"boss_relics":[{"not_picked":["Coffee Dripper","Snecko Eye"],"picked":"FrozenCore"},{"not_picked":["Astrolabe","Calling Bell"],"picked":"Fusion Hammer"}],"items_purged_floors":[14,30],"is_endless":false,"potions_floor_spawned":[1,2,13,16,18,20,25,27,31],"killed_by":"3 Darklings","ascension_level":2}}