{"host":"oigynbtg272c19pw","time":1611702149,"event":{"mods":["BaseMod","Colored Map","Minty Spire (QoL Compilation)","Relic Stats","Slay the Relics Exporter","StSLib"],"gold_per_floor":[109,109,129,42,61,87,87,118,143,143,153,187,187,237,237,237,237],"floor_reached":16,"playtime":635,"items_purged":[],"score":240,"play_id":"45419df6-a959-4251-9ca2-5df7a793c588","local_time":"20210127000229","is_ascension_mode":true,"campfire_choices":[{"floor":7.0,"key":"REST"},{"floor":10.0,"key":"REST"},{"data":"Disarm","floor":13.0,"key":"SMITH"},{"data":"Carnage","floor":15,"key":"SMITH"}],"circlet_count":0,"master_deck":["AscendersBane","Strike_R","Strike_R","Strike_R","Defend_R","Defend_R","Defend_R","Defend_R","Bash","Infernal Blade","Hemokinesis","Twin Strike","Metallicize","Disarm+1","Clothesline","Carnage+1","True Grit","True Grit","Evolve"],"relics":["Burning Blood","SsserpentHead","Strawberry","Pen Nib","Regal Pillow","Omamori"],"acts_visited":["Exordium"],"potions_floor_usage":[14],"damage_taken":[{"damage":3.0,"enemies":"2 Louse","floor":1.0,"turns":2.0},{"damage":2.0,"enemies":"Cultist","floor":3.0,"turns":2.0},{"damage":10.0,"enemies":"Small Slimes","floor":5.0,"turns":4.0},{"damage":48.0,"enemies":"3 Sentries","floor":6.0,"turns":14.0},{"damage":33.0,"enemies":"Gremlin Nob","floor":8.0,"turns":4.0},{"damage":25.0,"enemies":"Exordium Thugs","floor":11.0,"turns":5.0},{"damage":18.0,"enemies":"3 Sentries","floor":12.0,"turns":10.0},{"damage":0,"enemies":"Lots of Slimes","floor":14,"turns":1},{"damage":37,"enemies":"Hexaghost","floor":16,"turns":11}],"seed_played":"-5173368955005161199","potions_obtained":[{"floor":3.0,"key":"EssenceOfSteel"},{"floor":5.0,"key":"SmokeBomb"}],"is_trial":false,"path_per_floor":["M","?","M","$","M","E","R","E","T","R","M","E","R","M","R","B"],"character_chosen":"IRONCLAD","items_purchased":["Disarm"],"campfire_rested":2,"item_purchase_floors":[4],"current_hp_per_floor":[68,68,68,68,64,29,51,24,24,61,42,30,30,36,36,0,0],"gold":237,"neow_bonus":"TRANSFORM_TWO_CARDS","is_daily":false,"chose_seed":false,"campfire_upgraded":2,"win_rate":0.0,"timestamp":1611702149,"path_taken":["M","?","M","$","M","E","R","E","T","R","M","E","R","?","R","BOSS"],"items_purchased_type":["Card"],"build_version":"2020-12-13","purchased_purges":0,"victory":false,"max_hp_per_floor":[68,68,68,68,68,75,75,75,75,75,75,75,75,75,75,75,75],"relic_stats":{"SsserpentHead":50,"Regal Pillow":15,"counters":[9,53],"Pen Nib":[3],"obtain_stats":[{"SsserpentHead":2,"Regal Pillow":9,"Strawberry":6,"Pen Nib":8,"Omamori":12,"Burning Blood":0},{"SsserpentHead":1,"Regal Pillow":5,"Strawberry":4,"Pen Nib":5,"Omamori":7,"Burning Blood":0},{"SsserpentHead":2,"Regal Pillow":26,"Strawberry":22,"Pen Nib":26,"Omamori":41,"Burning Blood":0}],"Burning Blood":41},"card_choices":[{"not_picked":["Body Slam","Sword Boomerang"],"picked":"Twin Strike","floor":1.0},{"not_picked":["Iron Wave","Sword Boomerang"],"picked":"Metallicize","floor":3.0},{"not_picked":["Burning Pact","Warcry"],"picked":"Clothesline","floor":5.0},{"not_picked":["Body Slam","Anger"],"picked":"Carnage","floor":6.0},{"not_picked":["Cleave","Warcry"],"picked":"True Grit","floor":8.0},{"not_picked":["Anger","Thunderclap"],"picked":"True Grit","floor":11.0},{"not_picked":["Perfected Strike","Twin Strike"],"picked":"Evolve","floor":12.0}],"player_experience":1494604,"relics_obtained":[{"floor":6.0,"key":"Strawberry"},{"floor":8.0,"key":"Pen Nib"},{"floor":9.0,"key":"Regal Pillow"},{"floor":12.0,"key":"Omamori"}],"event_choices":[{"damage_healed":0.0,"max_hp_gain":0.0,"max_hp_loss":0.0,"gold_gain":0.0,"event_name":"FaceTrader","player_choice":"Trade","floor":2.0,"gold_loss":0.0,"damage_taken":0.0,"relics_obtained":["SsserpentHead"]}],"is_beta":false,"boss_relics":[],"items_purged_floors":[],"is_endless":false,"potions_floor_spawned":[3,5,14],"killed_by":"Hexaghost","ascension_level":20}}