{"host":"bxs3jtgw91tf0zca","time":1611631171,"event":{"mods":["AchievementEnabler","Act Like it!","BaseMod","Challenge The Spire","Colored Map","Colored Powertips","GifTheSpireLib","Hubris","Minty Spire (QoL Compilation)","Replay The Spire","StSLib","Stuff the Spire","SuperFastMode","???mod?????"],"gold_per_floor":[110,35,35,50,50,79,79,112,112,112,131,131,146,175,175,253,253,233,61,74,121,121,121,155,155,155,55,85,101,125,125,125,199,199,210,210,210,210,210,210,240,240,308,338,351,351,361,378,378,378],"floor_reached":51,"language":"ENG","playtime":1846,"items_purged":["Strike_Black","Strike_Black"],"score":1992,"play_id":"7477ac70-ca20-4275-b61f-8a084df8cf16","local_time":"20210126001931","is_ascension_mode":true,"campfire_choices":[{"data":"SpeedBlade1_Black","floor":12,"key":"SMITH"},{"data":"SharpCut_Black","floor":15,"key":"SMITH"},{"floor":23,"key":"REST"},{"data":"TrueLove_Black","floor":25,"key":"SMITH"},{"floor":32,"key":"REST"},{"data":"Stab_Black","floor":40,"key":"SMITH"},{"data":"DoubleSword_Black","floor":42,"key":"SMITH"},{"data":"StarSpatter_Black","floor":46,"key":"SMITH"}],"circlet_count":0,"master_deck":["AscendersBane","Strike_Black","Strike_Black+1","Defend_Black","Defend_Black","Defend_Black+1","SharpCut_Black+1","SpeedBlade1_Black+1","Stab_Black+1","TrueLove_Black+1","StarSpatter_Black+1","DoubleSword_Black+1","Flash of Steel","BrokenRibs_Black+1","Observe_Black+1","PrewarPrepare_Black+1"],"relics":["TheHeartOfYui","Aincard","NeowsBlessing","Orichalcum","Blood Vial","Bronze Scales","Mango","Omamori","hubris:Stopwatch","Tiny Chest","Potion Belt","Boot","StuffTheSpire:CocoNut","Mirror","Juzu Bracelet","CaptainsWheel","Coffee Dripper","hubris:Towel","Pocketwatch","Incense Burner","Shuriken","StuffTheSpire:Mouthbags"],"acts_visited":["Exordium","TheCity","TheBeyond"],"potions_floor_usage":[14,18,41,41,50,50,50],"damage_taken":[{"damage":0,"enemies":"2 Louse","floor":1,"turns":1},{"damage":0,"enemies":"Cultist","floor":4,"turns":1},{"damage":0,"enemies":"Gremlin Nob","floor":6,"turns":1},{"damage":3,"enemies":"Lagavulin","floor":8,"turns":8},{"damage":0,"enemies":"Small Slimes","floor":11,"turns":3},{"damage":0,"enemies":"Blue Slaver","floor":13,"turns":3},{"damage":14,"enemies":"Gremlin Nob","floor":14,"turns":4},{"damage":1,"enemies":"The Guardian","floor":16,"turns":7},{"damage":16,"enemies":"2 Thieves","floor":18,"turns":4},{"damage":7,"enemies":"Chosen","floor":20,"turns":6},{"damage":27,"enemies":"Book of Stabbing","floor":24,"turns":7},{"damage":17,"enemies":"Replay:Snechameleon","floor":28,"turns":4},{"damage":21,"enemies":"Centurion and Healer","floor":29,"turns":4},{"damage":37,"enemies":"Pondfish","floor":33,"turns":10},{"damage":14,"enemies":"3 Shapes","floor":35,"turns":4},{"damage":55,"enemies":"Reptomancer","floor":41,"turns":6},{"damage":38,"enemies":"R_Hoarder","floor":44,"turns":11},{"damage":0,"enemies":"Orb Walker","floor":45,"turns":4},{"damage":2,"enemies":"Sphere and 2 Shapes","floor":47,"turns":7},{"damage":0,"enemies":"Writhing Mass","floor":48,"turns":8},{"damage":28,"enemies":"Awakened One","floor":50,"turns":9}],"seed_played":"-2621325158889176730","potions_obtained":[{"floor":4,"key":"FearPotion"},{"floor":11,"key":"Milkshake"},{"floor":14,"key":"PowerPotion"},{"floor":18,"key":"FearPotion"},{"floor":21,"key":"Ancient Potion"},{"floor":21,"key":"BlessingOfTheForge"},{"floor":24,"key":"AttackPotion"},{"floor":29,"key":"EssenceOfSteel"},{"floor":45,"key":"Doom Potion"},{"floor":47,"key":"Doom Potion"},{"floor":48,"key":"Block Potion"}],"is_trial":false,"path_per_floor":["M","$","?","M","?","E","T","E","T","?","M","R","M","E","R","B",null,"M","$","M","?","?","R","E","R","T","$","E","M","T","T","R","B",null,"M","?","?","?","T","R","E","R","T","E","M","R","M","M","R_BF","B",null],"character_chosen":"THE_KIRITO","items_purchased":["Tiny Chest"],"campfire_rested":2,"item_purchase_floors":[19],"current_hp_per_floor":[68,68,68,68,68,68,68,67,81,54,56,56,58,46,46,47,79,65,65,68,33,7,35,42,42,49,49,48,37,37,37,67,54,89,81,81,81,81,81,81,42,42,42,24,28,28,36,70,96,92],"gold":378,"neow_bonus":"THREE_ENEMY_KILL","is_daily":false,"chose_seed":false,"campfire_upgraded":6,"win_rate":0.0,"timestamp":1611631171,"path_taken":["M","$","?","?","?","E","?","E","T","?","M","R","M","E","R","BOSS","M","$","M","?","?","R","E","R","T","$","E","M","?","?","R","BOSS","M","?","?","?","?","R","E","R","T","E","M","R","M","M","R_BF","BOSS"],"items_purchased_type":["Relic"],"build_version":"2020-12-22","purchased_purges":2,"victory":true,"max_hp_per_floor":[75,75,75,75,75,75,75,75,89,89,89,89,89,89,89,89,89,89,89,89,89,94,94,94,94,101,101,101,101,101,101,101,101,101,101,101,101,96,96,96,96,96,96,96,96,96,96,96,96,96],"card_choices":[{"not_picked":["FlashPuncture_Black","HeroicBearing_Black","SunBlade_Black"],"picked":"SKIP","floor":1},{"not_picked":["HorizontalSquareChopping_Black","MentalSkills_Black","SmokeScreen_Black"],"picked":"SKIP","floor":4},{"not_picked":["TakeAdvantage_Black","Track_Black"],"picked":"SharpCut_Black","floor":6},{"not_picked":["Guard_Black","HeartyMeal_Black"],"picked":"SpeedBlade1_Black","floor":8},{"not_picked":["FlashPuncture_Black","Defender_Black","Thrust_Black"],"picked":"SKIP","floor":11},{"not_picked":["Thrust_Black","SelfCongested_Black","StrengthTransform_Black"],"picked":"SKIP","floor":13},{"not_picked":["Mark_Black","TakeAdvantage_Black"],"picked":"Stab_Black","floor":14},{"not_picked":["Unreasonable_Black","Elucidator_Black"],"picked":"TrueLove_Black","floor":16},{"not_picked":["Flash_Black","SmokeScreen_Black","FlashPuncture_Black"],"picked":"SKIP","floor":18},{"not_picked":["Thrust_Black","DoubleAttack_Black","SelfCongested_Black"],"picked":"SKIP","floor":20},{"not_picked":["Stab_Black+1","Exercise2_Black","Flash_Black+1"],"picked":"SKIP","floor":24},{"not_picked":["HorizontalSquareChopping_Black+1","HeartyMeal_Black"],"picked":"StarSpatter_Black","floor":28},{"not_picked":["HeroicBearing_Black","StarBurstStream_Black+1","GunFight_Black"],"picked":"SKIP","floor":29},{"not_picked":["TrueLove_Black","ThrowKnife_Black"],"picked":"DoubleSword_Black","floor":33},{"not_picked":["DefensiveStance_Black+1","HorizontalSquareChopping_Black","FlashPuncture_Black"],"picked":"SKIP","floor":35},{"not_picked":["Replay:Parry","ReplayTheSpireMod:Necrogeddon"],"picked":"Flash of Steel","floor":36},{"not_picked":["Guard_Black","SharpClaw_Black"],"picked":"BrokenRibs_Black+1","floor":41},{"not_picked":["TakeAdvantage_Black+1","SwordDance_Black","Attacker_Black"],"picked":"SKIP","floor":44},{"not_picked":["TakeAdvantage_Black+1","SwordDance_Black","Attacker_Black"],"picked":"SKIP","floor":44},{"not_picked":["SelfCongested_Black","CuttingEdge_Black","SmokeScreen_Black+1"],"picked":"SKIP","floor":45},{"not_picked":["Advantage_Black+1","FlashPuncture_Black+1"],"picked":"PrewarPrepare_Black","floor":47},{"not_picked":["Thrust_Black","BrokenRibs_Black","StarSpatter_Black"],"picked":"SKIP","floor":48}],"player_experience":396330,"relics_obtained":[{"floor":6,"key":"Orichalcum"},{"floor":7,"key":"Blood Vial"},{"floor":8,"key":"Bronze Scales"},{"floor":9,"key":"Mango"},{"floor":14,"key":"Omamori"},{"floor":21,"key":"Potion Belt"},{"floor":24,"key":"Boot"},{"floor":26,"key":"StuffTheSpire:CocoNut"},{"floor":28,"key":"Mirror"},{"floor":30,"key":"Juzu Bracelet"},{"floor":31,"key":"CaptainsWheel"},{"floor":39,"key":"Pocketwatch"},{"floor":41,"key":"Incense Burner"},{"floor":43,"key":"Shuriken"},{"floor":44,"key":"StuffTheSpire:Mouthbags"}],"event_choices":[{"damage_healed":0,"gold_gain":0,"player_choice":"Upgraded","damage_taken":0,"max_hp_gain":0,"max_hp_loss":0,"event_name":"Upgrade Shrine","floor":3,"gold_loss":0,"cards_upgraded":["Observe_Black"]},{"damage_healed":0,"gold_gain":0,"player_choice":"Entered Light","damage_taken":27,"max_hp_gain":0,"max_hp_loss":0,"event_name":"Shining Light","floor":10,"gold_loss":0,"cards_upgraded":["Defend_Black","Strike_Black"]},{"damage_healed":0,"gold_gain":0,"player_choice":"Shed Blood","damage_taken":31,"max_hp_gain":5,"max_hp_loss":0,"event_name":"Forgotten Altar","floor":22,"gold_loss":0},{"damage_healed":0,"gold_gain":0,"player_choice":"Memory 1","damage_taken":0,"max_hp_gain":0,"max_hp_loss":0,"event_name":"SensoryStone","floor":36,"gold_loss":0},{"damage_healed":0,"gold_gain":0,"player_choice":"Max HP","damage_taken":0,"max_hp_gain":0,"max_hp_loss":5,"event_name":"Winding Halls","floor":38,"gold_loss":0}],"is_beta":false,"boss_relics":[{"not_picked":["Ring of Chaos","DarkRepulser"],"picked":"hubris:Stopwatch"},{"not_picked":["hubris:VirtuousBlindfold","hubris:GrandSneckoEye"],"picked":"Coffee Dripper"}],"items_purged_floors":[2,27],"is_endless":false,"potions_floor_spawned":[4,11,14,16,18,24,29,45,47,48],"ascension_level":19}}