{"host":"htz0vj76zckzolyr","time":1611663843,"event":{"mods":["Act Like it!","Arknights The Spire","BaseMod","CapriCore","Colored Map","Colored Powertips","Downfall","Friendly Minions","Gensokyo","KinomotoSakuraMod(Ä¾Ö®±¾Ó£)","Lobotomy","LobotomyExtend","Marisa£¨ìFÓê¡¡Ä§ÀíÉ³£©","Minty Spire (QoL Compilation)","Quick Restart","Relic Stats","Shop Mod","StSLib","The Administrix","The Animator"],"gold_per_floor":[366,164,164,184,184,184,184,184],"floor_reached":7,"language":"ZHS","playtime":649,"items_purged":[],"score":43,"play_id":"79319be7-45e5-49b8-a685-48fed97bd536","local_time":"20210126202403","is_ascension_mode":true,"campfire_choices":[],"circlet_count":0,"master_deck":["SpecialBullet","SpecialBullet","SpecialBullet","SpecialBullet","SpecialBullet","SpecialBullet","SpecialBullet","CentralCode","SecurityCode","ExtractionCode","Gensokyo:MysteriousEgg","Gensokyo:BlemishedSteel","Gensokyo:RustyChest","Gensokyo:DepletedGenerator","SoundOfStar"],"relics":["CogitoBucket","LetterFromLob","Happy Flower"],"acts_visited":["Gensokyo:Gensokyo"],"potions_floor_usage":[],"damage_taken":[{"damage":0.0,"enemies":"Gensokyo:Python","floor":1.0,"turns":3.0},{"damage":34.0,"enemies":"Gensokyo:Gryphon","floor":4.0,"turns":5.0},{"damage":38,"enemies":"Gensokyo:Cirno","floor":7,"turns":5}],"seed_played":"-1074969853179925453","potions_obtained":[],"is_trial":false,"path_per_floor":["M","COS","?","M","?","R","E"],"character_chosen":"Angela","items_purchased":[],"campfire_rested":0,"item_purchase_floors":[],"current_hp_per_floor":[57,57,57,31,31,31,0,0],"gold":184,"neow_bonus":"TWO_FIFTY_GOLD","is_daily":false,"chose_seed":false,"campfire_upgraded":0,"win_rate":0.0,"timestamp":1611663843,"path_taken":["M","COS","?","M","?","R","E"],"items_purchased_type":[],"build_version":"2020-12-22","purchased_purges":0,"victory":false,"max_hp_per_floor":[70,70,70,70,70,70,70,70],"relic_stats":{"Happy Flower":[1],"counters":[3,13],"obtain_stats":[{"CogitoBucket":0,"Happy Flower":5,"LetterFromLob":1},{"CogitoBucket":0,"Happy Flower":2,"LetterFromLob":1},{"CogitoBucket":0,"Happy Flower":8,"LetterFromLob":3}]},"card_choices":[{"not_picked":["CherryBlossom"],"picked":"Regret_ego","floor":1.0},{"not_picked":["Wingbeat","FrostShard"],"picked":"SKIP","floor":1.0},{"not_picked":["CherryBlossom"],"picked":"SoundOfStar","floor":4.0},{"not_picked":["TodaysExpression","Wingbeat"],"picked":"SKIP","floor":4.0}],"player_experience":660283,"relics_obtained":[{"floor":1.0,"key":"LetterFromLob"}],"event_choices":[],"is_beta":false,"boss_relics":[],"items_purged_floors":[],"is_endless":false,"potions_floor_spawned":[],"killed_by":"Gensokyo:Cirno","ascension_level":2}}