{"host":"hwrdjx5eod2cxh09","time":1611650736,"event":{"mods":["AchievementEnabler","BaseMod","Bestiary","Minty Spire (QoL Compilation)","Relic Stats"],"gold_per_floor":[218,24,42,42,57,68,87,104,104,104,117,133,148,223,223,327,327,343,92,92,107,120,155,155,173,196,196,214,214,214],"floor_reached":29,"language":"ENG","playtime":1219,"items_purged":["Strike_B","Strike_B"],"score":268,"play_id":"179123b6-3d31-4a23-9c39-62929c49d0b4","local_time":"20210126174536","is_ascension_mode":false,"campfire_choices":[{"data":"Static Discharge","floor":10.0,"key":"SMITH"},{"data":"Fission","floor":15.0,"key":"SMITH"},{"data":"Chill","floor":27,"key":"SMITH"}],"circlet_count":0,"master_deck":["Strike_B","Defend_B","Defend_B","Defend_B","Defend_B","Zap","Dualcast","Doom and Gloom","Capacitor","Coolheaded","Cold Snap","BootSequence","Static Discharge+1","Fission+1","Seek","Streamline+1","Consume","Capacitor","Ball Lightning","Compile Driver+1","Reboot","Ghostly","Ghostly","Ghostly","Ghostly","Ghostly","Chill+1","Steam"],"relics":["Cracked Core"],"acts_visited":["Exordium","TheCity"],"potions_floor_usage":[],"damage_taken":[{"damage":1.0,"enemies":"Jaw Worm","floor":1.0,"turns":3.0},{"damage":5.0,"enemies":"Cultist","floor":3.0,"turns":4.0},{"damage":0.0,"enemies":"2 Louse","floor":5.0,"turns":2.0},{"damage":12.0,"enemies":"Large Slime","floor":6.0,"turns":5.0},{"damage":3.0,"enemies":"Gremlin Gang","floor":7.0,"turns":3.0},{"damage":4.0,"enemies":"2 Fungi Beasts","floor":8.0,"turns":4.0},{"damage":0.0,"enemies":"3 Louse","floor":11.0,"turns":3.0},{"damage":0.0,"enemies":"Gremlin Gang","floor":12.0,"turns":2.0},{"damage":12.0,"enemies":"Exordium Wildlife","floor":13.0,"turns":6.0},{"damage":14.0,"enemies":"Hexaghost","floor":16.0,"turns":12.0},{"damage":12.0,"enemies":"Shell Parasite","floor":18.0,"turns":6.0},{"damage":14.0,"enemies":"Spheric Guardian","floor":21.0,"turns":5.0},{"damage":10.0,"enemies":"Snake Plant","floor":22.0,"turns":4.0},{"damage":31.0,"enemies":"Slavers","floor":23.0,"turns":5.0},{"damage":2,"enemies":"Centurion and Healer","floor":25,"turns":8},{"damage":1,"enemies":"Snecko","floor":28,"turns":8}],"seed_played":"2883018302313249070","potions_obtained":[{"floor":1.0,"key":"CultistPotion"},{"floor":4.0,"key":"PowerPotion"},{"floor":4.0,"key":"Weak Potion"},{"floor":6.0,"key":"Strength Potion"},{"floor":11.0,"key":"Dexterity Potion"},{"floor":23,"key":"DistilledChaos"}],"is_trial":false,"path_per_floor":["M","$","M","?","M","M","M","M","T","R","M","M","M","?","R","B",null,"M","$","?","M","M","E","?","M","T","R","M","R"],"character_chosen":"DEFECT","items_purchased":["Capacitor","Coolheaded","Consume","Capacitor","Ball Lightning"],"campfire_rested":0,"item_purchase_floors":[2,2,19,19,19],"current_hp_per_floor":[74,74,69,69,69,57,54,50,50,50,50,50,38,31,31,17,75,63,63,63,49,39,8,8,6,6,6,5,5,5],"gold":214,"neow_bonus":"HUNDRED_GOLD","is_daily":false,"chose_seed":false,"campfire_upgraded":3,"win_rate":0.0,"timestamp":1611650736,"path_taken":["M","$","M","?","M","M","M","?","T","R","M","M","?","?","R","BOSS","M","$","?","M","?","E","?","M","T","R","M","R"],"items_purchased_type":["Card","Card","Card","Card","Card"],"build_version":"2020-12-22","purchased_purges":2,"victory":false,"max_hp_per_floor":[75,75,75,75,75,75,75,75,75,75,75,75,75,75,75,75,75,75,75,75,75,75,75,37,37,37,37,37,37,37],"relic_stats":{"counters":[16,80],"obtain_stats":[{"Cracked Core":0},{"Cracked Core":0},{"Cracked Core":0}]},"card_choices":[{"not_picked":["Static Discharge","Beam Cell"],"picked":"Doom and Gloom","floor":1.0},{"not_picked":["Gash","Skim","Doom and Gloom"],"picked":"SKIP","floor":3.0},{"not_picked":["Doom and Gloom","Rebound"],"picked":"Cold Snap","floor":5.0},{"not_picked":["Recycle","Tempest"],"picked":"BootSequence","floor":6.0},{"not_picked":["Force Field","Reinforced Body"],"picked":"Static Discharge","floor":7.0},{"not_picked":["Coolheaded","Gash","Cold Snap"],"picked":"SKIP","floor":8.0},{"not_picked":["Beam Cell","Sweeping Beam","Force Field"],"picked":"SKIP","floor":11.0},{"not_picked":["Beam Cell","Sweeping Beam","Force Field"],"picked":"SKIP","floor":11.0},{"not_picked":["Storm","Reprogram"],"picked":"Fission","floor":12.0},{"not_picked":["Sweeping Beam","Beam Cell","Gash"],"picked":"SKIP","floor":13.0},{"not_picked":["Fission","All For One"],"picked":"Seek","floor":16.0},{"not_picked":["Storm+1","Conserve Battery+1"],"picked":"Streamline+1","floor":18.0},{"not_picked":["Coolheaded","White Noise+1"],"picked":"Compile Driver+1","floor":21.0},{"not_picked":["Sweeping Beam","Streamline"],"picked":"Reboot","floor":22.0},{"not_picked":["Double Energy+1","Amplify","Stack"],"picked":"SKIP","floor":23},{"not_picked":["Barrage","Rebound"],"picked":"Chill","floor":25},{"not_picked":["Skim","Go for the Eyes"],"picked":"Steam","floor":28}],"player_experience":308944,"relics_obtained":[],"event_choices":[{"damage_healed":0.0,"max_hp_gain":0.0,"max_hp_loss":0.0,"gold_gain":0.0,"event_name":"Lab","player_choice":"Got Potions","floor":4.0,"gold_loss":0.0,"damage_taken":0.0},{"damage_healed":0.0,"max_hp_gain":0.0,"max_hp_loss":0.0,"gold_gain":75.0,"event_name":"FaceTrader","player_choice":"Touch","floor":14.0,"gold_loss":0.0,"damage_taken":7.0},{"cards_removed":["Strike_B"],"damage_healed":0.0,"max_hp_gain":0.0,"max_hp_loss":0.0,"gold_gain":0.0,"event_name":"Bonfire Elementals","player_choice":"Offered Basic","floor":20.0,"gold_loss":0.0,"damage_taken":0.0},{"damage_healed":0,"gold_gain":0,"player_choice":"Became a Ghost","damage_taken":0,"max_hp_gain":0,"max_hp_loss":38,"event_name":"Ghosts","floor":24,"gold_loss":0,"cards_obtained":["Ghostly","Ghostly","Ghostly","Ghostly","Ghostly"]}],"is_beta":false,"boss_relics":[{"not_picked":["Snecko Eye","Pandora\u0027s Box","Inserter"]}],"items_purged_floors":[2,19],"is_endless":false,"potions_floor_spawned":[1,6,11,12,13,21,23,28],"ascension_level":0}}