{"host":"p8f0otjoacyb9giz","time":1611662259,"event":{"mods":["AchievementEnabler","BaseMod","Downfall","Minty Spire (QoL Compilation)","StSLib"],"gold_per_floor":[99,99,99,155,101,126,151,185,185,285,85,101,1,12,27,124,124,124,140,156,168,182,82,109,109,120,435,435,452,468,468,483,583,583,583,596,596,596,649,649,649,681,693,693,693,718,718,634,653,653,653,653,653,653],"floor_reached":52,"language":"ENG","playtime":2415,"items_purged":[],"score":872,"play_id":"19c49f3f-6ef9-4d3f-abaa-3362a11557e9","local_time":"20210126145739","is_ascension_mode":true,"campfire_choices":[{"floor":1,"key":"RECALL"},{"floor":11,"key":"REST"},{"data":"hexamod:GhostLash","floor":13,"key":"SMITH"},{"data":"hexamod:GhostOfSpirePresent","floor":18,"key":"SMITH"},{"data":"expansioncontent:PolyBeam","floor":25,"key":"SMITH"},{"data":"hexamod:RecurringNightmare","floor":35,"key":"SMITH"},{"floor":44,"key":"REST"},{"data":"hexamod:NecessarySacrifice","floor":47,"key":"SMITH"}],"circlet_count":0,"master_deck":["hexamod:Sear","hexamod:Float+1","hexamod:NightmareStrike","hexamod:GhostLash+1","hexamod:FlamesFromBeyond","hexamod:GhostLash","hexamod:FirstSeal","hexamod:GhostShield","hexamod:Hexaguard","hexamod:VolcanoVisage","hexamod:HexaLevel","hexamod:TurnItUp","hexamod:NecessarySacrifice+1","hexamod:GhostOfSpirePresent+1","hexamod:ExtraCrispy","hexamod:FastForward","hexamod:NecessarySacrifice+1","hexamod:Hexaguard","hexamod:CatchUp","hexamod:FlamesFromBeyond","hexamod:Haunt","expansioncontent:PolyBeam+1","hexamod:FirstSeal","hexamod:RecurringNightmare+1","hexamod:UnleashSpirits","hexamod:FlamesFromBeyond","expansioncontent:Chronoboost"],"relics":["hexamod:SpiritBrand","downfall:HeartsMalice","downfall:ShatteredFragment","Singing Bowl","Pocketwatch","Strawberry","Regal Pillow","downfall:HeartBlessingGreen","downfall:HeartBlessingRed","downfall:HeartBlessingBlue","Pandora\u0027s Box","War Paint","Busted Crown","StoneCalendar","CaptainsWheel","Eternal Feather","Juzu Bracelet"],"acts_visited":["Exordium","TheCity","TheBeyond","TheEnding"],"potions_floor_usage":[27,27,52,52],"damage_taken":[{"damage":0,"enemies":"Cultist","floor":2,"turns":1},{"damage":0,"enemies":"3 Sentries","floor":4,"turns":1},{"damage":0,"enemies":"downfall:FleeingMerchant","floor":5,"turns":1},{"damage":25,"enemies":"Lagavulin","floor":6,"turns":4},{"damage":16,"enemies":"Gremlin Nob","floor":8,"turns":3},{"damage":0,"enemies":"Small Slimes","floor":12,"turns":2},{"damage":1,"enemies":"Jaw Worm","floor":14,"turns":2},{"damage":0,"enemies":"Large Slime","floor":15,"turns":2},{"damage":26,"enemies":"IC_STATUS_ARCHETYPE","floor":16,"turns":5},{"damage":24,"enemies":"Shell Parasite","floor":19,"turns":4},{"damage":7,"enemies":"Chosen","floor":20,"turns":3},{"damage":12,"enemies":"Centurion and Healer","floor":21,"turns":4},{"damage":26,"enemies":"Snecko","floor":22,"turns":4},{"damage":0,"enemies":"downfall:FleeingMerchant","floor":23,"turns":4},{"damage":13,"enemies":"Shelled Parasite and Fungi","floor":26,"turns":4},{"damage":0,"enemies":"downfall:FleeingMerchant","floor":27,"turns":4},{"damage":4,"enemies":"Centurion and Healer","floor":29,"turns":5},{"damage":0,"enemies":"Sentry and Sphere","floor":30,"turns":3},{"damage":7,"enemies":"Chosen and Byrds","floor":32,"turns":4},{"damage":43,"enemies":"SI_MIRROR_ARCHETYPE","floor":33,"turns":8},{"damage":30,"enemies":"3 Shapes","floor":36,"turns":3},{"damage":28,"enemies":"2 Orb Walkers","floor":39,"turns":4},{"damage":42,"enemies":"Giant Head","floor":42,"turns":7},{"damage":11,"enemies":"Orb Walker","floor":43,"turns":3},{"damage":0,"enemies":"Nemesis","floor":46,"turns":5},{"damage":0,"enemies":"Writhing Mass","floor":49,"turns":5},{"damage":37,"enemies":"DF_ARCHETYPE_ORBS","floor":50,"turns":8},{"damage":118,"enemies":"downfall:CharBossMerchant","floor":52,"turns":7}],"seed_played":"-3291128708016624865","potions_obtained":[{"floor":4,"key":"FearPotion"},{"floor":12,"key":"Slimebound:ThreeZeroPotion"},{"floor":15,"key":"Swift Potion"},{"floor":29,"key":"hexamod:InfernoChargePotion"},{"floor":32,"key":"EssenceOfSteel"},{"floor":36,"key":"PowerPotion"}],"is_trial":false,"path_per_floor":["R","M","?","?","$","E","T","E","T","?","R","M","R","M","M","B",null,"R","M","M","M","M","$","T","R","M","$","?","M","M","?","M","B",null,"R","M","?","?","?","$","T","E","M","R","?","E","R","$","M","B",null,"E"],"character_chosen":"THE_SPIRIT","items_purchased":["hexamod:FlamesFromBeyond","expansioncontent:PolyBeam","expansioncontent:Chronoboost"],"campfire_rested":2,"item_purchase_floors":[5,23,48],"current_hp_per_floor":[70,70,49,51,51,26,33,17,17,17,55,62,72,78,78,59,89,89,67,69,64,45,54,54,54,50,59,59,71,73,73,75,46,105,105,84,84,86,60,60,60,32,23,86,86,102,115,115,117,94,117,0,0,0],"gold":653,"neow_bonus":"THREE_ENEMY_KILL","is_daily":false,"chose_seed":false,"campfire_upgraded":5,"win_rate":0.0,"timestamp":1611662259,"path_taken":["R","M","?","?","$","E","T","E","?","?","R","M","R","M","M","BOSS","R","M","M","M","M","$","T","R","M","$","?","M","?","?","M","BOSS","R","M","?","?","?","$","T","E","M","R","?","E","R","$","M","BOSS","E"],"items_purchased_type":["Card","Card","Card"],"build_version":"2020-12-22","purchased_purges":0,"victory":false,"max_hp_per_floor":[70,70,70,72,72,72,79,79,79,79,79,79,89,89,89,89,89,89,91,93,93,93,95,95,95,97,99,99,101,103,103,105,105,105,105,107,107,109,111,111,111,111,113,113,113,115,115,115,117,117,117,117,117,117],"card_choices":[{"not_picked":["hexamod:HeatMetal","hexamod:ThermalTransfer"],"picked":"hexamod:NightmareStrike","floor":2},{"not_picked":["hexamod:NightmareStrike","hexamod:Firestarter","hexamod:ForkedFlame"],"picked":"Singing Bowl","floor":4},{"not_picked":["hexamod:SwordOfDarkness","hexamod:NecessarySacrifice"],"picked":"hexamod:GhostLash","floor":5},{"not_picked":["hexamod:HeatMetal","hexamod:BacktrackSmack"],"picked":"hexamod:GhostLash","floor":6},{"not_picked":["hexamod:InspiringFlames","hexamod:NecessarySacrifice"],"picked":"hexamod:FirstSeal","floor":8},{"not_picked":["hexamod:StepThrough","hexamod:SwordOfDarkness"],"picked":"hexamod:GhostShield","floor":12},{"not_picked":["hexamod:FastForward","hexamod:HauntingEcho"],"picked":"hexamod:Hexaguard","floor":14},{"not_picked":["hexamod:SpectralSpark","hexamod:InspiringFlames"],"picked":"hexamod:VolcanoVisage","floor":15},{"not_picked":["hexamod:GhostflameInferno","hexamod:WildfireWeapon"],"picked":"hexamod:HexaLevel","floor":16},{"not_picked":["hexamod:GhostShield","hexamod:NightmareGuise","hexamod:NightmareStrike+1"],"picked":"Singing Bowl","floor":19},{"not_picked":["hexamod:SpectralSpark","hexamod:Incineration+1","hexamod:SecondSeal"],"picked":"Singing Bowl","floor":20},{"not_picked":["hexamod:GhostOfSpireFuture+1","hexamod:ForkedFlame"],"picked":"hexamod:FlamesFromBeyond","floor":21},{"not_picked":["hexamod:SoulSteal+1","hexamod:ThermalTransfer"],"picked":"hexamod:Haunt","floor":22},{"not_picked":["hexamod:GhostShield+1","hexamod:NightmareStrike","hexamod:GhostflameBarrier"],"picked":"Singing Bowl","floor":23},{"not_picked":["hexamod:GhostShield","hexamod:StepThrough","hexamod:HauntingEcho"],"picked":"Singing Bowl","floor":26},{"not_picked":["hexamod:BacktrackSmack","hexamod:FirstSeal","hexamod:ShieldOfDarkness"],"picked":"Singing Bowl","floor":27},{"not_picked":["hexamod:SuperheatedStrike","hexamod:SwordOfDarkness+1","hexamod:GhostflameInferno"],"picked":"Singing Bowl","floor":29},{"not_picked":["hexamod:SuperheatedStrike","hexamod:ThermalTransfer+1","hexamod:NightmareStrike"],"picked":"Singing Bowl","floor":30},{"not_picked":["hexamod:GhostOfSpireFuture","hexamod:HauntingEcho","hexamod:NightmareStrike+1"],"picked":"Singing Bowl","floor":32},{"not_picked":["hexamod:SixthSeal","hexamod:GhostflameInferno"],"picked":"hexamod:UnleashSpirits","floor":33},{"not_picked":["hexamod:FastForward"],"picked":"Singing Bowl","floor":36},{"not_picked":["expansioncontent:HyperBeam"],"picked":"Singing Bowl","floor":38},{"not_picked":["hexamod:NightmareGuise"],"picked":"Singing Bowl","floor":39},{"not_picked":[],"picked":"hexamod:FlamesFromBeyond","floor":42},{"not_picked":["hexamod:GhostOfSpirePast"],"picked":"Singing Bowl","floor":43},{"not_picked":["hexamod:RainOfEmbers"],"picked":"Singing Bowl","floor":46},{"not_picked":["hexamod:AdvancingGuard"],"picked":"Singing Bowl","floor":49}],"player_experience":406262,"relics_obtained":[{"floor":4,"key":"Singing Bowl"},{"floor":6,"key":"Pocketwatch"},{"floor":7,"key":"Strawberry"},{"floor":8,"key":"Regal Pillow"},{"floor":24,"key":"War Paint"},{"floor":39,"key":"StoneCalendar"},{"floor":41,"key":"CaptainsWheel"},{"floor":42,"key":"Eternal Feather"},{"floor":46,"key":"Juzu Bracelet"}],"event_choices":[{"damage_healed":0,"gold_gain":0,"player_choice":"Read","damage_taken":0,"max_hp_gain":0,"max_hp_loss":0,"event_name":"The Library","floor":31,"gold_loss":0,"cards_obtained":["hexamod:RecurringNightmare"]},{"damage_healed":0,"gold_gain":0,"player_choice":"Fight","damage_taken":0,"max_hp_gain":0,"max_hp_loss":0,"event_name":"Mysterious Sphere","floor":39,"gold_loss":0}],"is_beta":false,"boss_relics":[{"not_picked":["SlaversCollar","Tiny House"],"picked":"Pandora\u0027s Box"},{"not_picked":["Empty Cage","hexamod:UnbrokenSoul"],"picked":"Busted Crown"}],"items_purged_floors":[],"is_endless":false,"potions_floor_spawned":[4,12,15,16,20,21,26,29,32,33,36,43],"killed_by":"downfall:CharBossMerchant","ascension_level":3}}