{"host":"5v9rfzf5qju8k9wy","time":1611635346,"event":{"mods":["Act Like it!","BaseMod","Downfall","Hermit","Koishi","Lobotomy","Marisa£®ÏF”Í°°ƒß¿Ì…≥£©","Minty Spire (QoL Compilation)","StSLib","The Cursed"],"gold_per_floor":[111,111,111,121,133,133,133],"floor_reached":6,"language":"ZHS","playtime":407,"items_purged":[],"score":36,"play_id":"b554e818-84f4-4d81-b2c4-b85df9944b6a","local_time":"20210126122906","is_ascension_mode":false,"campfire_choices":[],"circlet_count":0,"master_deck":["Koishi:BasicStrike","Koishi:BasicStrike","Koishi:BasicStrike","Koishi:BasicDefend","Koishi:BasicDefend","Koishi:BasicDefend","Koishi:BasicDefend","Koishi:Provoke","Koishi:HauntingSlash","BeautyBeast","Koishi:SpiritedAway","Koishi:PhantomBarrier","Laetitia","Koishi:GeneticsOfTheUnconscious"],"relics":["Koishi:ImaginaryFriend","CogitoBucket"],"acts_visited":["Exordium"],"potions_floor_usage":[],"damage_taken":[{"damage":2,"enemies":"Cultist","floor":1,"turns":4},{"damage":0,"enemies":"Jaw Worm","floor":4,"turns":5},{"damage":0,"enemies":"Small Slimes","floor":5,"turns":5},{"damage":47,"enemies":"Lagavulin","floor":6,"turns":8}],"seed_played":"6636580898295837118","potions_obtained":[{"floor":4,"key":"SteroidPotion"}],"is_trial":false,"path_per_floor":["M","?","?","M","M","E"],"character_chosen":"KOISHI","items_purchased":[],"campfire_rested":0,"item_purchase_floors":[],"current_hp_per_floor":[60,53,58,60,61,14,14],"gold":133,"neow_bonus":"","is_daily":false,"chose_seed":false,"campfire_upgraded":0,"win_rate":0.0,"timestamp":1611635346,"path_taken":["M","?","?","M","M","E"],"items_purchased_type":[],"build_version":"2020-12-22","purchased_purges":0,"victory":false,"max_hp_per_floor":[60,60,65,65,65,65,65],"card_choices":[{"not_picked":["CherryBlossoms","VoidDream"],"picked":"BeautyBeast","floor":1},{"not_picked":["Koishi:FleetingPhantom","Koishi:FourthEye"],"picked":"Koishi:SpiritedAway","floor":1},{"not_picked":["Koishi:FourthEye","Koishi:DreadfulBlow"],"picked":"Koishi:PhantomBarrier","floor":4},{"not_picked":["HeroicMonk","FairyFestival"],"picked":"Laetitia","floor":5},{"not_picked":["Koishi:HeartfeltFancy","Koishi:EmbryosDream"],"picked":"Koishi:GeneticsOfTheUnconscious","floor":5}],"player_experience":107506,"relics_obtained":[],"event_choices":[{"cards_removed":["Koishi:BasicStrike"],"damage_healed":0,"gold_gain":0,"player_choice":"Card Removal","damage_taken":7,"max_hp_gain":0,"max_hp_loss":0,"event_name":"Golden Wing","floor":2,"gold_loss":0},{"damage_healed":0,"gold_gain":0,"player_choice":"Donut","damage_taken":0,"max_hp_gain":5,"max_hp_loss":0,"event_name":"Big Fish","floor":3,"gold_loss":0}],"is_beta":false,"boss_relics":[],"items_purged_floors":[],"is_endless":false,"potions_floor_spawned":[4],"killed_by":"Lagavulin","ascension_level":0}}