{"host":"j4g6ia6asvpyu2b0","time":1611624973,"event":{"mods":["BaseMod","Colored Map","Minty Spire (QoL Compilation)","Permanent Neow","Quick Restart","Relic Stats","StSLib","Unceasing Turn Reminder"],"gold_per_floor":[116,116,137,137,137,137,173,186,186,186,217,240,271,296,296,425,425,443,462,319,338,376,376,420,444,471,503,503,503,503,525,525,654,654,688,347,356,381,119,168,168,210,210,210,232,254,254,263,263,263,263,263,46,91,91,91],"floor_reached":55,"language":"ENG","playtime":2539,"items_purged":["Strike_G"],"score":947,"play_id":"7b59d569-ca99-4e0e-81c9-133f52ed879f","local_time":"20210125183613","is_ascension_mode":true,"campfire_choices":[{"data":"Cloak And Dagger","floor":6.0,"key":"SMITH"},{"floor":10.0,"key":"REST"},{"data":"Well Laid Plans","floor":15.0,"key":"SMITH"},{"data":"Crippling Poison","floor":23.0,"key":"SMITH"},{"data":"Noxious Fumes","floor":29.0,"key":"SMITH"},{"data":"Footwork","floor":32.0,"key":"SMITH"},{"floor":41,"key":"RECALL"},{"floor":44,"key":"REST"},{"floor":47,"key":"REST"},{"floor":49,"key":"REST"},{"floor":52,"key":"REST"}],"circlet_count":0,"master_deck":["Defend_G","Defend_G","Defend_G","Survivor+1","Neutralize","Cloak And Dagger+1","Cloak And Dagger+1","Crippling Poison+1","Well Laid Plans+1","Dagger Spray","Poisoned Stab","Dash","Outmaneuver","Die Die Die","Dodge and Roll+1","Footwork","Footwork+1","Tactician+1","Endless Agony","Die Die Die","Noxious Fumes+1","Backstab","Caltrops+1","Doppelganger","Acrobatics","Discovery","Pain","Distraction+1","Blade Dance","PiercingWail","PiercingWail+1","Outmaneuver+1","Caltrops","Infinite Blades","A Thousand Cuts"],"relics":["Ring of the Snake","Dead Branch","Golden Idol","Letter Opener","Lantern","Blue Candle","Pantograph","Empty Cage","Red Mask","CeramicFish","Fusion Hammer","Shuriken","WarpedTongs","Ninja Scroll","Smiling Mask","War Paint","Bottled Flame","TwistedFunnel","Sundial"],"acts_visited":["Exordium","TheCity","TheBeyond","TheEnding"],"potions_floor_usage":[40,42,55,55,55],"damage_taken":[{"damage":0.0,"enemies":"2 Louse","floor":1.0,"turns":2.0},{"damage":0.0,"enemies":"Cultist","floor":3.0,"turns":3.0},{"damage":7.0,"enemies":"Gremlin Nob","floor":7.0,"turns":3.0},{"damage":0.0,"enemies":"Small Slimes","floor":8.0,"turns":2.0},{"damage":1.0,"enemies":"3 Sentries","floor":11.0,"turns":4.0},{"damage":0.0,"enemies":"Blue Slaver","floor":12.0,"turns":4.0},{"damage":4.0,"enemies":"Gremlin Nob","floor":13.0,"turns":3.0},{"damage":0.0,"enemies":"Looter","floor":14.0,"turns":3.0},{"damage":17.0,"enemies":"Hexaghost","floor":16.0,"turns":10.0},{"damage":7.0,"enemies":"Shell Parasite","floor":18.0,"turns":5.0},{"damage":0.0,"enemies":"Spheric Guardian","floor":19.0,"turns":4.0},{"damage":6.0,"enemies":"Snake Plant","floor":21.0,"turns":7.0},{"damage":0.0,"enemies":"Masked Bandits","floor":22.0,"turns":3.0},{"damage":0.0,"enemies":"Book of Stabbing","floor":24.0,"turns":6.0},{"damage":7.0,"enemies":"Centurion and Healer","floor":25.0,"turns":9.0},{"damage":4.0,"enemies":"Chosen and Byrds","floor":27.0,"turns":6.0},{"damage":0.0,"enemies":"Cultist and Chosen","floor":31.0,"turns":5.0},{"damage":5.0,"enemies":"Automaton","floor":33.0,"turns":8.0},{"damage":0.0,"enemies":"3 Shapes","floor":35.0,"turns":1.0},{"damage":1.0,"enemies":"Orb Walker","floor":38.0,"turns":3.0},{"damage":0,"enemies":"Nemesis","floor":40,"turns":1},{"damage":2,"enemies":"Reptomancer","floor":42,"turns":4},{"damage":4,"enemies":"Sphere and 2 Shapes","floor":45,"turns":1},{"damage":8,"enemies":"Maw","floor":46,"turns":6},{"damage":14,"enemies":"Time Eater","floor":50,"turns":12},{"damage":0,"enemies":"Shield and Spear","floor":54,"turns":1},{"damage":79,"enemies":"The Heart","floor":55,"turns":6}],"seed_played":"6328138833591738279","potions_obtained":[{"floor":3.0,"key":"EntropicBrew"},{"floor":8.0,"key":"CunningPotion"},{"floor":13.0,"key":"ColorlessPotion"},{"floor":14.0,"key":"LiquidBronze"},{"floor":21.0,"key":"LiquidMemories"},{"floor":22.0,"key":"Poison Potion"},{"floor":24.0,"key":"SteroidPotion"},{"floor":25.0,"key":"Weak Potion"},{"floor":33.0,"key":"DuplicationPotion"},{"floor":40,"key":"ColorlessPotion"},{"floor":42,"key":"EssenceOfSteel"},{"floor":45,"key":"Strength Potion"}],"is_trial":false,"path_per_floor":["M","?","M","?","?","R","E","M","T","R","E","M","E","M","R","B",null,"M","M","$","M","?","R","E","M","T","M","?","R","?","M","R","B",null,"M","$","?","M","$","E","R","E","T","R","M","M","R","?","R","B",null,"R","$","E","B"],"character_chosen":"THE_SILENT","items_purchased":["Footwork","Shuriken","Discovery","Ninja Scroll","TwistedFunnel","Infinite Blades"],"campfire_rested":5,"item_purchase_floors":[20,36,36,39,53,53],"current_hp_per_floor":[63,48,48,41,41,41,34,34,34,52,51,51,47,47,47,46,63,56,56,56,50,50,50,50,43,43,39,28,28,28,28,28,48,68,68,68,68,67,67,67,67,65,65,68,64,56,68,68,68,54,68,68,68,68,0,0],"gold":91,"neow_bonus":"ONE_RARE_RELIC","is_daily":false,"chose_seed":false,"campfire_upgraded":5,"win_rate":0.0,"timestamp":1611624973,"path_taken":["M","?","M","?","?","R","E","?","T","R","E","M","E","M","R","BOSS","M","M","$","?","?","R","E","M","T","M","?","R","?","?","R","BOSS","M","$","?","M","?","E","R","E","T","R","?","M","R","?","R","BOSS","R","$","E","BOSS"],"items_purchased_type":["Card","Relic","Card","Relic","Relic","Card"],"build_version":"2020-12-22","purchased_purges":1,"victory":false,"max_hp_per_floor":[63,63,63,63,63,63,63,63,63,63,63,63,63,63,63,63,63,63,63,63,63,63,63,63,63,63,63,68,68,68,68,68,68,68,68,68,68,68,68,68,68,68,68,68,68,68,68,68,68,68,68,68,68,68,68,68],"relic_stats":{"counters":[27,122],"Golden Idol":186,"Dead Branch":[324],"Blue Candle":[2],"CeramicFish":144,"Letter Opener":[268],"War Paint":["Survivor","Cloak And Dagger"],"Smiling Mask":0,"WarpedTongs":[33],"Shuriken":[38],"Sundial":[0],"Pantograph":41,"obtain_stats":[{"TwistedFunnel":53,"Lantern":9,"Golden Idol":2,"Dead Branch":0,"Blue Candle":11,"CeramicFish":24,"Letter Opener":7,"War Paint":42,"Empty Cage":17,"Smiling Mask":40,"WarpedTongs":37,"Bottled Flame":43,"Shuriken":36,"Ninja Scroll":39,"Sundial":54,"Pantograph":13,"Fusion Hammer":34,"Red Mask":22,"Ring of the Snake":0},{"TwistedFunnel":25,"Lantern":4,"Golden Idol":1,"Dead Branch":0,"Blue Candle":5,"CeramicFish":14,"Letter Opener":3,"War Paint":22,"Empty Cage":9,"Smiling Mask":21,"WarpedTongs":19,"Bottled Flame":22,"Shuriken":19,"Ninja Scroll":20,"Sundial":26,"Pantograph":7,"Fusion Hammer":18,"Red Mask":13,"Ring of the Snake":0},{"TwistedFunnel":115,"Lantern":10,"Golden Idol":2,"Dead Branch":0,"Blue Candle":14,"CeramicFish":59,"Letter Opener":8,"War Paint":96,"Empty Cage":34,"Smiling Mask":92,"WarpedTongs":88,"Bottled Flame":96,"Shuriken":88,"Ninja Scroll":91,"Sundial":116,"Pantograph":21,"Fusion Hammer":87,"Red Mask":53,"Ring of the Snake":0}],"Ring of the Snake":[49]},"card_choices":[{"not_picked":["Flying Knee","Reflex"],"picked":"Cloak And Dagger","floor":1.0},{"not_picked":["Expertise","Flying Knee"],"picked":"Cloak And Dagger","floor":3.0},{"not_picked":["Deflect","Underhanded Strike"],"picked":"Crippling Poison","floor":7.0},{"not_picked":["Accuracy","Leg Sweep"],"picked":"Well Laid Plans","floor":8.0},{"not_picked":["Prepared","Masterful Stab"],"picked":"Dagger Spray","floor":11.0},{"not_picked":["Expertise","Deflect"],"picked":"Poisoned Stab","floor":12.0},{"not_picked":["Backflip","Crippling Poison"],"picked":"Dash","floor":13.0},{"not_picked":["Riddle With Holes","Dagger Throw"],"picked":"Outmaneuver","floor":14.0},{"not_picked":["Malaise","Grand Finale"],"picked":"Die Die Die","floor":16.0},{"not_picked":["Dash","Dagger Throw"],"picked":"Dodge and Roll+1","floor":18.0},{"not_picked":["All Out Attack+1","Dash"],"picked":"Footwork","floor":19.0},{"not_picked":["Deflect","Caltrops"],"picked":"Tactician+1","floor":21.0},{"not_picked":["Cloak And Dagger","Dagger Spray"],"picked":"Endless Agony","floor":22.0},{"not_picked":["Dodge and Roll","Quick Slash"],"picked":"Die Die Die","floor":24.0},{"not_picked":["Catalyst","Accuracy"],"picked":"Noxious Fumes","floor":25.0},{"not_picked":["Bane+1","Accuracy+1"],"picked":"Backstab","floor":27.0},{"not_picked":["Dagger Throw","Slice"],"picked":"Caltrops+1","floor":31.0},{"not_picked":["Grand Finale","Envenom"],"picked":"Doppelganger","floor":33.0},{"not_picked":["Dagger Spray+1","Slice+1"],"picked":"Acrobatics","floor":35.0},{"not_picked":["Dodge and Roll","Deflect"],"picked":"Distraction+1","floor":38.0},{"not_picked":["Skewer+1","Crippling Poison"],"picked":"Blade Dance","floor":40},{"not_picked":["Backflip","Slice"],"picked":"PiercingWail","floor":42},{"not_picked":["Slice","Flying Knee+1"],"picked":"PiercingWail+1","floor":45},{"not_picked":["Sucker Punch+1","Riddle With Holes+1"],"picked":"Outmaneuver+1","floor":46},{"not_picked":["Calculated Gamble+1","Glass Knife"],"picked":"A Thousand Cuts","floor":54}],"player_experience":1017675,"relics_obtained":[{"floor":7.0,"key":"Letter Opener"},{"floor":9.0,"key":"Lantern"},{"floor":11.0,"key":"Blue Candle"},{"floor":13.0,"key":"Pantograph"},{"floor":22.0,"key":"Red Mask"},{"floor":24.0,"key":"CeramicFish"},{"floor":40,"key":"Smiling Mask"},{"floor":42,"key":"War Paint"},{"floor":43,"key":"Bottled Flame"},{"floor":54,"key":"Sundial"}],"event_choices":[{"damage_healed":0.0,"max_hp_gain":0.0,"max_hp_loss":0.0,"gold_gain":0.0,"event_name":"Golden Idol","player_choice":"Take Damage","floor":2.0,"gold_loss":0.0,"damage_taken":15.0,"relics_obtained":["Golden Idol"]},{"cards_removed":["Strike_G"],"damage_healed":0.0,"max_hp_gain":0.0,"max_hp_loss":0.0,"gold_gain":0.0,"event_name":"Golden Wing","player_choice":"Card Removal","floor":4.0,"gold_loss":0.0,"damage_taken":7.0},{"cards_removed":["Strike_G"],"damage_healed":0.0,"max_hp_gain":0.0,"max_hp_loss":0.0,"gold_gain":0.0,"event_name":"Bonfire Elementals","player_choice":"Offered Basic","floor":5.0,"gold_loss":0.0,"damage_taken":0.0},{"damage_healed":0.0,"max_hp_gain":0.0,"max_hp_loss":0.0,"gold_gain":0.0,"event_name":"Masked Bandits","player_choice":"Fought Bandits","floor":22.0,"gold_loss":0.0,"damage_taken":0.0},{"damage_healed":0.0,"max_hp_gain":5.0,"max_hp_loss":0.0,"gold_gain":0.0,"event_name":"Forgotten Altar","player_choice":"Shed Blood","floor":28.0,"gold_loss":0.0,"damage_taken":16.0},{"cards_removed":["Defend_G"],"damage_healed":0.0,"max_hp_gain":0.0,"max_hp_loss":0.0,"gold_gain":0.0,"event_name":"Purifier","player_choice":"Purged","floor":30.0,"gold_loss":0.0,"damage_taken":0.0},{"damage_healed":0.0,"max_hp_gain":0.0,"max_hp_loss":0.0,"gold_gain":0.0,"event_name":"Accursed Blacksmith","player_choice":"Rummage","floor":37.0,"gold_loss":0.0,"damage_taken":0.0,"relics_obtained":["WarpedTongs"],"cards_obtained":["Pain"]},{"damage_healed":0,"gold_gain":0,"cards_transformed":["Defend_G"],"player_choice":"Transformed","damage_taken":0,"max_hp_gain":0,"max_hp_loss":0,"event_name":"Transmorgrifier","floor":48,"gold_loss":0,"cards_obtained":["Caltrops"]}],"is_beta":false,"boss_relics":[{"not_picked":["Ectoplasm","Velvet Choker"],"picked":"Empty Cage"},{"not_picked":["Snecko Eye","SlaversCollar"],"picked":"Fusion Hammer"}],"items_purged_floors":[20],"is_endless":false,"potions_floor_spawned":[3,8,13,14,16,21,22,24,25,33,35,40,42,45],"killed_by":"The Heart","ascension_level":2}}