{"host":"iph0xvuia0glosgr","time":1611697081,"event":{"mods":["AchievementEnabler","BaseMod","Minty Spire (QoL Compilation)"],"gold_per_floor":[115,115,139,216,237,280,280,294,294,294,310,310,310,31,31,157,220,234,255,255,255,72,72,97,118,164,164,164],"floor_reached":27,"language":"ENG","playtime":1451,"items_purged":[],"score":213,"play_id":"85518d08-6c4b-4cc8-8ef7-63a469bf5d1d","local_time":"20210126213801","is_ascension_mode":false,"campfire_choices":[{"floor":7,"key":"REST"},{"floor":10,"key":"RECALL"},{"floor":15,"key":"REST"},{"floor":23,"key":"REST"}],"circlet_count":0,"master_deck":["Strike_G","Strike_G","Strike_G","Strike_G","Strike_G","Defend_G","Defend_G","Defend_G+1","Defend_G","Defend_G","Survivor","Neutralize","Deadly Poison","Injury","Underhanded Strike","Noxious Fumes+1","Dagger Spray","Finisher","Finisher","Corpse Explosion","Deadly Poison","Infinite Blades","Deflect+1","Noxious Fumes","Blur","Cloak And Dagger","Backflip+1"],"relics":["Ring of the Snake","NeowsBlessing","Golden Idol","Bottled Lightning","Vajra","Potion Belt","Regal Pillow","Tiny House","PreservedInsect","Ancient Tea Set"],"acts_visited":["Exordium","TheCity"],"potions_floor_usage":[16,16,18,18,24,27,27,27],"damage_taken":[{"damage":0,"enemies":"2 Louse","floor":1,"turns":1},{"damage":0,"enemies":"Jaw Worm","floor":3,"turns":1},{"damage":0,"enemies":"Small Slimes","floor":5,"turns":1},{"damage":37,"enemies":"3 Sentries","floor":6,"turns":10},{"damage":2,"enemies":"Looter","floor":8,"turns":4},{"damage":9,"enemies":"Blue Slaver","floor":11,"turns":3},{"damage":37,"enemies":"Hexaghost","floor":16,"turns":9},{"damage":8,"enemies":"2 Thieves","floor":18,"turns":2},{"damage":34,"enemies":"Chosen","floor":19,"turns":5},{"damage":37,"enemies":"Centurion and Healer","floor":24,"turns":7},{"damage":16,"enemies":"Snecko","floor":25,"turns":5},{"damage":47,"enemies":"Shelled Parasite and Fungi","floor":27,"turns":6}],"seed_played":"-119765645985728949","potions_obtained":[{"floor":6,"key":"FairyPotion"},{"floor":8,"key":"BlessingOfTheForge"},{"floor":16,"key":"Energy Potion"},{"floor":17,"key":"Block Potion"},{"floor":21,"key":"SneckoOil"},{"floor":21,"key":"PowerPotion"},{"floor":21,"key":"Ancient Potion"}],"is_trial":false,"path_per_floor":["M","?","M","T","M","E","R","M","T","R","M","?","?","$","R","B",null,"M","M","?","?","$","R","M","M","T","M"],"character_chosen":"THE_SILENT","items_purchased":["Regal Pillow","AttackPotion","EssenceOfSteel","PreservedInsect","Blur"],"campfire_rested":3,"item_purchase_floors":[14,14,14,22,22],"current_hp_per_floor":[70,70,70,70,70,33,54,52,52,52,43,25,25,25,61,24,75,67,33,33,33,33,70,33,17,17,0,0],"gold":164,"neow_bonus":"THREE_ENEMY_KILL","is_daily":false,"chose_seed":false,"campfire_upgraded":0,"win_rate":0.0,"timestamp":1611697081,"path_taken":["M","?","M","?","M","E","R","M","T","R","M","?","?","?","R","BOSS","M","M","?","?","$","R","?","?","T","M"],"items_purchased_type":["Relic","Potion","Potion","Relic","Card"],"build_version":"2020-12-22","purchased_purges":0,"victory":false,"max_hp_per_floor":[70,70,70,70,70,70,70,70,70,70,70,70,70,70,70,70,75,75,75,75,75,75,75,75,75,75,75,75],"card_choices":[{"not_picked":["Outmaneuver","PiercingWail"],"picked":"Deadly Poison","floor":1},{"not_picked":["Backflip","Deflect"],"picked":"Underhanded Strike","floor":3},{"not_picked":["Sucker Punch","Deflect"],"picked":"Noxious Fumes","floor":5},{"not_picked":["PiercingWail","Outmaneuver"],"picked":"Dagger Spray","floor":6},{"not_picked":["Choke","Outmaneuver"],"picked":"Finisher","floor":8},{"not_picked":["Bullet Time","Underhanded Strike"],"picked":"Finisher","floor":11},{"not_picked":["Phantasmal Killer","Bullet Time"],"picked":"Corpse Explosion","floor":16},{"not_picked":["Footwork","Outmaneuver"],"picked":"Deadly Poison","floor":17},{"not_picked":["Quick Slash","Concentrate"],"picked":"Infinite Blades","floor":18},{"not_picked":["Sucker Punch","Slice"],"picked":"Deflect+1","floor":19},{"not_picked":["Tactician","Dagger Spray"],"picked":"Cloak And Dagger","floor":24},{"not_picked":["Tactician","Acrobatics+1"],"picked":"Backflip+1","floor":25}],"player_experience":279720,"relics_obtained":[{"floor":4,"key":"Bottled Lightning"},{"floor":6,"key":"Vajra"},{"floor":26,"key":"Ancient Tea Set"}],"event_choices":[{"damage_healed":0,"gold_gain":0,"player_choice":"Take Wound","damage_taken":0,"relics_obtained":["Golden Idol"],"max_hp_gain":0,"max_hp_loss":0,"event_name":"Golden Idol","floor":2,"gold_loss":0,"cards_obtained":["Injury"]},{"damage_healed":0,"gold_gain":0,"player_choice":"Success","damage_taken":18,"relics_obtained":["Potion Belt"],"max_hp_gain":0,"max_hp_loss":0,"event_name":"Scrap Ooze","floor":12,"gold_loss":0},{"damage_healed":0,"gold_gain":0,"player_choice":"Grow","damage_taken":0,"max_hp_gain":0,"max_hp_loss":0,"event_name":"Living Wall","floor":13,"gold_loss":0,"cards_upgraded":["Noxious Fumes"]},{"damage_healed":0,"gold_gain":0,"player_choice":"Read","damage_taken":0,"max_hp_gain":0,"max_hp_loss":0,"event_name":"The Library","floor":20,"gold_loss":0,"cards_obtained":["Noxious Fumes"]},{"damage_healed":0,"gold_gain":0,"player_choice":"Got Potions","damage_taken":0,"max_hp_gain":0,"max_hp_loss":0,"event_name":"Lab","floor":21,"gold_loss":0}],"is_beta":false,"boss_relics":[{"not_picked":["Ectoplasm","Pandora\u0027s Box"],"picked":"Tiny House"}],"items_purged_floors":[],"is_endless":false,"potions_floor_spawned":[6,8,16],"killed_by":"Shelled Parasite and Fungi","ascension_level":0}}