{"host":"takgv9cv6xf64vhq","time":1611673642,"event":{"mods":["BaseMod","Colored Powertips","Downfall","Hubris","LagranYue(拉格朗・月)","Marisa（F雨　魔理沙）","Minty Spire (QoL Compilation)","Replay The Spire","StSLib","The Cursed","The Jungle","TheHeartMod"],"gold_per_floor":[113,73,89,37,49,83,83,101,148,73,73,85,85,85,85,187,187,197,197,197,197,53,82,100,111,179,191,191,206,224,243,243,339,339,350,260,277,292,310,335,187,187,238,238,272,272,285,296,296,296,296,296,3,28,28],"floor_reached":56,"language":"ZHS","playtime":3998,"items_purged":["Pain"],"score":1456,"play_id":"65be064f-a37f-4d6c-ae14-f3df2d8ba230","local_time":"20210126230722","is_ascension_mode":false,"campfire_choices":[{"data":"Eruption","floor":11.0,"key":"SMITH"},{"data":"SashWhip","floor":15.0,"key":"SMITH"},{"data":"SashWhip","floor":32.0,"key":"SMITH"},{"floor":42.0,"key":"RECALL"},{"data":"Fasting2","floor":44.0,"key":"SMITH"},{"data":"DeceiveReality","floor":49,"key":"SMITH"},{"data":"Vigilance","floor":52,"key":"SMITH"}],"circlet_count":0,"master_deck":["Defend_P","Defend_P","Defend_P+1","Defend_P+1","Eruption+1","Vigilance+1","SashWhip+1","FlurryOfBlows","FearNoEvil+1","Consecrate","EmptyFist+1","Crescendo","FollowUp","DevaForm+1","Replay:AtTheReady+1","Sanctity","BattleHymn","Replay:Vibes","WindmillStrike","SashWhip+1","Perseverance+1","FearNoEvil","Wallop+1","Devotion","Tantrum","Fasting2+1","DeceiveReality+1","Replay:ManipulateFuture+1","WaveOfTheHand+1","EmptyMind+1","Tantrum","Worship+1","Wallop"],"relics":["PureWater","NeowsBlessing","Ancient Tea Set","WarpedTongs","War Paint","hubris:Towel","Coffee Dripper","Nilry\u0027s Codex","Guide Book","Bronze Scales","Iron Hammer","Mercury Hourglass","Replay:Bronze Core","hubris:GlazedTorus","ClockworkSouvenir","hubris:FunFungus","LagranYue:GuideDeadRelic","Kunai"],"acts_visited":["Exordium","TheCity","TheBeyond","TheEnding"],"potions_floor_usage":[],"damage_taken":[{"damage":0.0,"enemies":"2 Louse","floor":1.0,"turns":1.0},{"damage":0.0,"enemies":"Cultist","floor":3.0,"turns":1.0},{"damage":0.0,"enemies":"Jaw Worm","floor":5.0,"turns":1.0},{"damage":18.0,"enemies":"Lagavulin","floor":6.0,"turns":4.0},{"damage":6.0,"enemies":"3 Louse","floor":8.0,"turns":3.0},{"damage":2.0,"enemies":"Lots of Slimes","floor":12.0,"turns":2.0},{"damage":8.0,"enemies":"Hexaghost","floor":16.0,"turns":6.0},{"damage":0.0,"enemies":"Spheric Guardian","floor":18.0,"turns":2.0},{"damage":34.0,"enemies":"Slavers","floor":23.0,"turns":4.0},{"damage":0.0,"enemies":"Chosen","floor":24.0,"turns":4.0},{"damage":1.0,"enemies":"Snake Plant","floor":25.0,"turns":2.0},{"damage":2.0,"enemies":"Chosen and Byrds","floor":27.0,"turns":4.0},{"damage":1.0,"enemies":"3 Cultists","floor":29.0,"turns":5.0},{"damage":3.0,"enemies":"Centurion and Healer","floor":30.0,"turns":5.0},{"damage":0.0,"enemies":"Snake Plant","floor":31.0,"turns":2.0},{"damage":20.0,"enemies":"Pondfish","floor":33.0,"turns":11.0},{"damage":5.0,"enemies":"3 Darklings","floor":35.0,"turns":4.0},{"damage":3.0,"enemies":"Orb Walker","floor":37.0,"turns":3.0},{"damage":2.0,"enemies":"3 Darklings","floor":38.0,"turns":3.0},{"damage":5.0,"enemies":"Jaw Worm Horde","floor":39.0,"turns":4.0},{"damage":9.0,"enemies":"Reptomancer","floor":40.0,"turns":5.0},{"damage":23.0,"enemies":"Nemesis","floor":45.0,"turns":5.0},{"damage":7.0,"enemies":"Spire Growth","floor":47.0,"turns":3.0},{"damage":3,"enemies":"3 Darklings","floor":48,"turns":12},{"damage":71,"enemies":"Awakened One","floor":50,"turns":11},{"damage":12,"enemies":"Shield and Spear","floor":54,"turns":6},{"damage":36,"enemies":"NeowBoss","floor":55,"turns":10}],"seed_played":"-7019058250019063433","potions_obtained":[{"floor":2.0,"key":"StancePotion"},{"floor":2.0,"key":"Strength Potion"},{"floor":2.0,"key":"FairyPotion"},{"floor":6.0,"key":"Cursed Concoction"},{"floor":12.0,"key":"Weak Potion"},{"floor":16.0,"key":"StancePotion"},{"floor":18.0,"key":"champ:CounterPotion"},{"floor":24.0,"key":"Fire Potion"},{"floor":25.0,"key":"GamblersBrew"},{"floor":29.0,"key":"Energy Potion"},{"floor":33.0,"key":"GamblersBrew"},{"floor":35.0,"key":"Languid Potion"},{"floor":37.0,"key":"bronze:BurnAndBuffPotion"},{"floor":38.0,"key":"EssenceOfSteel"}],"is_trial":false,"path_per_floor":["M","?","M","$","M","E","?","M","T","$","R","M","?","?","R","B",null,"M","?","?","?","$","E","M","M","T","M","T","M","M","M","R","B",null,"M","?","M","M","M","E","$","R","T","R","E","?","M","M","R","B",null,"R","$","E","B",null],"character_chosen":"WATCHER","items_purchased":["FearNoEvil+1","Guide Book","ClockworkSouvenir","LagranYue:GuideDeadRelic"],"campfire_rested":0,"item_purchase_floors":[4,22,41,53],"current_hp_per_floor":[72,72,72,72,72,54,54,48,48,48,48,46,46,46,46,38,72,72,56,43,43,43,9,9,8,8,6,6,5,2,2,2,6,77,72,72,69,67,62,53,53,53,53,53,30,30,25,77,77,58,77,77,77,77,77],"gold":28,"neow_bonus":"THREE_ENEMY_KILL","is_daily":false,"chose_seed":false,"campfire_upgraded":6,"win_rate":0.0,"timestamp":1611673642,"path_taken":["M","?","M","?","M","E","?","M","T","$","R","?","?","?","R","BOSS","M","?","?","?","$","E","M","?","T","M","?","M","M","M","R","BOSS","M","?","?","M","M","E","$","R","T","R","E","?","?","M","R","BOSS","R","$","E","BOSS"],"items_purchased_type":["Card","Relic","Relic","Relic"],"build_version":"2020-12-22","purchased_purges":1,"victory":true,"max_hp_per_floor":[72,72,72,72,72,72,72,72,72,72,72,72,72,72,72,72,72,72,72,77,77,77,77,77,77,77,77,77,77,77,77,77,77,77,77,77,77,77,77,77,77,77,77,77,77,77,77,77,77,77,77,77,77,77,77],"card_choices":[{"not_picked":["Protect","BattleHymn"],"picked":"SashWhip","floor":1.0},{"not_picked":["Replay:ManipulateFuture","FollowUp"],"picked":"FlurryOfBlows","floor":3.0},{"not_picked":["CutThroughFate","LikeWater"],"picked":"Consecrate","floor":5.0},{"not_picked":["FlyingSleeves","Vengeance"],"picked":"DeusExMachina","floor":6.0},{"not_picked":["Replay:BluntJabs","Crescendo"],"picked":"EmptyFist","floor":8.0},{"not_picked":["CrushJoints","Replay:ManipulateFuture"],"picked":"Crescendo","floor":12.0},{"not_picked":["DeusExMachina","ConjureBlade"],"picked":"DevaForm","floor":16.0},{"not_picked":["Indignation+1","Replay:BluntJabs+1"],"picked":"Replay:AtTheReady+1","floor":18.0},{"not_picked":["CutThroughFate","Protect"],"picked":"Replay:Vibes","floor":23.0},{"not_picked":["FlyingSleeves","CutThroughFate"],"picked":"WindmillStrike","floor":24.0},{"not_picked":["Halt","EmptyFist"],"picked":"SashWhip","floor":25.0},{"not_picked":["Pray","Replay:BluntJabs"],"picked":"Perseverance+1","floor":27.0},{"not_picked":["JustLucky","ThirdEye"],"picked":"FearNoEvil","floor":29.0},{"not_picked":["Weave+1","FollowUp+1"],"picked":"Wallop+1","floor":30.0},{"not_picked":["PathToVictory","CutThroughFate","Swivel"],"picked":"SKIP","floor":31.0},{"not_picked":["Judgement","DeusExMachina"],"picked":"Devotion","floor":33.0},{"not_picked":["SignatureMove","Study+1"],"picked":"Tantrum","floor":35.0},{"not_picked":["DeceiveReality","ReachHeaven+1"],"picked":"Fasting2","floor":37.0},{"not_picked":["FlyingSleeves","WreathOfFlame"],"picked":"DeceiveReality","floor":38.0},{"not_picked":["Halt+1","CrushJoints+1"],"picked":"Replay:ManipulateFuture+1","floor":39.0},{"not_picked":["WheelKick","Halt"],"picked":"WaveOfTheHand+1","floor":40.0},{"not_picked":["CrushJoints+1","Perseverance+1"],"picked":"EmptyMind+1","floor":45.0},{"not_picked":["PathToVictory+1","Brilliance"],"picked":"Worship+1","floor":47.0},{"not_picked":["Replay:BluntJabs","WreathOfFlame","Halt"],"picked":"SKIP","floor":48},{"not_picked":["EmptyFist","ThirdEye"],"picked":"Wallop","floor":54}],"player_experience":88383,"relics_obtained":[{"floor":6.0,"key":"Ancient Tea Set"},{"floor":9.0,"key":"War Paint"},{"floor":19.0,"key":"Nilry\u0027s Codex"},{"floor":23.0,"key":"Bronze Scales"},{"floor":26.0,"key":"Iron Hammer"},{"floor":28.0,"key":"Mercury Hourglass"},{"floor":40.0,"key":"hubris:GlazedTorus"},{"floor":45.0,"key":"hubris:FunFungus"},{"floor":54,"key":"Kunai"}],"event_choices":[{"damage_healed":0.0,"max_hp_gain":0.0,"max_hp_loss":0.0,"gold_gain":0.0,"event_name":"The Woman in Blue","player_choice":"Bought 3 Potions","floor":2.0,"gold_loss":0.0,"damage_taken":0.0},{"damage_healed":0.0,"max_hp_gain":0.0,"max_hp_loss":0.0,"gold_gain":0.0,"event_name":"Accursed Blacksmith","player_choice":"Rummage","floor":7.0,"gold_loss":0.0,"damage_taken":0.0,"relics_obtained":["WarpedTongs"],"cards_obtained":["Pain"]},{"damage_healed":0.0,"max_hp_gain":0.0,"max_hp_loss":0.0,"gold_gain":0.0,"cards_transformed":["Strike_P"],"event_name":"Transmorgrifier","player_choice":"Transformed","floor":14.0,"gold_loss":0.0,"damage_taken":0.0,"cards_obtained":["FollowUp"]},{"damage_healed":0.0,"max_hp_gain":0.0,"max_hp_loss":0.0,"gold_gain":0.0,"event_name":"Cursed Tome","player_choice":"Obtained Book","floor":19.0,"gold_loss":0.0,"damage_taken":16.0},{"damage_healed":0.0,"max_hp_gain":5.0,"max_hp_loss":0.0,"gold_gain":0.0,"event_name":"Forgotten Altar","player_choice":"Shed Blood","floor":20.0,"gold_loss":0.0,"damage_taken":18.0},{"damage_healed":0.0,"max_hp_gain":0.0,"max_hp_loss":0.0,"gold_gain":0.0,"cards_transformed":["Strike_P","Strike_P"],"event_name":"Drug Dealer","player_choice":"Became Test Subject","floor":21.0,"gold_loss":0.0,"damage_taken":0.0,"cards_obtained":["Sanctity","BattleHymn"]},{"cards_removed":["Strike_P"],"damage_healed":0.0,"max_hp_gain":0.0,"max_hp_loss":0.0,"gold_gain":0.0,"event_name":"Designer","player_choice":"Upgrade and Remove","floor":36.0,"gold_loss":90.0,"damage_taken":0.0,"cards_upgraded":["EmptyFist"]},{"damage_healed":0.0,"max_hp_gain":0.0,"max_hp_loss":0.0,"gold_gain":0.0,"cards_transformed":["DeusExMachina"],"event_name":"Transmorgrifier","player_choice":"Transformed","floor":46.0,"gold_loss":0.0,"damage_taken":0.0,"cards_obtained":["Tantrum"]}],"is_beta":false,"boss_relics":[{"not_picked":["Cursed Key","ChewingGum"],"picked":"Coffee Dripper"},{"not_picked":["Empty Cage","Kintsugi"],"picked":"Replay:Bronze Core"}],"items_purged_floors":[10],"is_endless":false,"potions_floor_spawned":[6,12,16,18,24,25,29,33,35,37,38],"ascension_level":0}}