{"host":"p7j7o00jacnw7qzt","time":1611643846,"event":{"mods":["BaseMod","Colored Map","Colored Powertips","DeckTracker","Highlight Path","Minty Spire (QoL Compilation)","Relic Stats"],"gold_per_floor":[114,114,128,145,157,157,192,192,192,192,21,41,41,41],"floor_reached":13,"language":"ZHS","playtime":585,"items_purged":[],"score":170,"play_id":"aaa1a2aa-627c-4d3d-90cf-6703d5a2013f","local_time":"20210126015046","is_ascension_mode":true,"campfire_choices":[{"data":"Footwork","floor":6.0,"key":"SMITH"},{"floor":8.0,"key":"RECALL"},{"floor":10.0,"key":"REST"}],"circlet_count":0,"master_deck":["AscendersBane","Strike_G+1","Strike_G+1","Strike_G","Strike_G","Strike_G+1","Defend_G","Defend_G","Defend_G","Defend_G","Defend_G","Survivor","Neutralize+1","Footwork+1","Escape Plan","PiercingWail"],"relics":["Runic Pyramid","Whetstone","Singing Bowl","Anchor"],"acts_visited":["Exordium"],"potions_floor_usage":[13],"damage_taken":[{"damage":0.0,"enemies":"Small Slimes","floor":1.0,"turns":5.0},{"damage":0.0,"enemies":"Jaw Worm","floor":3.0,"turns":5.0},{"damage":0.0,"enemies":"Cultist","floor":4.0,"turns":3.0},{"damage":16.0,"enemies":"Exordium Wildlife","floor":5.0,"turns":8.0},{"damage":18.0,"enemies":"3 Sentries","floor":7.0,"turns":18.0},{"damage":0,"enemies":"Red Slaver","floor":12,"turns":4},{"damage":24,"enemies":"Gremlin Nob","floor":13,"turns":3}],"seed_played":"8482076989733766776","potions_obtained":[{"floor":1.0,"key":"Weak Potion"},{"floor":5.0,"key":"GhostInAJar"}],"is_trial":false,"path_per_floor":["M","?","M","M","M","R","E","R","T","R","$","M","E"],"character_chosen":"THE_SILENT","items_purchased":["Anchor"],"campfire_rested":1,"item_purchase_floors":[11],"current_hp_per_floor":[59,39,39,39,23,23,5,5,5,24,24,24,0,0],"gold":41,"neow_bonus":"BOSS_RELIC","is_daily":false,"chose_seed":false,"campfire_upgraded":1,"win_rate":0.0,"timestamp":1611643846,"path_taken":["M","?","M","M","M","R","E","R","T","R","$","M","E"],"items_purchased_type":["Relic"],"build_version":"2020-12-22","purchased_purges":0,"victory":false,"max_hp_per_floor":[66,66,66,66,66,66,66,66,66,66,66,66,66,66],"relic_stats":{"Singing Bowl":0,"counters":[7,46],"Whetstone":["Strike_G","Strike_G"],"obtain_stats":[{"Anchor":11,"Singing Bowl":9,"Whetstone":7,"Ring of the Snake":0,"Runic Pyramid":0},{"Anchor":5,"Singing Bowl":5,"Whetstone":5,"Ring of the Snake":0,"Runic Pyramid":0},{"Anchor":39,"Singing Bowl":39,"Whetstone":39,"Ring of the Snake":0,"Runic Pyramid":0}]},"card_choices":[{"not_picked":["Expertise","Poisoned Stab","Masterful Stab"],"picked":"SKIP","floor":1.0},{"not_picked":["Backflip","Skewer","Cloak And Dagger"],"picked":"SKIP","floor":3.0},{"not_picked":["Prepared","Choke","Cloak And Dagger"],"picked":"SKIP","floor":4.0},{"not_picked":["Deflect","Dagger Throw"],"picked":"Footwork","floor":5.0},{"not_picked":["Prepared","Riddle With Holes"],"picked":"Escape Plan","floor":7.0},{"not_picked":["Acrobatics","All Out Attack"],"picked":"PiercingWail","floor":12}],"player_experience":1050420,"relics_obtained":[{"floor":7.0,"key":"Whetstone"},{"floor":9.0,"key":"Singing Bowl"}],"event_choices":[{"damage_healed":0.0,"max_hp_gain":0.0,"max_hp_loss":0.0,"gold_gain":0.0,"event_name":"Shining Light","player_choice":"Entered Light","floor":2.0,"gold_loss":0.0,"damage_taken":20.0,"cards_upgraded":["Neutralize","Strike_G"]}],"is_beta":false,"boss_relics":[],"items_purged_floors":[],"is_endless":false,"potions_floor_spawned":[1,5],"killed_by":"Gremlin Nob","ascension_level":20}}