{"host":"yvb207ks1sg3cxef","time":1611656555,"event":{"mods":["2.2 Compatiblity","BaseMod","Bestiary","Colored Powertips","Minty Spire (QoL Compilation)","Permanent Neow","Quick Restart","Relic Stats","StSLib"],"gold_per_floor":[18,32,47,47,61,61,95,95,95,121,140,140,140,184,184,305,305,323,341,341,67,90,90,129,29,29,104,135,153,153,172,172,292,292,306,80,103,123,139,182,206,206,206,246,266,266,289,327,327,327,327,327,2,37,37],"floor_reached":56,"language":"ENG","playtime":7475,"items_purged":["Strike_B","Strike_B","Strike_B"],"score":1744,"play_id":"f0d65d42-482c-46f6-b0ec-a32746abe899","local_time":"20210126155235","is_ascension_mode":true,"campfire_choices":[{"data":"Thinking Ahead","floor":6.0,"key":"SMITH"},{"data":"Recycle","floor":8.0,"key":"SMITH"},{"data":"Zap","floor":12.0,"key":"SMITH"},{"data":"Dualcast","floor":15.0,"key":"SMITH"},{"data":"Turbo","floor":23.0,"key":"SMITH"},{"data":"Chill","floor":30,"key":"SMITH"},{"data":"Steam Power","floor":32,"key":"SMITH"},{"data":"Turbo","floor":42,"key":"SMITH"},{"floor":49,"key":"RECALL"},{"data":"1","floor":52,"key":"LIFT"}],"circlet_count":0,"master_deck":["Strike_B","Defend_B","Defend_B","Defend_B","Defend_B","Zap+1","Dualcast+1","Thinking Ahead+1","Streamline","Compile Driver","BootSequence","Chill","Recycle+1","Rebound","Beam Cell","Chill","Fission+1","Defragment","Turbo+1","Go for the Eyes+1","Steam Power+1","Gash","Chill+1","Gash","Turbo","Gash+1","Turbo+1","Madness","Madness","Gash+1"],"relics":["Cracked Core","Sundial","Unceasing Top","FossilizedHelix","Golden Idol","DataDisk","Coffee Dripper","Medical Kit","Bag of Preparation","Question Card","White Beast Statue","Runic Pyramid","Symbiotic Virus","Girya","Ginger","Shuriken","Gremlin Horn"],"acts_visited":["Exordium","TheCity","TheBeyond","TheEnding"],"potions_floor_usage":[33],"damage_taken":[{"damage":0.0,"enemies":"Small Slimes","floor":1.0,"turns":3.0},{"damage":0.0,"enemies":"2 Louse","floor":2.0,"turns":1.0},{"damage":0.0,"enemies":"Cultist","floor":3.0,"turns":3.0},{"damage":0.0,"enemies":"Blue Slaver","floor":5.0,"turns":2.0},{"damage":13.0,"enemies":"3 Sentries","floor":7.0,"turns":10.0},{"damage":22.0,"enemies":"Lagavulin","floor":10.0,"turns":9.0},{"damage":0.0,"enemies":"Exordium Thugs","floor":11.0,"turns":5.0},{"damage":0.0,"enemies":"3 Sentries","floor":14.0,"turns":6.0},{"damage":26.0,"enemies":"Slime Boss","floor":16.0,"turns":10.0},{"damage":1.0,"enemies":"3 Byrds","floor":18.0,"turns":4.0},{"damage":0.0,"enemies":"Chosen","floor":19.0,"turns":4.0},{"damage":0.0,"enemies":"Centurion and Healer","floor":22.0,"turns":3.0},{"damage":0.0,"enemies":"Slavers","floor":24.0,"turns":3.0},{"damage":0.0,"enemies":"Book of Stabbing","floor":28.0,"turns":3.0},{"damage":0.0,"enemies":"Shelled Parasite and Fungi","floor":29.0,"turns":3.0},{"damage":0,"enemies":"Snake Plant","floor":31,"turns":3},{"damage":26,"enemies":"Collector","floor":33,"turns":5},{"damage":0,"enemies":"Orb Walker","floor":35,"turns":2},{"damage":0,"enemies":"3 Shapes","floor":37,"turns":1},{"damage":0,"enemies":"Sphere and 2 Shapes","floor":38,"turns":1},{"damage":0,"enemies":"Transient","floor":39,"turns":5},{"damage":0,"enemies":"Giant Head","floor":40,"turns":1},{"damage":0,"enemies":"3 Darklings","floor":41,"turns":3},{"damage":0,"enemies":"Reptomancer","floor":44,"turns":1},{"damage":0,"enemies":"Writhing Mass","floor":45,"turns":2},{"damage":0,"enemies":"Spire Growth","floor":47,"turns":2},{"damage":0,"enemies":"Nemesis","floor":48,"turns":3},{"damage":0,"enemies":"Donu and Deca","floor":50,"turns":2},{"damage":0,"enemies":"Shield and Spear","floor":54,"turns":1},{"damage":58,"enemies":"The Heart","floor":55,"turns":3}],"seed_played":"-6321638082545587854","potions_obtained":[{"floor":10.0,"key":"PotionOfCapacity"},{"floor":11.0,"key":"LiquidMemories"},{"floor":19.0,"key":"SmokeBomb"},{"floor":33,"key":"Regen Potion"},{"floor":35,"key":"LiquidBronze"},{"floor":48,"key":"LiquidMemories"}],"is_trial":false,"path_per_floor":["M","M","M","?","M","R","E","R","T","E","M","R","?","E","R","B",null,"M","M","?","$","M","R","E","$","T","?","E","M","R","M","R","B",null,"M","$","M","M","M","E","M","R","T","E","M","?","M","E","R","B",null,"R","$","E","B",null],"character_chosen":"DEFECT","items_purchased":["Medical Kit","Turbo","Gash","Turbo","Shuriken","LiquidBronze"],"campfire_rested":0,"item_purchase_floors":[21,21,36,36,53,53],"current_hp_per_floor":[75,75,75,80,80,80,67,67,67,45,45,45,45,45,45,19,74,73,73,73,73,73,73,73,73,73,66,66,66,66,66,66,40,74,74,74,74,74,74,74,74,74,74,74,74,65,65,65,65,65,74,74,74,74,16],"gold":37,"neow_bonus":"RANDOM_COLORLESS_2","is_daily":false,"chose_seed":false,"campfire_upgraded":8,"win_rate":0.0,"timestamp":1611656555,"path_taken":["M","M","M","?","M","R","E","R","T","E","M","R","?","E","R","BOSS","M","M","?","$","?","R","E","$","T","?","E","M","R","M","R","BOSS","M","$","M","M","M","E","M","R","T","E","M","?","M","E","R","BOSS","R","$","E","BOSS"],"items_purchased_type":["Relic","Card","Card","Card","Relic","Potion"],"build_version":"2020-12-22","purchased_purges":3,"victory":true,"max_hp_per_floor":[75,75,75,80,80,80,80,80,80,80,80,80,74,74,74,74,74,74,74,74,74,74,74,74,74,74,74,74,74,74,74,74,74,74,74,74,74,74,74,74,74,74,74,74,74,74,74,74,74,74,74,74,74,74,74],"relic_stats":{"Gremlin Horn":[0,0],"counters":[30,104],"Sundial":[36],"Golden Idol":202,"Shuriken":[16],"Bag of Preparation":[34],"Ginger":[2],"Medical Kit":[94],"Question Card":15,"obtain_stats":[{"Girya":44,"Gremlin Horn":54,"Golden Idol":13,"Bag of Preparation":24,"Ginger":48,"Medical Kit":21,"Question Card":26,"White Beast Statue":28,"DataDisk":14,"Sundial":7,"Shuriken":53,"Coffee Dripper":17,"Cracked Core":0,"Symbiotic Virus":40,"Unceasing Top":9,"FossilizedHelix":10,"Runic Pyramid":34},{"Girya":24,"Gremlin Horn":29,"Golden Idol":7,"Bag of Preparation":13,"Ginger":27,"Medical Kit":11,"Question Card":13,"White Beast Statue":14,"DataDisk":8,"Sundial":5,"Shuriken":28,"Coffee Dripper":9,"Cracked Core":0,"Symbiotic Virus":22,"Unceasing Top":5,"FossilizedHelix":6,"Runic Pyramid":17},{"Girya":91,"Gremlin Horn":101,"Golden Idol":33,"Bag of Preparation":63,"Ginger":98,"Medical Kit":57,"Question Card":63,"White Beast Statue":66,"DataDisk":39,"Sundial":19,"Shuriken":100,"Coffee Dripper":49,"Cracked Core":0,"Symbiotic Virus":87,"Unceasing Top":19,"FossilizedHelix":28,"Runic Pyramid":77}],"Unceasing Top":[654]},"card_choices":[{"not_picked":["Metamorphosis","Chrysalis"],"picked":"Thinking Ahead","floor":0.0},{"not_picked":["Redo","Gash"],"picked":"Streamline","floor":1.0},{"not_picked":["Double Energy","Static Discharge"],"picked":"Compile Driver","floor":2.0},{"not_picked":["Hologram","Steam"],"picked":"BootSequence","floor":3.0},{"not_picked":["Force Field","Compile Driver"],"picked":"Chill","floor":5.0},{"not_picked":["Scrape","Force Field"],"picked":"Recycle","floor":7.0},{"not_picked":["Rebound","Leap","Sweeping Beam"],"picked":"SKIP","floor":10.0},{"not_picked":["Leap","Sweeping Beam"],"picked":"Rebound","floor":10.0},{"not_picked":["Cold Snap","Aggregate"],"picked":"Beam Cell","floor":11.0},{"not_picked":["Undo","Melter"],"picked":"Chill","floor":14.0},{"not_picked":["Core Surge","Buffer"],"picked":"Fission","floor":16.0},{"not_picked":["Undo","Scrape","Compile Driver+1"],"picked":"SKIP","floor":18.0},{"not_picked":["Leap","Cold Snap"],"picked":"Defragment","floor":19.0},{"not_picked":["Ball Lightning+1","Redo"],"picked":"Go for the Eyes+1","floor":22.0},{"not_picked":["Biased Cognition","White Noise"],"picked":"Steam Power","floor":24.0},{"not_picked":["Auto Shields","Coolheaded","Go for the Eyes"],"picked":"Gash","floor":28.0},{"not_picked":["Redo","Coolheaded","Conserve Battery"],"picked":"Chill","floor":29.0},{"not_picked":["Leap","Hello World","Streamline","Undo"],"picked":"SKIP","floor":31},{"not_picked":["Rebound+1","Go for the Eyes","Genetic Algorithm+1","Rip and Tear"],"picked":"SKIP","floor":35},{"not_picked":["Darkness+1","Force Field","Ball Lightning","Go for the Eyes"],"picked":"SKIP","floor":37},{"not_picked":["Glacier","Barrage+1","Rainbow","Coolheaded+1"],"picked":"SKIP","floor":38},{"not_picked":["Glacier","Barrage+1","Rainbow","Coolheaded+1"],"picked":"SKIP","floor":38},{"not_picked":["Compile Driver+1","Leap","Go for the Eyes+1","Beam Cell+1"],"picked":"SKIP","floor":39},{"not_picked":["Coolheaded","Cold Snap+1","Stack+1"],"picked":"Gash+1","floor":40},{"not_picked":["Seek","Beam Cell+1","Recycle+1"],"picked":"Turbo","floor":41},{"not_picked":["Skim","Coolheaded","Leap+1","Blizzard"],"picked":"SKIP","floor":44},{"not_picked":["Scrape","Tempest+1","Chill","Redo+1"],"picked":"SKIP","floor":45},{"not_picked":["BootSequence","Steam+1","Ball Lightning"],"picked":"Gash+1","floor":47},{"not_picked":["Reinforced Body+1","Consume","Self Repair","Compile Driver+1"],"picked":"SKIP","floor":48},{"not_picked":["Hologram","Steam Power+1","Turbo","Go for the Eyes+1"],"picked":"SKIP","floor":54}],"player_experience":468821,"relics_obtained":[{"floor":7.0,"key":"Sundial"},{"floor":9.0,"key":"Unceasing Top"},{"floor":10.0,"key":"FossilizedHelix"},{"floor":14.0,"key":"DataDisk"},{"floor":24.0,"key":"Bag of Preparation"},{"floor":26.0,"key":"Question Card"},{"floor":28.0,"key":"White Beast Statue"},{"floor":40,"key":"Symbiotic Virus"},{"floor":44,"key":"Girya"},{"floor":48,"key":"Ginger"},{"floor":54,"key":"Gremlin Horn"}],"event_choices":[{"damage_healed":0.0,"max_hp_gain":5.0,"max_hp_loss":0.0,"gold_gain":0.0,"event_name":"Big Fish","player_choice":"Donut","floor":4.0,"gold_loss":0.0,"damage_taken":0.0},{"damage_healed":0.0,"max_hp_gain":0.0,"max_hp_loss":6.0,"gold_gain":0.0,"event_name":"Golden Idol","player_choice":"Lose Max HP","floor":13.0,"gold_loss":0.0,"damage_taken":0.0,"relics_obtained":["Golden Idol"]},{"damage_healed":0.0,"max_hp_gain":0.0,"max_hp_loss":0.0,"gold_gain":0.0,"event_name":"Accursed Blacksmith","player_choice":"Forge","floor":20.0,"gold_loss":0.0,"damage_taken":0.0,"cards_upgraded":["Fission"]},{"damage_healed":0.0,"max_hp_gain":0.0,"max_hp_loss":0.0,"gold_gain":75.0,"event_name":"FaceTrader","player_choice":"Touch","floor":27.0,"gold_loss":0.0,"damage_taken":7.0},{"damage_healed":0,"gold_gain":0,"player_choice":"Embrace Madness","damage_taken":9,"max_hp_gain":0,"max_hp_loss":0,"event_name":"Winding Halls","floor":46,"gold_loss":0,"cards_obtained":["Madness","Madness"]}],"is_beta":false,"boss_relics":[{"not_picked":["SacredBark","Fusion Hammer"],"picked":"Coffee Dripper"},{"not_picked":["Calling Bell","Black Star"],"picked":"Runic Pyramid"}],"items_purged_floors":[21,25,36],"is_endless":false,"potions_floor_spawned":[10,11,19,22,29,31,33,35,37,38,39,40,41,44,45,47,48,54],"ascension_level":4}}