{"host":"xkfvvb2eqyo6l3km","time":1611635706,"event":{"mods":["AchievementEnabler","AlwaysNeverKeys","BaseMod","Better Third Choice","BetterRewards","Block Reminder","Card Forge","Colored Map","Colored Powertips","DeckTracker","Energized Spire","Force Act Four","Hubris","Jorbs\u0027s Wanderer Trilogy","Minty Spire (QoL Compilation)","Permanent Neow","Quick Restart","Replay The Spire","Spicy Shops","StSLib","The Blackbeard","The Blue Laboratory","The Cursed","The Disciple","The Hierophant","The Necromancer","The Sage","The Valiant"],"gold_per_floor":[113,150,164,176,20,55,68,78,130,130,130,160,174,199,199,304,304,321,331,331,331,271,31,61,61,61,90,90,103,17,46,46,146,146,156,174,174,192,210,235,251,251,251,251,276,290,8,25,25,25,25,25,25,57,57],"floor_reached":56,"language":"ENG","playtime":2491,"items_purged":["blackbeard:BlackbeardStrike","blackbeard:BlackbeardDefend"],"score":1214,"play_id":"e3396717-8254-464e-a6f8-61d2058331ad","local_time":"20210126023506","is_ascension_mode":false,"campfire_choices":[{"floor":11.0,"key":"REST"},{"floor":15.0,"key":"REST"},{"data":"blackbeard:InfiniteBarrage","floor":28.0,"key":"SMITH"},{"data":"blackbeard:Cutlass","floor":32.0,"key":"SMITH"},{"floor":42,"key":"REST"},{"data":"blackbeard:BlackbeardStrike","floor":49,"key":"PURGE"},{"data":"Panacea","floor":52,"key":"SMITH"}],"circlet_count":0,"master_deck":["blackbeard:BlackbeardStrike","blackbeard:BlackbeardStrike","blackbeard:IntimidatingStrike","blackbeard:BlackbeardDefend","blackbeard:BlackbeardDefend","blackbeard:Cutlass+1","blackbeard:RearmingStrike","blackbeard:Dagger","blackbeard:AgileStrike","blackbeard:Upgrade+1","blackbeard:TacticalRetreat","blackbeard:Sword","blackbeard:Shrapnel","blackbeard:Spear","blackbeard:DoubleBottom+1","blackbeard:CloakAndCannonball","blackbeard:InfiniteBarrage+1","blackbeard:DoubleCannonball","blackbeard:BeatUp","blackbeard:Anchor+1","blackbeard:WiseDefense","blackbeard:CatONineTails+1","blackbeard:Dagger","blackbeard:FieryDefense","hubris:DuctTapeCard+2","blackbeard:Fencing+1","blackbeard:Shrapnel","blackbeard:Spear+1","blackbeard:BoostMorale","blackbeard:DoubleBottom+1","Panacea+1","blackbeard:CannonBarrage","blackbeard:Sharpening+1","blackbeard:BeatUp","blackbeard:BeatUp"],"relics":["blackbeard:LoadTheCannons","Hammer of Thor","Seething Fire","Anvil of the Gods","ClockworkSouvenir","hubris:TenFootPole","Torii","Simple Rune","blackbeard:CrossedSwords","Vajra","Art of War","Ancient Tea Set","Du-Vu Doll","Cursed Key","PreservedInsect","hubris:DuctTape","hubris:64BitClover","Huge Egg","blackbeard:Penknife","blackbeard:Spearhead","blackbeard:Karategi","hubris:Towel","Durian","Bronze Scales","Oddly Smooth Stone","Thread and Needle","Anchor","Pantograph"],"acts_visited":["Exordium","TheCity","TheBeyond","TheEnding"],"potions_floor_usage":[54,55,55],"damage_taken":[{"damage":0.0,"enemies":"Cultist","floor":1.0,"turns":2.0},{"damage":1.0,"enemies":"Jaw Worm","floor":3.0,"turns":2.0},{"damage":0.0,"enemies":"Small Slimes","floor":4.0,"turns":2.0},{"damage":20.0,"enemies":"3 Sentries","floor":6.0,"turns":7.0},{"damage":1.0,"enemies":"Exordium Thugs","floor":7.0,"turns":3.0},{"damage":2.0,"enemies":"Blue Slaver","floor":8.0,"turns":3.0},{"damage":18.0,"enemies":"Lagavulin","floor":12.0,"turns":3.0},{"damage":1.0,"enemies":"Exordium Wildlife","floor":13.0,"turns":3.0},{"damage":0.0,"enemies":"Gremlin Nob","floor":14.0,"turns":3.0},{"damage":17.0,"enemies":"Fading Forest","floor":16.0,"turns":11.0},{"damage":6.0,"enemies":"Shell Parasite","floor":18.0,"turns":4.0},{"damage":0.0,"enemies":"Chosen","floor":19.0,"turns":1.0},{"damage":2.0,"enemies":"Replay:Snechameleon","floor":24.0,"turns":4.0},{"damage":1.0,"enemies":"Slavers","floor":27.0,"turns":2.0},{"damage":0.0,"enemies":"3 Cultists","floor":29.0,"turns":4.0},{"damage":1.0,"enemies":"Centurion and Healer","floor":30.0,"turns":4.0},{"damage":0.0,"enemies":"Replay:Snechameleon","floor":31.0,"turns":4.0},{"damage":32.0,"enemies":"Collector","floor":33.0,"turns":7.0},{"damage":1,"enemies":"Orb Walker","floor":35,"turns":2},{"damage":15,"enemies":"3 Shapes","floor":36,"turns":3},{"damage":12,"enemies":"Spire Growth","floor":38,"turns":4},{"damage":9,"enemies":"3 Darklings","floor":39,"turns":4},{"damage":1,"enemies":"R_Hoarder","floor":40,"turns":4},{"damage":10,"enemies":"Jaw Worm Horde","floor":41,"turns":3},{"damage":1,"enemies":"Reptomancer","floor":45,"turns":4},{"damage":0,"enemies":"Maw","floor":46,"turns":5},{"damage":1,"enemies":"Spire Growth","floor":48,"turns":3},{"damage":42,"enemies":"Replay:Hell Engine","floor":50,"turns":7},{"damage":55,"enemies":"Shield and Spear","floor":54,"turns":5},{"damage":55,"enemies":"The Heart","floor":55,"turns":7}],"seed_played":"8714516445999273185","potions_obtained":[{"floor":2.0,"key":"blueLaboratory:BubblePotion"},{"floor":2.0,"key":"SteroidPotion"},{"floor":2.0,"key":"blueLaboratory:CorrosionFlask"},{"floor":12.0,"key":"LiquidMemories"},{"floor":16.0,"key":"AttackPotion"},{"floor":24.0,"key":"blackbeard:RumPotion"},{"floor":29.0,"key":"blueLaboratory:FruitPreserves"},{"floor":38,"key":"Energy Potion"},{"floor":54,"key":"Block Potion"}],"is_trial":false,"path_per_floor":["M","?","M","M","$","E","M","M","T","?","R","E","M","E","R","B",null,"M","M","?","T","?","$","E","$","T","E","R","M","M","E","R","B",null,"M","M","?","M","M","E","M","R","T","?","E","M","$","M","R_BF","B",null,"R","$","E","B",null],"character_chosen":"BLACKBEARD_CLASS","items_purchased":["blackbeard:WeaponProficiency","blackbeard:RearmingStrike","ClockworkSouvenir","hubris:TenFootPole","Simple Rune","blackbeard:CrossedSwords","hubris:DuctTape","Anchor","blackbeard:BeatUp"],"campfire_rested":3,"item_purchase_floors":[0,0,0,0,0,5,23,47,47],"current_hp_per_floor":[40,31,30,30,30,10,9,7,7,7,29,11,10,10,32,25,75,69,69,69,69,69,69,67,67,67,66,66,66,65,65,65,33,75,74,59,59,47,43,42,32,56,56,56,55,55,55,54,54,12,80,80,80,40,10],"gold":57,"neow_bonus":"","is_daily":false,"chose_seed":false,"campfire_upgraded":3,"win_rate":0.0,"timestamp":1611635706,"path_taken":["M","?","M","M","$","E","M","M","T","?","R","E","?","E","R","BOSS","M","M","?","?","?","$","E","$","T","E","R","M","?","E","R","BOSS","M","M","?","M","M","E","M","R","T","?","E","M","$","M","R_BF","BOSS","R","$","E","BOSS"],"items_purchased_type":["Card","Card","Relic","Relic","Relic","Relic","Relic","Relic","Card"],"build_version":"2020-12-22","purchased_purges":2,"victory":true,"max_hp_per_floor":[75,75,75,75,75,75,75,75,75,75,75,75,75,75,75,75,75,75,75,75,75,75,75,75,75,75,75,75,75,75,75,75,75,75,75,75,75,75,80,80,80,80,80,80,80,80,80,80,80,80,80,80,80,80,80],"card_choices":[{"not_picked":["blackbeard:Eyepatch","blackbeard:TerrorOfTheSeas"],"picked":"blackbeard:Dagger","floor":1.0},{"not_picked":["blackbeard:GoldenStrike","blackbeard:BlindAttacks"],"picked":"blackbeard:AgileStrike","floor":2.0},{"not_picked":["blackbeard:CloakAndCannonball","blackbeard:WeaponProficiency"],"picked":"blackbeard:Upgrade","floor":3.0},{"not_picked":["blackbeard:PirateHook","blackbeard:Sharpening"],"picked":"blackbeard:TacticalRetreat","floor":4.0},{"not_picked":["blackbeard:BeatUp","blackbeard:ArmorUp"],"picked":"blackbeard:Sword","floor":6.0},{"not_picked":["blackbeard:Sword","blackbeard:BeatUp"],"picked":"blackbeard:Shrapnel","floor":7.0},{"not_picked":["blackbeard:VengefulSpirit","blackbeard:PiratesWill"],"picked":"blackbeard:Spear","floor":8.0},{"not_picked":["blackbeard:TacticalRetreat","blackbeard:FieryDefense"],"picked":"blackbeard:DoubleBottom","floor":12.0},{"not_picked":["blackbeard:BlindAttacks","blackbeard:WiseDefense"],"picked":"blackbeard:CloakAndCannonball","floor":13.0},{"not_picked":["blackbeard:Revenge","blackbeard:DeadlyArsenal"],"picked":"blackbeard:InfiniteBarrage","floor":14.0},{"not_picked":["blackbeard:HumongousCannonball","blackbeard:GoldenGuillotine"],"picked":"blackbeard:CaptainsHat","floor":16.0},{"not_picked":["blackbeard:Sword","blackbeard:GoldenDefense"],"picked":"blackbeard:DoubleCannonball","floor":18.0},{"not_picked":["blackbeard:GoldenStrike","blackbeard:JollyRoger"],"picked":"blackbeard:BeatUp","floor":19.0},{"not_picked":["blackbeard:TerrorOfTheSeas+1","blackbeard:Shrapnel"],"picked":"blackbeard:Anchor+1","floor":24.0},{"not_picked":["blackbeard:Sharpening","blackbeard:BountyHunter"],"picked":"blackbeard:WiseDefense","floor":27.0},{"not_picked":["blackbeard:Shrapnel","blackbeard:SmithingHammer"],"picked":"blackbeard:CatONineTails+1","floor":29.0},{"not_picked":["blackbeard:BuriedTreasure+1","blackbeard:RearmingStrike"],"picked":"blackbeard:Dagger","floor":30.0},{"not_picked":["blackbeard:DeadlyArsenal","blackbeard:SmithingHammer"],"picked":"blackbeard:FieryDefense","floor":31.0},{"not_picked":["blackbeard:SmithingHammer+1","blackbeard:GoldenStrike+1"],"picked":"blackbeard:Fencing","floor":35},{"not_picked":["blackbeard:GoldenStrike+1","blackbeard:TacticalRetreat"],"picked":"blackbeard:Shrapnel","floor":36},{"not_picked":["blackbeard:PirateEarring","blackbeard:CannonBarrage+1"],"picked":"blackbeard:Spear+1","floor":38},{"not_picked":["blackbeard:PiratesWill+1","blackbeard:SwordDance"],"picked":"blackbeard:BoostMorale","floor":39},{"not_picked":["blackbeard:Toast","blackbeard:FieryDefense"],"picked":"blackbeard:DoubleBottom","floor":40},{"not_picked":["blackbeard:CatONineTails","blackbeard:VengefulSpirit","blackbeard:Dagger+1"],"picked":"SKIP","floor":41},{"not_picked":["Bandage Up","hubris:Insight"],"picked":"Panacea","floor":44},{"not_picked":["blackbeard:Revenge+1","blackbeard:BuriedTreasure"],"picked":"blackbeard:CannonBarrage","floor":45},{"not_picked":["blackbeard:CloakAndCannonball","blackbeard:DeadlyArsenal"],"picked":"blackbeard:Sharpening+1","floor":46},{"not_picked":["blackbeard:GoldenCannonball+1","blackbeard:Eyepatch","blackbeard:DoubleCannonball"],"picked":"SKIP","floor":48},{"not_picked":["blackbeard:Sharpening+1","blackbeard:RearmingStrike","blackbeard:Toast+1"],"picked":"SKIP","floor":54}],"player_experience":287955,"relics_obtained":[{"floor":6.0,"key":"Vajra"},{"floor":9.0,"key":"Art of War"},{"floor":12.0,"key":"Ancient Tea Set"},{"floor":14.0,"key":"Du-Vu Doll"},{"floor":21.0,"key":"PreservedInsect"},{"floor":24.0,"key":"hubris:64BitClover"},{"floor":26.0,"key":"Huge Egg"},{"floor":27.0,"key":"blackbeard:Penknife"},{"floor":31.0,"key":"blackbeard:Spearhead"},{"floor":39,"key":"Durian"},{"floor":40,"key":"Bronze Scales"},{"floor":43,"key":"Oddly Smooth Stone"},{"floor":45,"key":"Thread and Needle"},{"floor":54,"key":"Pantograph"}],"event_choices":[{"damage_healed":0.0,"max_hp_gain":0.0,"max_hp_loss":0.0,"gold_gain":0.0,"event_name":"Upgrade Shrine","player_choice":"Upgraded","floor":10.0,"gold_loss":0.0,"damage_taken":0.0,"cards_upgraded":["blackbeard:WeaponProficiency"]},{"damage_healed":0.0,"max_hp_gain":0.0,"max_hp_loss":0.0,"gold_gain":0.0,"event_name":"Ghosts","player_choice":"Ignored","floor":20.0,"gold_loss":0.0,"damage_taken":0.0},{"damage_healed":0,"gold_gain":0,"player_choice":"Memory 1","damage_taken":0,"max_hp_gain":0,"max_hp_loss":0,"event_name":"SensoryStone","floor":44,"gold_loss":0}],"is_beta":false,"boss_relics":[{"not_picked":["Busted Crown","hubris:GrandSneckoEye"],"picked":"Cursed Key"},{"not_picked":["Circlet","Painkiller Herb"],"picked":"blackbeard:Karategi"}],"items_purged_floors":[0,47],"is_endless":false,"potions_floor_spawned":[4,7,12,16,24,29,30,31,38,40,41,45,46,54],"ascension_level":0}}