{"host":"s2ap0bnrs90y0f0j","time":1611620974,"event":{"mods":["BaseMod","Minty Spire (QoL Compilation)","StSLib","TheBandit"],"gold_per_floor":[118,118,131,150,120,120,135,155,203,203,219,219,219,248,248,350,350,361,276,300,239,258,258,298,298,298,332,358,386,402,472,472,580,580,591,614,677,677,588,588,632,632,632,632,673,701,701,738,738,738,738,738],"floor_reached":50,"language":"ENG","playtime":27045,"items_purged":["wariomod:Defend"],"score":797,"play_id":"edd63835-ccab-498e-b8a5-fa2a160dcc19","local_time":"20210125192934","is_ascension_mode":true,"campfire_choices":[{"data":"wariomod:ChargeForth","floor":6.0,"key":"SMITH"},{"data":"wariomod:Step","floor":10.0,"key":"SMITH"},{"data":"wariomod:GodlyGift","floor":12.0,"key":"SMITH"},{"data":"wariomod:DropBash","floor":15.0,"key":"SMITH"},{"data":"wariomod:MassiveParty","floor":23.0,"key":"SMITH"},{"data":"wariomod:Bombshield","floor":25.0,"key":"SMITH"},{"data":"wariomod:Game","floor":32.0,"key":"SMITH"},{"data":"wariomod:MassiveParty","floor":40.0,"key":"SMITH"},{"data":"wariomod:Bombshield","floor":42.0,"key":"SMITH"},{"data":"wariomod:Purify","floor":49,"key":"SMITH"}],"circlet_count":0,"master_deck":["wariomod:Strike","wariomod:Strike","wariomod:Strike+1","wariomod:Defend","wariomod:Defend","wariomod:Step+1","wariomod:Leap","wariomod:ChargeForth+1","wariomod:Game+1","wariomod:DropBash+1","wariomod:DoubleDip+1","wariomod:GodlyGift+1","wariomod:BodyBlock","wariomod:MassiveParty+1","wariomod:Bombshield+1","wariomod:DanceDash+1","wariomod:Bombshield+1","wariomod:OctoJump","wariomod:Leapslam+1","wariomod:Purify+1","wariomod:MassiveParty+1","wariomod:Hopshield+1","wariomod:SilenceBombs+1","wariomod:Boomsmack","wariomod:Bombtime+1","wariomod:Purify+1","wariomod:WipeClean+1","wariomod:EndlessBlast+1"],"relics":["wariomod:SuperHat","NeowsBlessing","Whetstone","Meat on the Bone","Coffee Dripper","Tiny Chest","CeramicFish","Matryoshka","Shuriken","Orichalcum","StrikeDummy","Lantern","Boot","Blue Candle","Pocketwatch","Regal Pillow","Ornamental Fan","Gremlin Horn","Toxic Egg 2","Blood Vial"],"acts_visited":["Exordium","TheCity","TheBeyond"],"potions_floor_usage":[45,45,45],"damage_taken":[{"damage":0.0,"enemies":"Small Slimes","floor":1.0,"turns":1.0},{"damage":0.0,"enemies":"Cultist","floor":3.0,"turns":1.0},{"damage":0.0,"enemies":"2 Louse","floor":4.0,"turns":1.0},{"damage":12.0,"enemies":"Exordium Thugs","floor":7.0,"turns":3.0},{"damage":10.0,"enemies":"3 Louse","floor":8.0,"turns":2.0},{"damage":0.0,"enemies":"Red Slaver","floor":11.0,"turns":1.0},{"damage":0.0,"enemies":"3 Sentries","floor":14.0,"turns":3.0},{"damage":56.0,"enemies":"The Guardian","floor":16.0,"turns":10.0},{"damage":14.0,"enemies":"2 Thieves","floor":18.0,"turns":3.0},{"damage":22.0,"enemies":"Spheric Guardian","floor":22.0,"turns":4.0},{"damage":0.0,"enemies":"Gremlin Leader","floor":24.0,"turns":4.0},{"damage":3.0,"enemies":"Slavers","floor":27.0,"turns":2.0},{"damage":26.0,"enemies":"Shelled Parasite and Fungi","floor":28.0,"turns":4.0},{"damage":0.0,"enemies":"Snake Plant","floor":29.0,"turns":2.0},{"damage":0.0,"enemies":"Centurion and Healer","floor":30.0,"turns":4.0},{"damage":50.0,"enemies":"Champ","floor":33.0,"turns":10.0},{"damage":9.0,"enemies":"3 Shapes","floor":35.0,"turns":2.0},{"damage":25.0,"enemies":"3 Darklings","floor":36.0,"turns":4.0},{"damage":25.0,"enemies":"2 Orb Walkers","floor":37.0,"turns":4.0},{"damage":29.0,"enemies":"Nemesis","floor":41.0,"turns":7.0},{"damage":15,"enemies":"Giant Head","floor":45,"turns":7},{"damage":10,"enemies":"Maw","floor":46,"turns":6},{"damage":0,"enemies":"Reptomancer","floor":48,"turns":5},{"damage":39,"enemies":"Time Eater","floor":50,"turns":6}],"seed_played":"-7740793327795865507","potions_obtained":[{"floor":1.0,"key":"EssenceOfSteel"},{"floor":3.0,"key":"LiquidMemories"},{"floor":5.0,"key":"EntropicBrew"},{"floor":5.0,"key":"Regen Potion"},{"floor":24.0,"key":"Fire Potion"},{"floor":28.0,"key":"LiquidMemories"},{"floor":33.0,"key":"AttackPotion"},{"floor":37.0,"key":"Dexterity Potion"},{"floor":41.0,"key":"DistilledChaos"}],"is_trial":false,"path_per_floor":["M","?","M","M","?","R","M","M","T","R","M","R","?","E","R","B",null,"M","?","T","?","M","R","E","R","T","E","M","M","M","T","R","B",null,"M","M","?","?","$","R","E","R","T","T","E","M","?","E","R","B"],"character_chosen":"THE_BANDIT","items_purchased":["wariomod:Boomsmack"],"campfire_rested":0,"item_purchase_floors":[39],"current_hp_per_floor":[80,80,80,80,80,80,68,58,58,58,58,58,58,67,67,23,80,66,66,66,66,44,44,44,44,44,41,27,39,51,51,51,13,80,71,46,33,33,33,33,16,16,16,16,13,15,15,27,27,0,0,0],"gold":738,"neow_bonus":"THREE_ENEMY_KILL","is_daily":false,"chose_seed":false,"campfire_upgraded":10,"win_rate":0.0,"timestamp":1611620974,"path_taken":["M","?","M","?","?","R","M","?","T","R","?","R","?","E","R","BOSS","M","?","?","?","M","R","E","R","T","E","M","M","?","?","R","BOSS","M","M","?","?","?","R","E","R","T","?","E","M","?","E","R","BOSS"],"items_purchased_type":["Card"],"build_version":"2020-12-22","purchased_purges":1,"victory":false,"max_hp_per_floor":[80,80,80,80,80,80,80,80,80,80,80,80,80,80,80,80,80,80,80,80,80,80,80,80,80,80,80,80,80,80,80,80,80,80,80,80,80,76,76,76,76,76,76,76,76,76,76,76,76,76,76,76],"card_choices":[{"not_picked":["wariomod:NullJump","wariomod:AwfulLook"],"picked":"wariomod:ChargeForth","floor":1.0},{"not_picked":["wariomod:Goblast","wariomod:ChargeForth"],"picked":"wariomod:Game","floor":3.0},{"not_picked":["wariomod:ThatsNotAll","wariomod:PayItForwards","wariomod:TheGrandJourney"],"picked":"SKIP","floor":4.0},{"not_picked":["wariomod:NullJump","wariomod:Game"],"picked":"wariomod:DropBash","floor":7.0},{"not_picked":["wariomod:DanceDash","wariomod:Boomsmack"],"picked":"wariomod:DoubleDip","floor":8.0},{"not_picked":["wariomod:DanceDash","wariomod:GreaterGuard"],"picked":"wariomod:GodlyGift","floor":11.0},{"not_picked":["wariomod:GreaterGuard","wariomod:Goblast"],"picked":"wariomod:BodyBlock","floor":14.0},{"not_picked":["wariomod:KeyFinisher","wariomod:GoAgain"],"picked":"wariomod:MassiveParty","floor":16.0},{"not_picked":["wariomod:Goblast","wariomod:BodyBlock"],"picked":"wariomod:Bombshield","floor":18.0},{"not_picked":["wariomod:DeepDig","wariomod:Game"],"picked":"wariomod:DanceDash+1","floor":22.0},{"not_picked":["wariomod:TempestBlasts","wariomod:f+1"],"picked":"wariomod:Bombshield","floor":24.0},{"not_picked":["wariomod:BlastDash","wariomod:PoisonBombs"],"picked":"wariomod:OctoJump","floor":27.0},{"not_picked":["wariomod:OctoJump","wariomod:ThatsNotAll"],"picked":"wariomod:Leapslam+1","floor":28.0},{"not_picked":["wariomod:SmackSlam","wariomod:BodyBlock"],"picked":"wariomod:Purify","floor":29.0},{"not_picked":["wariomod:SmackSlam","wariomod:BodyBlock","wariomod:DeepDig"],"picked":"SKIP","floor":30.0},{"not_picked":["wariomod:VeryLongJump","wariomod:GoAgain"],"picked":"wariomod:MassiveParty","floor":33.0},{"not_picked":["wariomod:TreasureDig","wariomod:Goblast+1","wariomod:BigUpgrade+1"],"picked":"SKIP","floor":35.0},{"not_picked":["wariomod:Boomsmack+1","wariomod:BodyBlock"],"picked":"wariomod:Hopshield+1","floor":36.0},{"not_picked":["wariomod:BigUpgrade+1","wariomod:Game"],"picked":"wariomod:SilenceBombs+1","floor":37.0},{"not_picked":["wariomod:DiceyMove+1","wariomod:Leapslam+1"],"picked":"wariomod:Bombtime+1","floor":41.0},{"not_picked":["wariomod:Game","wariomod:ChargeForth+1"],"picked":"wariomod:Purify+1","floor":45},{"not_picked":["wariomod:DamnedStrength+1","wariomod:BumRush+1"],"picked":"wariomod:WipeClean+1","floor":46},{"not_picked":["wariomod:Smackflip+1","wariomod:Immortalize+1"],"picked":"wariomod:EndlessBlast+1","floor":48}],"player_experience":495726,"relics_obtained":[{"floor":9.0,"key":"Whetstone"},{"floor":14.0,"key":"Meat on the Bone"},{"floor":20.0,"key":"CeramicFish"},{"floor":24.0,"key":"Shuriken"},{"floor":26.0,"key":"Orichalcum"},{"floor":26.0,"key":"StrikeDummy"},{"floor":27.0,"key":"Lantern"},{"floor":31.0,"key":"Boot"},{"floor":31.0,"key":"Blue Candle"},{"floor":37.0,"key":"Pocketwatch"},{"floor":41.0,"key":"Regal Pillow"},{"floor":43.0,"key":"Ornamental Fan"},{"floor":44.0,"key":"Gremlin Horn"},{"floor":45,"key":"Toxic Egg 2"},{"floor":48,"key":"Blood Vial"}],"event_choices":[{"cards_removed":["wariomod:Defend"],"damage_healed":0.0,"max_hp_gain":0.0,"max_hp_loss":0.0,"gold_gain":0.0,"event_name":"Bonfire Elementals","player_choice":"Offered Basic","floor":2.0,"gold_loss":0.0,"damage_taken":0.0},{"damage_healed":0.0,"max_hp_gain":0.0,"max_hp_loss":0.0,"gold_gain":0.0,"event_name":"The Woman in Blue","player_choice":"Bought 2 Potions","floor":5.0,"gold_loss":0.0,"damage_taken":0.0},{"cards_removed":["wariomod:Strike"],"damage_healed":0.0,"max_hp_gain":0.0,"max_hp_loss":0.0,"gold_gain":0.0,"event_name":"Living Wall","player_choice":"Forget","floor":13.0,"gold_loss":0.0,"damage_taken":0.0},{"damage_healed":0.0,"max_hp_gain":0.0,"max_hp_loss":0.0,"gold_gain":0.0,"event_name":"Addict","player_choice":"Obtained Relic","floor":19.0,"gold_loss":85.0,"damage_taken":0.0,"relics_obtained":["Tiny Chest"]},{"damage_healed":0.0,"max_hp_gain":0.0,"max_hp_loss":0.0,"gold_gain":0.0,"event_name":"WeMeetAgain","player_choice":"Paid Gold","floor":21.0,"gold_loss":61.0,"damage_taken":0.0,"relics_obtained":["Matryoshka"]},{"damage_healed":0.0,"max_hp_gain":0.0,"max_hp_loss":0.0,"gold_gain":0.0,"event_name":"Mysterious Sphere","player_choice":"Fight","floor":37.0,"gold_loss":0.0,"damage_taken":0.0},{"damage_healed":0.0,"max_hp_gain":0.0,"max_hp_loss":4.0,"gold_gain":0.0,"event_name":"Winding Halls","player_choice":"Max HP","floor":38.0,"gold_loss":0.0,"damage_taken":0.0},{"damage_healed":0,"gold_gain":0,"player_choice":"Memory 1","damage_taken":0,"max_hp_gain":0,"max_hp_loss":0,"event_name":"SensoryStone","floor":47,"gold_loss":0}],"is_beta":false,"boss_relics":[{"not_picked":["Busted Crown","Calling Bell"],"picked":"Coffee Dripper"},{"not_picked":["Pandora\u0027s Box","Snecko Eye"],"picked":"wariomod:SuperHat"}],"items_purged_floors":[39],"is_endless":false,"potions_floor_spawned":[1,3,16,24,28,33,37,41],"killed_by":"Time Eater","ascension_level":4}}