{"host":"s3s7xsmblwiz356v","time":1611684054,"event":{"mods":["AchievementEnabler","BaseMod","Block Reminder","Colored Map","Colored Powertips","Minty Spire (QoL Compilation)"],"gold_per_floor":[116,129,129,139,157,183,183,217,217,217,89,89,120,120,120,191,191,203,203,203,203,223,223,252,252,252,149,49,82,82,115,115,186,186,205,1204,483,483,493,522,539,557,557,569,581,624,273,273,273,273,273,273,6,32,32,32],"floor_reached":55,"language":"ENG","playtime":4246,"items_purged":["Normality","Shame","Normality","Doubt"],"score":1617,"play_id":"5fbc30b8-3791-4a47-acc2-7930df47ecdd","local_time":"20210126130054","is_ascension_mode":true,"campfire_choices":[{"data":"Blade Dance","floor":12,"key":"SMITH"},{"floor":15,"key":"REST"},{"data":"After Image","floor":23,"key":"SMITH"},{"data":"Footwork","floor":25,"key":"SMITH"},{"data":"Storm of Steel","floor":30,"key":"SMITH"},{"data":"Neutralize","floor":32,"key":"SMITH"},{"floor":45,"key":"RECALL"},{"data":"Finisher","floor":49,"key":"SMITH"},{"data":"Envenom","floor":52,"key":"SMITH"}],"circlet_count":0,"master_deck":["AscendersBane","Defend_G","Defend_G+1","Defend_G","Defend_G+1","Defend_G","Survivor","Neutralize+1","Backflip","Footwork+1","Dagger Spray","Backstab","Envenom+1","Blade Dance+1","After Image+1","Blade Dance","Storm of Steel+1","Bite","Bite","Bite","Bite","Blade Dance","Backflip","Noxious Fumes","Blade Dance","Blade Dance","A Thousand Cuts+1","Escape Plan","Well Laid Plans+1","Cloak And Dagger","PiercingWail","Finisher+1","Finesse","Accuracy+1"],"relics":["Cursed Key","Singing Bowl","Paper Crane","Mercury Hourglass","Anchor","Juzu Bracelet","Spirit Poop","WristBlade","Bag of Marbles","Matryoshka","Frozen Egg 2","War Paint","Darkstone Periapt","Bottled Flame","Empty Cage","Frozen Eye","Potion Belt","Vajra","MawBank","Pocketwatch","Lee\u0027s Waffle","Sundial"],"acts_visited":["Exordium","TheCity","TheBeyond","TheEnding"],"potions_floor_usage":[6,8,10,24,33,33,41,44,46,46,54,55],"damage_taken":[{"damage":0,"enemies":"2 Louse","floor":1,"turns":3},{"damage":2,"enemies":"Jaw Worm","floor":2,"turns":6},{"damage":0,"enemies":"Cultist","floor":4,"turns":4},{"damage":1,"enemies":"Looter","floor":5,"turns":5},{"damage":29,"enemies":"Lagavulin","floor":6,"turns":8},{"damage":5,"enemies":"3 Sentries","floor":8,"turns":5},{"damage":0,"enemies":"Lagavulin","floor":10,"turns":3},{"damage":18,"enemies":"3 Sentries","floor":13,"turns":7},{"damage":20,"enemies":"The Guardian","floor":16,"turns":11},{"damage":0,"enemies":"Chosen","floor":18,"turns":3},{"damage":0,"enemies":"Spheric Guardian","floor":22,"turns":2},{"damage":0,"enemies":"Book of Stabbing","floor":24,"turns":4},{"damage":0,"enemies":"Gremlin Leader","floor":29,"turns":5},{"damage":3,"enemies":"Slavers","floor":31,"turns":4},{"damage":0,"enemies":"Automaton","floor":33,"turns":6},{"damage":0,"enemies":"3 Darklings","floor":35,"turns":4},{"damage":0,"enemies":"3 Shapes","floor":39,"turns":2},{"damage":28,"enemies":"Giant Head","floor":40,"turns":8},{"damage":0,"enemies":"Spire Growth","floor":41,"turns":3},{"damage":1,"enemies":"4 Shapes","floor":42,"turns":7},{"damage":0,"enemies":"Jaw Worm Horde","floor":44,"turns":1},{"damage":26,"enemies":"Reptomancer","floor":46,"turns":7},{"damage":74,"enemies":"Donu and Deca","floor":50,"turns":10},{"damage":29,"enemies":"Shield and Spear","floor":54,"turns":8},{"damage":46,"enemies":"The Heart","floor":55,"turns":3}],"seed_played":"-1775957762992832182","potions_obtained":[{"floor":2,"key":"SmokeBomb"},{"floor":4,"key":"Explosive Potion"},{"floor":6,"key":"LiquidMemories"},{"floor":16,"key":"Energy Potion"},{"floor":18,"key":"PowerPotion"},{"floor":29,"key":"SkillPotion"},{"floor":31,"key":"Strength Potion"},{"floor":39,"key":"Ancient Potion"},{"floor":40,"key":"SmokeBomb"},{"floor":41,"key":"PowerPotion"}],"is_trial":false,"path_per_floor":["M","M","?","M","M","E","T","E","T","E","$","R","E","?","R","B",null,"M","?","?","T","M","R","E","R","T","$","$","E","R","E","R","B",null,"M","?","$","?","M","E","M","M","T","M","R","E","$","?","R","B",null,"R","$","E","B"],"character_chosen":"THE_SILENT","items_purchased":["After Image","FearPotion","Blade Dance","Frozen Eye","Well Laid Plans+1","DuplicationPotion","Potion Belt","FearPotion","Cloak And Dagger","Finisher","Lee\u0027s Waffle","Finesse","DistilledChaos","DuplicationPotion"],"campfire_rested":1,"item_purchase_floors":[11,11,27,37,37,37,37,37,37,47,47,53,53,53],"current_hp_per_floor":[59,57,57,57,56,27,27,22,22,22,22,22,4,4,23,3,50,52,47,47,47,47,47,47,47,47,47,47,47,47,49,49,49,46,46,58,58,58,60,38,38,51,57,57,57,41,79,79,79,15,63,63,63,40,0,0],"gold":32,"neow_bonus":"BOSS_RELIC","is_daily":false,"chose_seed":false,"campfire_upgraded":7,"win_rate":0.0,"timestamp":1611684054,"path_taken":["M","M","?","M","M","E","?","E","T","E","?","R","E","?","R","BOSS","M","?","?","?","M","R","E","R","T","?","$","E","R","E","R","BOSS","M","?","$","?","M","E","M","M","T","M","R","E","$","?","R","BOSS","R","$","E","BOSS"],"items_purchased_type":["Card","Potion","Card","Relic","Card","Potion","Relic","Potion","Card","Card","Relic","Card","Potion","Potion"],"build_version":"2020-12-22","purchased_purges":4,"victory":false,"max_hp_per_floor":[66,66,66,66,66,66,66,66,66,66,66,66,66,66,66,66,66,68,47,47,47,47,47,47,47,47,47,47,47,47,49,49,49,46,46,58,58,58,60,62,62,64,70,70,70,72,79,79,79,79,79,79,79,79,79,79],"card_choices":[{"not_picked":["Flying Knee","Sucker Punch"],"picked":"Backflip","floor":1},{"not_picked":["Dodge and Roll","Prepared"],"picked":"Footwork","floor":2},{"not_picked":["Outmaneuver","Backflip"],"picked":"Dagger Spray","floor":4},{"not_picked":["Heel Hook","Acrobatics"],"picked":"Backstab","floor":5},{"not_picked":["Dagger Spray","Flying Knee"],"picked":"Envenom","floor":6},{"not_picked":["Dodge and Roll","Backflip"],"picked":"Blade Dance","floor":8},{"not_picked":["Escape Plan","Underhanded Strike"],"picked":"Blade Dance","floor":13},{"not_picked":["Grand Finale","Unload"],"picked":"Storm of Steel","floor":16},{"not_picked":["Bane","Slice","Flechettes"],"picked":"Singing Bowl","floor":18},{"not_picked":["Riddle With Holes","Dagger Spray"],"picked":"Backflip","floor":22},{"not_picked":["Underhanded Strike","Distraction"],"picked":"Noxious Fumes","floor":24},{"not_picked":["Reflex","Poisoned Stab+1"],"picked":"Blade Dance","floor":29},{"not_picked":["Predator","Acrobatics","Deadly Poison"],"picked":"Singing Bowl","floor":31},{"not_picked":["Doppelganger","Malaise"],"picked":"A Thousand Cuts+1","floor":33},{"not_picked":["Concentrate+1","PiercingWail"],"picked":"Escape Plan","floor":35},{"not_picked":["Dagger Throw","Quick Slash+1","Dagger Spray"],"picked":"Singing Bowl","floor":39},{"not_picked":["Bouncing Flask","Deadly Poison","Sucker Punch"],"picked":"Singing Bowl","floor":40},{"not_picked":["Outmaneuver","Quick Slash"],"picked":"PiercingWail","floor":41},{"not_picked":["Flying Knee","Well Laid Plans+1","Malaise"],"picked":"Singing Bowl","floor":42},{"not_picked":["Deflect","Caltrops+1","Dagger Spray+1"],"picked":"Singing Bowl","floor":46},{"not_picked":["Distraction","Flechettes"],"picked":"Accuracy+1","floor":54}],"player_experience":510607,"relics_obtained":[{"floor":6,"key":"Singing Bowl"},{"floor":7,"key":"Paper Crane"},{"floor":8,"key":"Mercury Hourglass"},{"floor":9,"key":"Anchor"},{"floor":13,"key":"Juzu Bracelet"},{"floor":21,"key":"Bag of Marbles"},{"floor":24,"key":"Matryoshka"},{"floor":26,"key":"Frozen Egg 2"},{"floor":26,"key":"War Paint"},{"floor":29,"key":"Darkstone Periapt"},{"floor":31,"key":"Bottled Flame"},{"floor":40,"key":"Vajra"},{"floor":43,"key":"MawBank"},{"floor":46,"key":"Pocketwatch"},{"floor":54,"key":"Sundial"}],"event_choices":[{"damage_healed":0,"gold_gain":0,"player_choice":"Ignored","damage_taken":0,"max_hp_gain":0,"max_hp_loss":0,"event_name":"Shining Light","floor":3,"gold_loss":0},{"cards_removed":["Writhe"],"damage_healed":0,"gold_gain":0,"player_choice":"Offered Curse","damage_taken":0,"relics_obtained":["Spirit Poop"],"max_hp_gain":0,"max_hp_loss":0,"event_name":"Bonfire Elementals","floor":14,"gold_loss":0},{"damage_healed":0,"gold_gain":0,"player_choice":"Became a vampire","damage_taken":0,"max_hp_gain":0,"max_hp_loss":21,"event_name":"Vampires","floor":19,"gold_loss":0,"cards_obtained":["Bite","Bite","Bite","Bite","Bite"]},{"damage_healed":0,"gold_gain":0,"player_choice":"Read","damage_taken":0,"max_hp_gain":0,"max_hp_loss":0,"event_name":"The Library","floor":20,"gold_loss":0,"cards_obtained":["Blade Dance"]},{"damage_healed":0,"gold_gain":999,"player_choice":"Gold","damage_taken":0,"max_hp_gain":0,"max_hp_loss":0,"event_name":"MindBloom","floor":36,"gold_loss":0,"cards_obtained":["Normality","Normality"]},{"cards_removed":["Normality"],"damage_healed":0,"gold_gain":0,"player_choice":"Removed Curses","damage_taken":0,"max_hp_gain":0,"max_hp_loss":0,"event_name":"Fountain of Cleansing","floor":38,"gold_loss":0},{"damage_healed":0,"gold_gain":0,"player_choice":"Ignored","damage_taken":0,"max_hp_gain":0,"max_hp_loss":0,"event_name":"Tomb of Lord Red Mask","floor":48,"gold_loss":0}],"is_beta":false,"boss_relics":[{"not_picked":["HoveringKite","Tiny House"],"picked":"WristBlade"},{"not_picked":["Velvet Choker","Snecko Eye"],"picked":"Empty Cage"}],"items_purged_floors":[27,28,37,47],"is_endless":false,"potions_floor_spawned":[2,4,6,16,18,29,31,39,40,41,44],"killed_by":"The Heart","ascension_level":16}}