{"host":"ty7uytdfitsmf36k","time":1611627210,"event":{"mods":["AchievementEnabler","BaseMod","Colored Map","Colored Powertips","DeckTracker","Downfall","Infinite Spire","Minty Spire (QoL Compilation)","Relic Stats","Replay The Spire","Spire Arcade","StSLib","SuperFastMode","The Jungle","Wandering Minibosses"],"gold_per_floor":[117,117,131,131,151,151,184,184,184,184,213,231,156,183,183,280,280,296,311,311,311,311,311,322,322,349,349,274,303,337,362,362,469,469,502,527,561,587,608,644,679,679,679,6,6,6,86,86,176],"floor_reached":50,"language":"ENG","playtime":1962,"items_purged":["Strike_P","Strike_P+1","Defend_P","Defend_P"],"score":877,"play_id":"a26ae697-b914-4422-9f0c-700e221d405f","local_time":"20210125211330","is_ascension_mode":true,"campfire_choices":[{"data":"Vigilance","floor":6,"key":"SMITH"},{"floor":8,"key":"REST"},{"data":"Strike_P","floor":15,"key":"PURGE"},{"data":"Pot Of Greed","floor":23,"key":"SMITH"},{"data":"MasterReality","floor":27,"key":"SMITH"},{"data":"Vault","floor":42,"key":"SMITH"},{"data":"Pot Of Greed","floor":45,"key":"SMITH"}],"circlet_count":0,"master_deck":["Eruption+1","Vigilance+1","SandsOfTime+1","InnerPeace+1","FollowUp","BowlingBash","EmptyBody+1","Pot Of Greed+1","Pot Of Greed+1","MasterReality+1","Vault+1","Scrawl","Replay:Vibes","FearNoEvil+1","Adaptation","Bandage Up"],"relics":["PureWater","Replay:Bottled Eggs","Dream Catcher","Centennial Puzzle","Grinning Jar","Blood Vial","VioletLotus","Toolbox","Replay:Bandana","Painkiller Herb","wanderingMiniBosses:Inkheart","infinitespire:Broken Mirror","BargainBundle","Bottled Tornado","Replay:Rubber Ducky","TheAbacus","Calipers"],"acts_visited":["Exordium","TheCity","TheBeyond"],"potions_floor_usage":[7,16,29,38,39],"damage_taken":[{"damage":0,"enemies":"Jaw Worm","floor":1,"turns":4},{"damage":4,"enemies":"2 Louse","floor":3,"turns":2},{"damage":0,"enemies":"Cultist","floor":5,"turns":2},{"damage":35,"enemies":"Lagavulin","floor":7,"turns":4},{"damage":25,"enemies":"3 Sentries","floor":11,"turns":7},{"damage":0,"enemies":"Looter","floor":12,"turns":2},{"damage":3,"enemies":"Lagavulin","floor":14,"turns":6},{"damage":5,"enemies":"Hexaghost","floor":16,"turns":8},{"damage":4,"enemies":"Shell Parasite","floor":18,"turns":6},{"damage":0,"enemies":"Chosen","floor":19,"turns":3},{"damage":0,"enemies":"Centurion and Healer","floor":24,"turns":4},{"damage":15,"enemies":"Snake Plant","floor":29,"turns":6},{"damage":0,"enemies":"Sentry and Sphere","floor":30,"turns":3},{"damage":0,"enemies":"Centurion and Healer","floor":31,"turns":5},{"damage":37,"enemies":"Collector","floor":33,"turns":8},{"damage":0,"enemies":"3 Darklings","floor":35,"turns":4},{"damage":0,"enemies":"Orb Walker","floor":36,"turns":3},{"damage":2,"enemies":"Sphere and 2 Shapes","floor":37,"turns":6},{"damage":18,"enemies":"Maw","floor":38,"turns":5},{"damage":14,"enemies":"Writhing Mass","floor":39,"turns":4},{"damage":3,"enemies":"Jaw Worm Horde","floor":40,"turns":3},{"damage":0,"enemies":"4 Shapes","floor":41,"turns":3},{"damage":0,"enemies":"Mind Bloom Boss Battle","floor":47,"turns":3},{"damage":0,"enemies":"Awakened One","floor":49,"turns":3}],"seed_played":"-4621599359695224195","potions_obtained":[{"floor":3,"key":"SkillPotion"},{"floor":11,"key":"sneckomod:MuddlingPotion"},{"floor":14,"key":"Swift Potion"},{"floor":19,"key":"EssenceOfSteel"},{"floor":24,"key":"BottledMiracle"},{"floor":30,"key":"Strength Potion"},{"floor":33,"key":"BottledMiracle"},{"floor":38,"key":"Ambrosia"},{"floor":39,"key":"Ancient Potion"}],"is_trial":false,"path_per_floor":["M","?","M","?","M","R","E","R","T","?","E","M","$","E","R_BF","B",null,"M","M","?","?","?","R","M","AVR","T","R","?","M","M","M","R_BF","B",null,"?","?","?","?","?","?","?","T","T","T","T","AVR","?","?","B",null],"character_chosen":"WATCHER","items_purchased":["Adaptation","BargainBundle","Bottled Tornado","Replay:Rubber Ducky","Languid Potion","Bandage Up"],"campfire_rested":1,"item_purchase_floors":[44,44,44,44,44,44],"current_hp_per_floor":[72,69,65,51,51,51,16,37,37,37,12,12,12,9,9,6,72,68,70,70,70,70,70,72,72,72,72,72,57,59,61,72,35,72,72,72,70,54,42,41,43,43,43,43,43,43,49,49,55],"gold":176,"neow_bonus":"TRANSFORM_CARD","is_daily":false,"chose_seed":false,"campfire_upgraded":5,"win_rate":0.0,"timestamp":1611627210,"path_taken":["M","?","M","?","M","R","E","R","T","?","E","?","$","E","R_BF","BOSS","M","M","?","?","?","R","M","AVR","T","R","?","M","M","?","R_BF","BOSS","?","?","?","?","?","?","?","T","T","T","T","AVR","?","?","BOSS"],"items_purchased_type":["Card","Relic","Relic","Relic","Potion","Card"],"build_version":"2020-12-22","purchased_purges":4,"victory":true,"max_hp_per_floor":[72,72,72,72,72,72,72,72,72,72,72,72,72,72,72,72,72,72,72,72,72,72,72,72,72,72,72,72,72,72,72,72,72,72,72,72,72,72,72,72,72,72,72,72,72,72,72,72,72],"relic_stats":{"Blood Vial":22,"Dream Catcher":2,"Centennial Puzzle":[30],"TheAbacus":[192],"counters":[24,104],"VioletLotus":[69],"obtain_stats":[{"BargainBundle":44,"Calipers":47,"Painkiller Herb":34,"Bottled Tornado":44,"Replay:Rubber Ducky":44,"Blood Vial":14,"Dream Catcher":7,"Centennial Puzzle":9,"Replay:Bandana":26,"TheAbacus":46,"infinitespire:Broken Mirror":43,"Toolbox":25,"VioletLotus":17,"PureWater":0,"Replay:Bottled Eggs":2,"Grinning Jar":11,"wanderingMiniBosses:Inkheart":37},{"BargainBundle":22,"Calipers":23,"Painkiller Herb":15,"Bottled Tornado":22,"Replay:Rubber Ducky":22,"Blood Vial":7,"Dream Catcher":4,"Centennial Puzzle":4,"Replay:Bandana":11,"TheAbacus":22,"infinitespire:Broken Mirror":22,"Toolbox":11,"VioletLotus":8,"PureWater":0,"Replay:Bottled Eggs":1,"Grinning Jar":5,"wanderingMiniBosses:Inkheart":18},{"BargainBundle":98,"Calipers":101,"Painkiller Herb":70,"Bottled Tornado":98,"Replay:Rubber Ducky":98,"Blood Vial":27,"Dream Catcher":12,"Centennial Puzzle":12,"Replay:Bandana":48,"TheAbacus":98,"infinitespire:Broken Mirror":98,"Toolbox":48,"VioletLotus":35,"PureWater":0,"Replay:Bottled Eggs":4,"Grinning Jar":19,"wanderingMiniBosses:Inkheart":83}]},"card_choices":[{"not_picked":["Swivel","Prostrate"],"picked":"InnerPeace","floor":1},{"not_picked":["Replay:ManipulateFuture","Vengeance"],"picked":"FollowUp","floor":3},{"not_picked":["Conclude","BattleHymn"],"picked":"BowlingBash","floor":5},{"not_picked":["ThirdEye","Prostrate"],"picked":"EmptyBody","floor":7},{"not_picked":["Replay:ManipulateFuture","ClearTheMind","JustLucky"],"picked":"SKIP","floor":11},{"not_picked":["Replay:Hum","PathToVictory","WheelKick"],"picked":"SKIP","floor":12},{"not_picked":["Replay:Hum","PathToVictory","WheelKick"],"picked":"SKIP","floor":12},{"not_picked":["Prostrate","Protect","SignatureMove"],"picked":"SKIP","floor":14},{"not_picked":["Replay:AtTheReady+1","Replay:Cycle+1","LikeWater+1"],"picked":"SKIP","floor":18},{"not_picked":["Protect+1","Replay:ManipulateFuture","CrushJoints+1"],"picked":"SKIP","floor":19},{"not_picked":["Replay:Cycle","Weave","Replay:DivineShield+1"],"picked":"SKIP","floor":24},{"not_picked":["Prostrate","PathToVictory"],"picked":"Vault","floor":29},{"not_picked":["Replay:AtTheReady","ThirdEye","Study"],"picked":"SKIP","floor":30},{"not_picked":["EmptyBody","ThirdEye","FlyingSleeves"],"picked":"SKIP","floor":31},{"not_picked":["Wish","Devotion"],"picked":"Scrawl","floor":33},{"not_picked":["Protect","Halt+1","Worship"],"picked":"SKIP","floor":35},{"not_picked":["Swivel+1","Pray+1","Crescendo+1"],"picked":"SKIP","floor":36},{"not_picked":["Replay:Hum","Replay:BluntJabs+1"],"picked":"Replay:Vibes","floor":37},{"not_picked":["Crescendo+1","EmptyBody","Evaluate"],"picked":"SKIP","floor":38},{"not_picked":["Replay:AtTheReady+1","ClearTheMind","Fasting2"],"picked":"SKIP","floor":39},{"not_picked":["FollowUp","Protect"],"picked":"FearNoEvil+1","floor":40},{"not_picked":["Replay:AtTheReady+1","WheelKick","CarveReality+1"],"picked":"SKIP","floor":41}],"player_experience":188312,"relics_obtained":[{"floor":7,"key":"Dream Catcher"},{"floor":9,"key":"Centennial Puzzle"},{"floor":11,"key":"Grinning Jar"},{"floor":14,"key":"Blood Vial"},{"floor":26,"key":"Replay:Bandana"},{"floor":37,"key":"wanderingMiniBosses:Inkheart"},{"floor":43,"key":"infinitespire:Broken Mirror"},{"floor":47,"key":"Calipers"}],"event_choices":[{"damage_healed":0,"gold_gain":0,"player_choice":"Success","damage_taken":3,"relics_obtained":["Replay:Bottled Eggs"],"max_hp_gain":0,"max_hp_loss":0,"event_name":"Scrap Ooze","floor":2,"gold_loss":0},{"damage_healed":0,"gold_gain":0,"player_choice":"Entered Light","damage_taken":14,"max_hp_gain":0,"max_hp_loss":0,"event_name":"Shining Light","floor":4,"gold_loss":0,"cards_upgraded":["Strike_P","InnerPeace"]},{"damage_healed":0,"gold_gain":0,"player_choice":"Upgraded","damage_taken":0,"max_hp_gain":0,"max_hp_loss":0,"event_name":"Upgrade Shrine","floor":10,"gold_loss":0,"cards_upgraded":["EmptyBody"]},{"damage_healed":0,"gold_gain":0,"cards_transformed":["Defend_P","Defend_P"],"player_choice":"Became Test Subject","damage_taken":0,"max_hp_gain":0,"max_hp_loss":0,"event_name":"Drug Dealer","floor":22,"gold_loss":0,"cards_obtained":["MasterReality","Replay:Anticipation"]},{"cards_removed":["Replay:Anticipation"],"damage_healed":0,"gold_gain":0,"player_choice":"Gave Gold","damage_taken":0,"max_hp_gain":0,"max_hp_loss":0,"event_name":"Beggar","floor":28,"gold_loss":75},{"damage_healed":0,"gold_gain":0,"player_choice":"Fight","damage_taken":0,"max_hp_gain":0,"max_hp_loss":0,"event_name":"MindBloom","floor":47,"gold_loss":0},{"damage_healed":0,"gold_gain":0,"player_choice":"Took Portal","damage_taken":0,"max_hp_gain":0,"max_hp_loss":0,"event_name":"SecretPortal","floor":48,"gold_loss":0}],"is_beta":false,"boss_relics":[{"not_picked":["Honey Jar","Tiny House"],"picked":"VioletLotus"},{"not_picked":["Velvet Choker","Ring of Chaos"],"picked":"Painkiller Herb"}],"items_purged_floors":[13,25,44,46],"is_endless":false,"potions_floor_spawned":[3,11,14,19,24,30,33,38,39],"ascension_level":4}}