{"host":"uv5ws9rdk87e8i5k","time":1611632963,"event":{"mods":["AchievementEnabler","BaseMod","Colored Map","Minty Spire (QoL Compilation)","Permanent Neow","Quick Restart","StSLib","SuperFastMode","The Animator","The Cursed","The Hierophant","The Necromancer"],"gold_per_floor":[114,114,130,150,166,166,199,213,265,265,316,331,346,376,376,480,480,492,505,47,64,64,90,109,129,154,154,154,79,111,111,111,210,210,223,33,43,62,62,96,110,140,140,156,156,156,166,214,214,214],"floor_reached":51,"language":"ENG","playtime":1418,"items_purged":["Strike_W"],"score":1157,"play_id":"a8640779-62f8-44fb-b377-048353353d51","local_time":"20210125214923","is_ascension_mode":true,"campfire_choices":[{"data":"Spectral_Walk","floor":6.0,"key":"SMITH"},{"data":"Summon_Undead","floor":10,"key":"SMITH"},{"data":"Summon_Undead","floor":15,"key":"SMITH"},{"data":"Summon_Lich","floor":28,"key":"SMITH"},{"data":"Blood_Wake","floor":32,"key":"SMITH"},{"data":"Summon_Lich","floor":46,"key":"SMITH"},{"data":"Grasp_Heart","floor":49,"key":"SMITH"}],"circlet_count":0,"master_deck":["Strike_W","Defend_W","Defend_W","Defend_W","Negative_Energy_Arrows","Bone_Wall","Hellfire","Life_Drain","Spectral_Walk+1","Negative_Energy_Burst","Summon_Undead+1","Spectral_Armor","Summon_Undead+1","Blood_Wake+1","Spectral_Armor","Summon_Lich+1","Negative_Energy_Burst","Siphon_Strength","Grasp_Heart+1","CurseOfTheBell","Summon_Lich+1","Summon_Lich+1","Negative_Energy_Burst+1","Negative_Energy_Burst"],"relics":["Vampire_Amulet","Strawberry","Bronze Scales","Bottled Flame","Regal Pillow","Snecko Eye","Oddly Smooth Stone","TheAbacus","Boot","Anchor","MutagenicStrength","Mercury Hourglass","Calling Bell","Blood Vial","The Courier","Pocketwatch","Omamori","TungstenRod","MealTicket","Ornamental Fan","Gambling Chip"],"acts_visited":["Exordium","TheCity","TheBeyond"],"potions_floor_usage":[11,12,14,19,23,25,33,37,40,42,44,48,50,50],"damage_taken":[{"damage":3.0,"enemies":"Small Slimes","floor":1.0,"turns":5.0},{"damage":6.0,"enemies":"Cultist","floor":3.0,"turns":3.0},{"damage":1.0,"enemies":"Jaw Worm","floor":4.0,"turns":3.0},{"damage":0.0,"enemies":"Large Slime","floor":5.0,"turns":4.0},{"damage":16,"enemies":"Lagavulin","floor":7,"turns":6},{"damage":0,"enemies":"3 Louse","floor":8,"turns":1},{"damage":15,"enemies":"3 Sentries","floor":11,"turns":4},{"damage":0,"enemies":"Gremlin Gang","floor":12,"turns":3},{"damage":0,"enemies":"Large Slime","floor":13,"turns":3},{"damage":13,"enemies":"Gremlin Nob","floor":14,"turns":4},{"damage":13,"enemies":"The Guardian","floor":16,"turns":13},{"damage":13,"enemies":"2 Thieves","floor":18,"turns":3},{"damage":3,"enemies":"3 Byrds","floor":19,"turns":2},{"damage":24,"enemies":"Snake Plant","floor":21,"turns":3},{"damage":15,"enemies":"Gremlin Leader","floor":23,"turns":4},{"damage":19,"enemies":"Centurion and Healer","floor":24,"turns":5},{"damage":0,"enemies":"3 Cultists","floor":25,"turns":2},{"damage":3,"enemies":"Book of Stabbing","floor":30,"turns":4},{"damage":35,"enemies":"Champ","floor":33,"turns":16},{"damage":0,"enemies":"Orb Walker","floor":35,"turns":2},{"damage":3,"enemies":"3 Darklings","floor":37,"turns":2},{"damage":5,"enemies":"Maw","floor":38,"turns":7},{"damage":31,"enemies":"Reptomancer","floor":40,"turns":4},{"damage":2,"enemies":"Transient","floor":41,"turns":5},{"damage":7,"enemies":"Nemesis","floor":42,"turns":6},{"damage":4,"enemies":"Writhing Mass","floor":44,"turns":5},{"damage":2,"enemies":"Sphere and 2 Shapes","floor":47,"turns":3},{"damage":8,"enemies":"2 Orb Walkers","floor":48,"turns":4},{"damage":35,"enemies":"Awakened One","floor":50,"turns":11}],"seed_played":"-6466993328344786122","potions_obtained":[{"floor":1.0,"key":"ColorlessPotion"},{"floor":3.0,"key":"Strength Potion"},{"floor":8,"key":"SneckoOil"},{"floor":11,"key":"Fire Potion"},{"floor":12,"key":"Energy Potion"},{"floor":16,"key":"SpeedPotion"},{"floor":21,"key":"ColorlessPotion"},{"floor":24,"key":"BlessingOfTheForge"},{"floor":30,"key":"SpeedPotion"},{"floor":38,"key":"Block Potion"},{"floor":41,"key":"Block Potion"},{"floor":42,"key":"Explosive Potion"},{"floor":48,"key":"Swift Potion"}],"is_trial":false,"path_per_floor":["M","?","M","M","M","R","E","M","T","R","E","M","M","E","R","B",null,"M","M","$","M","?","E","M","M","T","?","R","?","E","?","R","B",null,"M","$","M","M","?","E","M","E","T","M","?","R","M","?","R","B",null],"character_chosen":"NECROMANCER","items_purchased":["Oddly Smooth Stone","Summon_Lich","TheAbacus","Summon_Lich","Omamori","Block Potion"],"campfire_rested":0,"item_purchase_floors":[20,20,20,36,36,36],"current_hp_per_floor":[51,51,53,60,74,74,74,80,80,80,75,82,82,77,77,77,81,82,82,82,60,60,70,82,82,82,82,82,82,82,82,82,59,76,82,82,81,82,82,53,67,76,76,76,76,76,82,82,82,82],"gold":214,"neow_bonus":"THREE_RARE_CARDS","is_daily":false,"chose_seed":false,"campfire_upgraded":7,"win_rate":0.0,"timestamp":1611632963,"path_taken":["M","?","M","M","M","R","E","M","T","R","E","M","?","E","R","BOSS","M","M","$","M","?","E","M","M","T","?","R","?","E","?","R","BOSS","M","$","M","M","?","E","?","E","T","M","?","R","M","?","R","BOSS"],"items_purchased_type":["Relic","Card","Relic","Card","Relic","Potion"],"build_version":"2020-12-22","purchased_purges":1,"victory":true,"max_hp_per_floor":[75,75,75,75,75,75,82,82,82,82,82,82,82,82,82,82,82,82,82,82,82,82,82,82,82,82,82,82,82,82,82,82,82,82,82,82,82,82,82,82,82,82,82,82,82,82,82,82,82,82],"card_choices":[{"not_picked":["Requiem","Blood_Magic"],"picked":"Hellfire","floor":0.0},{"not_picked":["Bone_Armor","Bone_Armory"],"picked":"Life_Drain","floor":1.0},{"not_picked":["Death_March_Dance","Exploit","Plague_Bolt"],"picked":"SKIP","floor":3.0},{"not_picked":["Negative_Energy_Shield","Consume_Illness"],"picked":"Spectral_Walk","floor":4.0},{"not_picked":["Corrupt","Toxic_Smoke_Screen"],"picked":"Negative_Energy_Burst","floor":5.0},{"not_picked":["Bone_Armor","Death_Knell"],"picked":"Summon_Undead","floor":7},{"not_picked":["Negative_Energy_Shield","Negative_Energy_Javelin","Violent_Necrosis"],"picked":"SKIP","floor":8},{"not_picked":["Shackles_Of_Pain","Vampiric_Strike","Death_Coil"],"picked":"SKIP","floor":11},{"not_picked":["Finger_Of_Death","Negative_Energy_Shield"],"picked":"Spectral_Armor","floor":12},{"not_picked":["Chill_Blood","Cloudkill","Necromantic_Selection"],"picked":"SKIP","floor":13},{"not_picked":["Negative_Energy_Javelin","Life_Tap"],"picked":"Summon_Undead","floor":14},{"not_picked":["Skeleton_Dragon","Reap_The_Weak"],"picked":"Blood_Wake","floor":16},{"not_picked":["Bone_Shift+1","Acid_Javelin"],"picked":"Spectral_Armor","floor":18},{"not_picked":["Bone_Bullets","Strike_from_Beyond+1","Blood_Is_Power+1"],"picked":"SKIP","floor":19},{"not_picked":["Negative_Energy_Mist","Exploit"],"picked":"Negative_Energy_Burst","floor":21},{"not_picked":["Life_Drain","Bone_Prison+1","Blood_Whip"],"picked":"SKIP","floor":23},{"not_picked":["Chill_Blood","Spectral_Walk+1","Finger_Of_Death+1"],"picked":"SKIP","floor":24},{"not_picked":["Death_Coil+1","Bone_Bullets+1","Blood_for_Blood"],"picked":"SKIP","floor":25},{"not_picked":["Bone_Prison+1","Life_Drain","Toxic_Smoke_Screen"],"picked":"SKIP","floor":30},{"not_picked":["Requiem","Reap_The_Weak"],"picked":"Grasp_Heart","floor":33},{"not_picked":["Negative_Energy_Shield","Blood_Shield+1","Consume_Illness"],"picked":"SKIP","floor":35},{"not_picked":["Consume_Illness","Shackles_Of_Pain+1","Stop_Heart+1"],"picked":"SKIP","floor":37},{"not_picked":["Death_Knell","Scare+1"],"picked":"Summon_Lich+1","floor":38},{"not_picked":["Corrupt","Bone_Spikes+1"],"picked":"Negative_Energy_Burst+1","floor":40},{"not_picked":["Bone_Bullets+1","Bone_Armor+1","Scare"],"picked":"SKIP","floor":41},{"not_picked":["Toxic_Smoke_Screen+1","Shackles_Of_Pain","Shade_Step+1"],"picked":"SKIP","floor":42},{"not_picked":["Strike_from_Beyond+1","Bone_Armor"],"picked":"Negative_Energy_Burst","floor":44},{"not_picked":["Toxic_Smoke_Screen+1","Blood_for_Blood+1","Blood_Whip+1"],"picked":"SKIP","floor":47}],"player_experience":285226,"relics_obtained":[{"floor":7,"key":"Strawberry"},{"floor":9,"key":"Bronze Scales"},{"floor":11,"key":"Bottled Flame"},{"floor":14,"key":"Regal Pillow"},{"floor":23,"key":"Boot"},{"floor":26,"key":"Anchor"},{"floor":30,"key":"Mercury Hourglass"},{"floor":34,"key":"Blood Vial"},{"floor":34,"key":"The Courier"},{"floor":34,"key":"Pocketwatch"},{"floor":40,"key":"TungstenRod"},{"floor":42,"key":"MealTicket"},{"floor":43,"key":"Ornamental Fan"},{"floor":48,"key":"Gambling Chip"}],"event_choices":[{"cards_removed":["Strike_W"],"damage_healed":0.0,"max_hp_gain":0.0,"max_hp_loss":0.0,"gold_gain":0.0,"event_name":"Bonfire Elementals","player_choice":"Offered Basic","floor":2.0,"gold_loss":0.0,"damage_taken":0.0},{"damage_healed":0,"gold_gain":0,"player_choice":"Read","damage_taken":0,"max_hp_gain":0,"max_hp_loss":0,"event_name":"The Library","floor":22,"gold_loss":0,"cards_obtained":["Siphon_Strength"]},{"damage_healed":0,"gold_gain":0,"player_choice":"Inject Mutagens","damage_taken":0,"relics_obtained":["MutagenicStrength"],"max_hp_gain":0,"max_hp_loss":0,"event_name":"Drug Dealer","floor":27,"gold_loss":0},{"cards_removed":["Strike_W"],"damage_healed":0,"gold_gain":0,"player_choice":"Gave Gold","damage_taken":0,"max_hp_gain":0,"max_hp_loss":0,"event_name":"Beggar","floor":29,"gold_loss":75},{"damage_healed":0,"gold_gain":0,"player_choice":"Ignored","damage_taken":0,"max_hp_gain":0,"max_hp_loss":0,"event_name":"Ghosts","floor":31,"gold_loss":0},{"damage_healed":0,"gold_gain":0,"player_choice":"Bought 0 Potions","damage_taken":0,"max_hp_gain":0,"max_hp_loss":0,"event_name":"The Woman in Blue","floor":39,"gold_loss":0},{"cards_removed":["Defend_W"],"damage_healed":0,"gold_gain":0,"player_choice":"Removed Skill","damage_taken":0,"max_hp_gain":0,"max_hp_loss":0,"event_name":"Falling","floor":45,"gold_loss":0},{"damage_healed":0,"gold_gain":0,"player_choice":"Fight","damage_taken":0,"max_hp_gain":0,"max_hp_loss":0,"event_name":"Mysterious Sphere","floor":48,"gold_loss":0}],"is_beta":false,"boss_relics":[{"not_picked":["Empty Cage","Ectoplasm"],"picked":"Snecko Eye"},{"not_picked":["Runic Pyramid","Velvet Choker"],"picked":"Calling Bell"}],"items_purged_floors":[20],"is_endless":false,"potions_floor_spawned":[1,3,8,11,12,16,21,24,30,38,41,42,48],"ascension_level":9}}