{"host":"vqgrg90fv56geajp","time":1611674960,"event":{"mods":["BaseMod","Colored Map","Colored Powertips","Minty Spire (QoL Compilation)","Quick Restart","Rare Cards Sparkle","Relic Stats"],"gold_per_floor":[109,120,134,150,164,164,192,192,192,242,257,275,275,302,302,377,377,392,406,406,416,168,168,200,200,200,200,212,234,246,271,283,369,381,409,421,453,465,477,520,532,561,622,663,675,161,161,33,33,33,33,33,33,33,63,63],"floor_reached":57,"language":"ENG","playtime":5789,"items_purged":["Strike_R"],"score":2780,"play_id":"b128ce4f-c140-422e-969c-63e025fedd1c","local_time":"20210126172920","is_ascension_mode":true,"campfire_choices":[{"data":"Searing Blow","floor":6,"key":"SMITH"},{"floor":8,"key":"REST"},{"floor":15,"key":"REST"},{"floor":23,"key":"REST"},{"floor":25,"key":"REST"},{"data":"Searing Blow+2","floor":30,"key":"SMITH"},{"data":"Searing Blow+3","floor":32,"key":"SMITH"},{"data":"Searing Blow+4","floor":41,"key":"SMITH"},{"floor":45,"key":"REST"},{"floor":47,"key":"REST"},{"floor":49,"key":"RECALL"},{"data":"Searing Blow+5","floor":53,"key":"SMITH"}],"circlet_count":0,"master_deck":["AscendersBane","Strike_R","Strike_R","Strike_R","Defend_R","Defend_R","Defend_R","Defend_R","Bash","Havoc","Uppercut","Searing Blow+6","Headbutt","Flame Barrier","Dual Wield","Shockwave","Corruption","Feel No Pain","Flame Barrier","Hemokinesis","The Bomb","Forethought","Dark Embrace","Ghostly Armor+1","Dual Wield+1","Armaments","Armaments","Disarm","Shrug It Off","Panacea","Armaments","Armaments+1","True Grit","Flame Barrier","Offering"],"relics":["Burning Blood","Kunai","Bag of Marbles","Dream Catcher","Boot","Snecko Eye","Nilry\u0027s Codex","Omamori","The Courier","Blue Candle","MawBank","SlaversCollar","Matryoshka","Mummified Hand","Smiling Mask","MealTicket","Orrery","Medical Kit","Happy Flower"],"acts_visited":["Exordium","TheCity","TheBeyond","TheEnding"],"potions_floor_usage":[5,7,7,14,24,24,33,35,44,50],"damage_taken":[{"damage":7,"enemies":"Cultist","floor":1,"turns":4},{"damage":4,"enemies":"2 Louse","floor":2,"turns":3},{"damage":9,"enemies":"Jaw Worm","floor":3,"turns":4},{"damage":29,"enemies":"Exordium Wildlife","floor":4,"turns":6},{"damage":17,"enemies":"3 Louse","floor":5,"turns":4},{"damage":28,"enemies":"3 Sentries","floor":7,"turns":11},{"damage":9,"enemies":"Red Slaver","floor":11,"turns":3},{"damage":9,"enemies":"Blue Slaver","floor":12,"turns":3},{"damage":25,"enemies":"Gremlin Nob","floor":14,"turns":4},{"damage":26,"enemies":"The Guardian","floor":16,"turns":17},{"damage":6,"enemies":"Chosen","floor":18,"turns":4},{"damage":28,"enemies":"2 Thieves","floor":19,"turns":4},{"damage":24,"enemies":"Snake Plant","floor":21,"turns":4},{"damage":32,"enemies":"Slavers","floor":24,"turns":8},{"damage":0,"enemies":"Centurion and Healer","floor":29,"turns":4},{"damage":6,"enemies":"Chosen and Byrds","floor":31,"turns":4},{"damage":8,"enemies":"Champ","floor":33,"turns":8},{"damage":9,"enemies":"3 Darklings","floor":35,"turns":6},{"damage":10,"enemies":"Orb Walker","floor":37,"turns":3},{"damage":35,"enemies":"Nemesis","floor":40,"turns":5},{"damage":7,"enemies":"Sphere and 2 Shapes","floor":42,"turns":5},{"damage":34,"enemies":"Reptomancer","floor":44,"turns":7},{"damage":1,"enemies":"Donu and Deca","floor":50,"turns":7},{"damage":36,"enemies":"Awakened One","floor":51,"turns":8},{"damage":0,"enemies":"Shield and Spear","floor":55,"turns":4},{"damage":16,"enemies":"The Heart","floor":56,"turns":6}],"seed_played":"2292599993400647366","potions_obtained":[{"floor":2,"key":"Dexterity Potion"},{"floor":4,"key":"Regen Potion"},{"floor":5,"key":"Dexterity Potion"},{"floor":11,"key":"EssenceOfSteel"},{"floor":14,"key":"Weak Potion"},{"floor":21,"key":"Dexterity Potion"},{"floor":29,"key":"Block Potion"},{"floor":33,"key":"Fire Potion"},{"floor":37,"key":"SteroidPotion"},{"floor":40,"key":"CultistPotion"},{"floor":42,"key":"FearPotion"},{"floor":44,"key":"DuplicationPotion"}],"is_trial":false,"path_per_floor":["M","M","M","M","M","R","E","R","T","T","M","M","?","E","R","B",null,"M","M","?","M","$","R","E","R","T","T","?","M","R","M","R","B",null,"M","?","M","?","?","E","R","M","T","E","R","$","R","$","R","B","B",null,"R","$","E","B",null],"character_chosen":"IRONCLAD","items_purchased":["Omamori","Armaments","Armaments","MealTicket","Disarm","Shrug It Off","Panacea","Orrery","Medical Kit"],"campfire_rested":6,"item_purchase_floors":[22,46,46,46,46,46,46,46,48],"current_hp_per_floor":[74,76,73,50,51,51,29,53,53,53,50,47,47,28,52,32,70,70,48,27,9,9,33,7,31,31,31,31,37,37,37,37,35,70,67,57,53,69,69,40,40,39,39,11,35,35,59,74,74,79,49,74,74,82,82,72],"gold":63,"neow_bonus":"TEN_PERCENT_HP_BONUS","is_daily":false,"chose_seed":false,"campfire_upgraded":5,"win_rate":0.0,"timestamp":1611674960,"path_taken":["M","M","M","M","?","R","E","R","T","?","M","M","?","E","R","BOSS","M","?","?","M","$","R","E","R","T","?","?","M","R","M","R","BOSS","M","?","M","?","?","E","R","M","T","E","R","?","R","$","R","BOSS","BOSS","R","$","E","BOSS"],"items_purchased_type":["Relic","Card","Card","Relic","Card","Card","Card","Relic","Relic"],"build_version":"2020-12-22","purchased_purges":1,"victory":true,"max_hp_per_floor":[82,82,82,82,82,82,82,82,82,82,82,82,82,82,82,82,82,82,82,82,82,82,82,82,82,82,82,82,82,82,82,82,82,82,82,82,82,82,82,82,82,82,82,82,82,82,82,82,82,82,82,82,82,82,82,82],"relic_stats":{"Happy Flower":[2],"counters":[26,146],"Blue Candle":[0],"Boot":[22],"MawBank":228,"Smiling Mask":0,"Medical Kit":[10],"Burning Blood":150,"Dream Catcher":5,"Mummified Hand":[29],"Snecko Eye":[161,171,208,159],"MealTicket":23,"Kunai":[32],"obtain_stats":[{"Happy Flower":55,"Nilry\u0027s Codex":20,"Blue Candle":26,"The Courier":24,"Omamori":22,"Boot":14,"MawBank":27,"Smiling Mask":44,"Medical Kit":48,"Burning Blood":0,"SlaversCollar":34,"Dream Catcher":10,"Matryoshka":40,"Mummified Hand":43,"Snecko Eye":17,"Orrery":46,"MealTicket":46,"Bag of Marbles":9,"Kunai":7},{"Happy Flower":25,"Nilry\u0027s Codex":12,"Blue Candle":14,"The Courier":14,"Omamori":13,"Boot":9,"MawBank":14,"Smiling Mask":22,"Medical Kit":22,"Burning Blood":0,"SlaversCollar":17,"Dream Catcher":6,"Matryoshka":20,"Mummified Hand":21,"Snecko Eye":10,"Orrery":22,"MealTicket":22,"Bag of Marbles":6,"Kunai":6},{"Happy Flower":140,"Nilry\u0027s Codex":67,"Blue Candle":79,"The Courier":79,"Omamori":71,"Boot":42,"MawBank":79,"Smiling Mask":121,"Medical Kit":121,"Burning Blood":0,"SlaversCollar":95,"Dream Catcher":32,"Matryoshka":109,"Mummified Hand":114,"Snecko Eye":59,"Orrery":121,"MealTicket":121,"Bag of Marbles":32,"Kunai":32}]},"card_choices":[{"not_picked":["Clash","Battle Trance"],"picked":"Havoc","floor":1},{"not_picked":["Hemokinesis","Clothesline"],"picked":"Uppercut","floor":2},{"not_picked":["Pommel Strike","Iron Wave"],"picked":"Searing Blow","floor":3},{"not_picked":["Havoc","Blood for Blood","Iron Wave"],"picked":"SKIP","floor":4},{"not_picked":["Power Through","Body Slam"],"picked":"Headbutt","floor":5},{"not_picked":["Body Slam","Iron Wave"],"picked":"Flame Barrier","floor":7},{"not_picked":["Bloodletting","Iron Wave","Infernal Blade"],"picked":"SKIP","floor":11},{"not_picked":["Twin Strike","Inflame"],"picked":"Dual Wield","floor":12},{"not_picked":["Infernal Blade","Blood for Blood","Uppercut"],"picked":"SKIP","floor":14},{"not_picked":["Pummel","Reckless Charge"],"picked":"Shockwave","floor":15},{"not_picked":["Barricade","Fiend Fire"],"picked":"Corruption","floor":16},{"not_picked":["Cleave","Pommel Strike","Wild Strike"],"picked":"SKIP","floor":18},{"not_picked":["Headbutt","True Grit"],"picked":"Feel No Pain","floor":19},{"not_picked":["Clash","Headbutt","Sever Soul"],"picked":"SKIP","floor":21},{"not_picked":["Anger","Barricade","Perfected Strike"],"picked":"SKIP","floor":24},{"not_picked":["Uppercut","Flex"],"picked":"Flame Barrier","floor":25},{"not_picked":["Searing Blow","Pommel Strike","Perfected Strike"],"picked":"SKIP","floor":29},{"not_picked":["Pummel","Reckless Charge","Sword Boomerang"],"picked":"SKIP","floor":31},{"not_picked":["Metallicize+1","Pommel Strike","Body Slam"],"picked":"SKIP","floor":35},{"not_picked":["Finesse","Enlightenment"],"picked":"The Bomb","floor":36},{"not_picked":["Magnetism","Jack Of All Trades"],"picked":"Forethought","floor":36},{"not_picked":["Power Through","Headbutt+1"],"picked":"Dark Embrace","floor":37},{"not_picked":["Battle Trance","Flex"],"picked":"Ghostly Armor+1","floor":40},{"not_picked":["Pummel","Thunderclap+1","Iron Wave"],"picked":"SKIP","floor":42},{"not_picked":["Iron Wave","Limit Break"],"picked":"Dual Wield+1","floor":44},{"not_picked":["Sword Boomerang","Second Wind"],"picked":"Armaments","floor":46},{"not_picked":["Iron Wave","Sever Soul+1"],"picked":"Armaments+1","floor":46},{"not_picked":["Thunderclap","Berserk"],"picked":"True Grit","floor":46},{"not_picked":["Feed","Pommel Strike+1"],"picked":"Flame Barrier","floor":47},{"not_picked":["Cleave+1","Pommel Strike"],"picked":"Offering","floor":55}],"player_experience":2498328,"relics_obtained":[{"floor":7,"key":"Kunai"},{"floor":9,"key":"Bag of Marbles"},{"floor":10,"key":"Dream Catcher"},{"floor":14,"key":"Boot"},{"floor":20,"key":"Nilry\u0027s Codex"},{"floor":24,"key":"The Courier"},{"floor":26,"key":"Blue Candle"},{"floor":27,"key":"MawBank"},{"floor":40,"key":"Matryoshka"},{"floor":43,"key":"Mummified Hand"},{"floor":44,"key":"Smiling Mask"},{"floor":55,"key":"Happy Flower"}],"event_choices":[{"damage_healed":0,"gold_gain":0,"player_choice":"Upgraded","damage_taken":0,"max_hp_gain":0,"max_hp_loss":0,"event_name":"Upgrade Shrine","floor":13,"gold_loss":0,"cards_upgraded":["Searing Blow"]},{"damage_healed":0,"gold_gain":0,"player_choice":"Obtained Book","damage_taken":21,"max_hp_gain":0,"max_hp_loss":0,"event_name":"Cursed Tome","floor":20,"gold_loss":0},{"damage_healed":0,"gold_gain":0,"cards_transformed":["Strike_R"],"player_choice":"Transformed","damage_taken":0,"max_hp_gain":0,"max_hp_loss":0,"event_name":"Transmorgrifier","floor":28,"gold_loss":0,"cards_obtained":["Hemokinesis"]},{"damage_healed":0,"gold_gain":0,"player_choice":"Memory 3","damage_taken":10,"max_hp_gain":0,"max_hp_loss":0,"event_name":"SensoryStone","floor":36,"gold_loss":0},{"damage_healed":16,"gold_gain":0,"player_choice":"Writhe","damage_taken":0,"max_hp_gain":0,"max_hp_loss":0,"event_name":"Winding Halls","floor":38,"gold_loss":0,"cards_obtained":["Writhe"]},{"damage_healed":0,"gold_gain":0,"player_choice":"Ignored","damage_taken":0,"max_hp_gain":0,"max_hp_loss":0,"event_name":"Mysterious Sphere","floor":39,"gold_loss":0}],"is_beta":false,"boss_relics":[{"not_picked":["Sozu","Empty Cage"],"picked":"Snecko Eye"},{"not_picked":["Coffee Dripper","Velvet Choker"],"picked":"SlaversCollar"}],"items_purged_floors":[22],"is_endless":false,"potions_floor_spawned":[2,4,5,11,14,21,29,33,37,40,42,44],"ascension_level":20}}