{"host":"b69u97qm214vzd6b","time":1611700691,"event":{"mods":["BaseMod","Downfall","Hermit","Infinite Spire","Minty Spire (QoL Compilation)","Replay The Spire","StSLib","The Animator","The Cursed"],"gold_per_floor":[118,138,150,150,150,184,184,210,286,320,330,348,348,381,381,484,484,511,511,543,543,562,562,594,519,543,543,572,591,631,655,655,752,752,769,269,319,342,66,66,97,97,97,107,50,84,115,115,115,115,115,115,14,43,48,48],"floor_reached":55,"language":"ENG","playtime":4182,"items_purged":[],"score":981,"play_id":"2cdb37e3-5908-4c06-8d8d-0b3e621a1847","local_time":"20210126153811","is_ascension_mode":true,"campfire_choices":[{"floor":7,"key":"RECALL"},{"floor":13,"key":"REST"},{"floor":15,"key":"REST"},{"floor":23,"key":"REST"},{"floor":27,"key":"REST"},{"data":"hermit:DeadOrAlive","floor":32,"key":"SMITH"},{"data":"hermit:EternalForm","floor":40,"key":"SMITH"},{"data":"Purity","floor":49,"key":"PURGE"},{"data":"Replay:Dark Deal","floor":52,"key":"SMITH"}],"circlet_count":0,"master_deck":["hermit:Strike_Hermit+1","hermit:Strike_Hermit+1","hermit:Strike_Hermit+1","hermit:Strike_Hermit+1","hermit:Defend_Hermit+1","hermit:Defend_Hermit+1","hermit:Defend_Hermit+1","hermit:Defend_Hermit+1","hermit:Snapshot+1","hermit:TakeCover","hermit:Maintenance","hermit:EyeOfTheStorm","hermit:Scavenge","hermit:Maintenance","hermit:GoldenBullet","hermit:DeadOrAlive+1","hermit:BlackWind+1","hermit:DeadOrAlive+1","hermit:GoldenBullet+1","hermit:LoneWolf","hermit:TrackingShot+1","hermit:DeadOrAlive+1","hermit:CalledShot","hermit:TakeCover+1","hermit:Coalescence","hermit:Dive","hermit:EternalForm+1","AbeCurse","hermit:Maintenance","infinitespire:TheBestDefense","hermit:Scavenge","hermit:Enervate+1","Replay:Dark Deal+1","Chrysalis","hermit:HighCaliber+1","ReplayTheSpireMod:Brewmster","Magnetism","Panache","hermit:Cheat+1","hermit:NoHoldsBarred+1","hermit:ItchyTrigger+1","hermit:BlackWind","hermit:FullyLoaded+1"],"relics":["Snecko Eye","infinitespire:Joker Card","infinitespire:Lucky Rock","HornCleat","hermit:RyeStalk","Pear","Astrolabe","Divine Protection","Nunchaku","infinitespire:Beetle Shell","Replay:Ringing Soul","Abe\u0027s Treasure","Gambling Chip","ReplayTheSpireMod:ShopPack","Oddly Smooth Stone","Strawberry","Darkstone Periapt","Orichalcum","CaptainsWheel"],"acts_visited":["Exordium","TheCity","TheBeyond","TheEnding"],"potions_floor_usage":[33,44,44,47,50,50,50,50,50,50,50,50,55,55,55],"damage_taken":[{"damage":8,"enemies":"Jaw Worm","floor":1,"turns":3},{"damage":0,"enemies":"2 Louse","floor":2,"turns":2},{"damage":0,"enemies":"Cultist","floor":3,"turns":3},{"damage":2,"enemies":"Lagavulin","floor":6,"turns":6},{"damage":24,"enemies":"Gremlin Nob","floor":8,"turns":5},{"damage":1,"enemies":"Replay:BlueRogue","floor":10,"turns":6},{"damage":0,"enemies":"Exordium Wildlife","floor":11,"turns":3},{"damage":3,"enemies":"Lots of Slimes","floor":12,"turns":5},{"damage":14,"enemies":"Gremlin Nob","floor":14,"turns":4},{"damage":17,"enemies":"The Guardian","floor":16,"turns":12},{"damage":0,"enemies":"Chosen","floor":18,"turns":3},{"damage":30,"enemies":"3 Byrds","floor":20,"turns":6},{"damage":5,"enemies":"Centurion and Healer","floor":22,"turns":5},{"damage":24,"enemies":"Book of Stabbing","floor":24,"turns":5},{"damage":0,"enemies":"Replay:Snechameleon","floor":28,"turns":5},{"damage":2,"enemies":"Shelled Parasite and Fungi","floor":29,"turns":4},{"damage":23,"enemies":"Book of Stabbing","floor":30,"turns":8},{"damage":0,"enemies":"Snecko","floor":31,"turns":5},{"damage":0,"enemies":"Champ","floor":33,"turns":18},{"damage":0,"enemies":"Orb Walker","floor":35,"turns":3},{"damage":0,"enemies":"Mind Bloom Boss Battle","floor":37,"turns":6},{"damage":20,"enemies":"3 Darklings","floor":38,"turns":10},{"damage":14,"enemies":"Giant Head","floor":41,"turns":8},{"damage":0,"enemies":"Sphere and 2 Shapes","floor":44,"turns":4},{"damage":0,"enemies":"Jaw Worm Horde","floor":46,"turns":3},{"damage":33,"enemies":"Nemesis","floor":47,"turns":7},{"damage":38,"enemies":"infinitespire:MassOfShapes","floor":50,"turns":10},{"damage":0,"enemies":"Shield and Spear","floor":54,"turns":1},{"damage":149,"enemies":"The Heart","floor":55,"turns":13}],"seed_played":"5459848735908836216","potions_obtained":[{"floor":2,"key":"BlessingOfTheForge"},{"floor":3,"key":"champ:CounterPotion"},{"floor":8,"key":"Weak Potion"},{"floor":24,"key":"AttackPotion"},{"floor":35,"key":"BlessingOfTheForge"}],"is_trial":false,"path_per_floor":["M","M","M","?","?","E","R","E","T","E","M","M","R","E","R","B",null,"M","?","M","?","M","R","E","?","T","R","E","M","E","M","R","B",null,"M","?","?","M","$","R","E","?","T","M","$","M","E","T","R","B",null,"R","$","E","B"],"character_chosen":"HERMIT","items_purchased":["ReplayTheSpireMod:ShopPack","Oddly Smooth Stone","hermit:NoHoldsBarred+1","Weak Potion","SpeedPotion"],"campfire_rested":4,"item_purchase_floors":[39,39,45,53,53],"current_hp_per_floor":[67,67,67,72,72,70,70,46,46,45,45,42,66,62,89,72,90,90,90,60,60,55,82,58,58,58,85,85,83,63,66,66,69,102,105,108,111,94,97,97,93,86,86,89,92,95,75,75,75,37,142,142,142,145,0,0],"gold":48,"neow_bonus":"BOSS_RELIC","is_daily":false,"chose_seed":false,"campfire_upgraded":3,"win_rate":0.0,"timestamp":1611700691,"path_taken":["M","M","M","?","?","E","R","E","T","E","M","?","R","E","R","BOSS","M","?","?","?","M","R","E","?","T","R","E","M","E","M","R","BOSS","M","?","?","M","$","R","E","?","T","M","$","M","E","?","R","BOSS","R","$","E","BOSS"],"items_purchased_type":["Relic","Relic","Card","Potion","Potion"],"build_version":"2020-12-13","purchased_purges":0,"victory":false,"max_hp_per_floor":[75,75,75,80,80,80,80,80,80,80,80,80,80,90,90,90,90,90,90,90,90,90,90,90,90,90,90,90,90,93,96,96,99,102,105,108,111,114,117,117,127,130,130,133,136,139,142,142,142,142,142,142,142,145,145,145],"card_choices":[{"not_picked":["hermit:Vantage","hermit:Determination"],"picked":"hermit:TakeCover","floor":1},{"not_picked":["hermit:ShadowCloak","hermit:TrackingShot"],"picked":"hermit:Maintenance","floor":2},{"not_picked":["hermit:TakeCover","hermit:Ricochet"],"picked":"hermit:EyeOfTheStorm","floor":3},{"not_picked":["hermit:Brawl","hermit:FromBeyond"],"picked":"hermit:Scavenge","floor":6},{"not_picked":["hermit:WideOpen","hermit:LuckOfTheDraw"],"picked":"hermit:Feint","floor":8},{"not_picked":["hermit:HighCaliber","hermit:HoleUp"],"picked":"hermit:Maintenance","floor":10},{"not_picked":["hermit:BodyArmor","hermit:Reprieve"],"picked":"hermit:Combo","floor":11},{"not_picked":["hermit:Grudge","hermit:Glare"],"picked":"hermit:LuckOfTheDraw","floor":12},{"not_picked":["hermit:FromBeyond","hermit:WideOpen"],"picked":"hermit:GoldenBullet","floor":14},{"not_picked":["hermit:OverwhelmingPower","hermit:Dissolve"],"picked":"hermit:DeadOrAlive","floor":16},{"not_picked":["hermit:Vantage","hermit:Showdown+1"],"picked":"hermit:LoneWolf","floor":18},{"not_picked":["hermit:Malice","hermit:SprayPray+1"],"picked":"hermit:TrackingShot+1","floor":20},{"not_picked":["hermit:Virtue","hermit:HighCaliber+1"],"picked":"hermit:DeadOrAlive","floor":22},{"not_picked":["hermit:Coalescence","hermit:Spite"],"picked":"hermit:CalledShot","floor":24},{"not_picked":["hermit:Reprieve","hermit:BodyArmor","hermit:Misfire+1"],"picked":"SKIP","floor":28},{"not_picked":["hermit:Snipe","hermit:TrackingShot"],"picked":"hermit:TakeCover+1","floor":29},{"not_picked":["hermit:FatalDesire","hermit:Grudge+1"],"picked":"hermit:Coalescence","floor":30},{"not_picked":["hermit:Spite","hermit:Glare"],"picked":"hermit:Dive","floor":31},{"not_picked":["hermit:BlackWind","hermit:Magnum"],"picked":"hermit:EternalForm","floor":33},{"not_picked":["hermit:SprayPray+1","hermit:Dive+1"],"picked":"hermit:Maintenance","floor":35},{"not_picked":["infinitespire:NeuralNetwork","ReplayTheSpireMod:Black Plague"],"picked":"infinitespire:TheBestDefense","floor":36},{"not_picked":["hermit:Feint","hermit:Virtue+1"],"picked":"hermit:Scavenge","floor":37},{"not_picked":["hermit:Snipe","hermit:BigShot+1"],"picked":"hermit:Enervate+1","floor":38},{"not_picked":["Thinking Ahead","Secret Technique"],"picked":"Replay:Dark Deal","floor":39},{"not_picked":["Replay:Parry","Jack Of All Trades"],"picked":"Chrysalis","floor":39},{"not_picked":["Flash of Steel","Swift Strike"],"picked":"Purity","floor":39},{"not_picked":["hermit:LowProfile+1","hermit:Magnum"],"picked":"hermit:HighCaliber+1","floor":41},{"not_picked":["Mind Blast","Midas Touch"],"picked":"ReplayTheSpireMod:Brewmster","floor":42},{"not_picked":["Forethought","Mind Blast"],"picked":"Magnetism","floor":42},{"not_picked":["Deep Breath","Finesse"],"picked":"Panache","floor":42},{"not_picked":["hermit:CalledShot+1","hermit:Combo"],"picked":"hermit:Cheat+1","floor":44},{"not_picked":["hermit:DeadMansHand","hermit:SprayPray+1"],"picked":"hermit:ItchyTrigger+1","floor":46},{"not_picked":["hermit:PistolWhip+1","hermit:BodyArmor"],"picked":"hermit:BlackWind","floor":47},{"not_picked":["hermit:Scavenge","hermit:Determination+1"],"picked":"hermit:FullyLoaded+1","floor":54}],"player_experience":87569,"relics_obtained":[{"floor":6,"key":"infinitespire:Joker Card"},{"floor":8,"key":"infinitespire:Lucky Rock"},{"floor":9,"key":"HornCleat"},{"floor":10,"key":"hermit:RyeStalk"},{"floor":14,"key":"Pear"},{"floor":24,"key":"Divine Protection"},{"floor":26,"key":"Nunchaku"},{"floor":28,"key":"infinitespire:Beetle Shell"},{"floor":30,"key":"Replay:Ringing Soul"},{"floor":37,"key":"Gambling Chip"},{"floor":41,"key":"Strawberry"},{"floor":47,"key":"Darkstone Periapt"},{"floor":48,"key":"Orichalcum"},{"floor":54,"key":"CaptainsWheel"}],"event_choices":[{"damage_healed":0,"gold_gain":0,"player_choice":"Donut","damage_taken":0,"max_hp_gain":5,"max_hp_loss":0,"event_name":"Big Fish","floor":4,"gold_loss":0},{"damage_healed":0,"gold_gain":0,"player_choice":"Upgraded","damage_taken":0,"max_hp_gain":0,"max_hp_loss":0,"event_name":"Upgrade Shrine","floor":5,"gold_loss":0,"cards_upgraded":["hermit:Snapshot"]},{"damage_healed":0,"gold_gain":0,"player_choice":"Forge","damage_taken":0,"max_hp_gain":0,"max_hp_loss":0,"event_name":"Accursed Blacksmith","floor":19,"gold_loss":0,"cards_upgraded":["hermit:DeadOrAlive"]},{"damage_healed":0,"gold_gain":0,"player_choice":"Simplicity","damage_taken":0,"max_hp_gain":0,"max_hp_loss":0,"event_name":"Back to Basics","floor":21,"gold_loss":0,"cards_upgraded":["hermit:Strike_Hermit","hermit:Strike_Hermit","hermit:Strike_Hermit","hermit:Strike_Hermit","hermit:Defend_Hermit","hermit:Defend_Hermit","hermit:Defend_Hermit","hermit:Defend_Hermit"]},{"cards_removed":["hermit:Covet"],"damage_healed":0,"gold_gain":0,"player_choice":"Gave Gold","damage_taken":0,"max_hp_gain":0,"max_hp_loss":0,"event_name":"Beggar","floor":25,"gold_loss":75},{"damage_healed":0,"gold_gain":0,"player_choice":"Fight","damage_taken":0,"max_hp_gain":0,"max_hp_loss":0,"event_name":"MindBloom","floor":37,"gold_loss":0},{"damage_healed":0,"gold_gain":0,"player_choice":"Memory 3","damage_taken":10,"max_hp_gain":0,"max_hp_loss":0,"event_name":"SensoryStone","floor":42,"gold_loss":0}],"is_beta":false,"boss_relics":[{"not_picked":["Runic Pyramid","Tiny House"],"picked":"Astrolabe"},{"not_picked":["Replay:Drink Me","Replay:Bronze Core"],"picked":"Abe\u0027s Treasure"}],"items_purged_floors":[],"is_endless":false,"potions_floor_spawned":[2,3,8,24,28,29,30,35,41,46,54],"killed_by":"The Heart","ascension_level":1}}