{"host":"Mute","time":1611703157,"event":{"mods":["BaseMod","Colored Map","Downfall","Minty Spire (QoL Compilation)","StSLib"],"gold_per_floor":[111,141,173,198,223,253,312,338,384,396,421,462,474,513,538,646,658,670,694,706,818,614,625,625,625,656,656,656,656],"floor_reached":27,"language":"ENG","playtime":1877,"items_purged":["Slimebound:Defend_Slimebound"],"score":245,"play_id":"a522dbdb-01ed-4b7d-ad22-e01f0dd0dfde","local_time":"20210126181917","is_ascension_mode":false,"campfire_choices":[{"data":"Slimebound:Split","floor":1,"key":"SMITH"},{"data":"Slimebound:BestDefense","floor":18,"key":"SMITH"},{"floor":25,"key":"REST"}],"circlet_count":0,"master_deck":["Slimebound:Tackle","Slimebound:Defend_Slimebound","Slimebound:Defend_Slimebound+1","Slimebound:Defend_Slimebound","Slimebound:Split+1","Slimebound:CorrosiveSpit","Slimebound:RollThrough+1","Slimebound:Chomp","Slimebound:Schlurp","Slimebound:GoopTackle","Slimebound:Schlurp","Slimebound:Chomp","Slimebound:SplitLeeching+1","Slimebound:Gluttony","Slimebound:BestDefense+1","Slimebound:MassRepurpose","Slimebound:GoopTackle+1","Slimebound:Tackle+1","Slimebound:Tackle+1","Slimebound:Tackle+1","Slimebound:ForwardTackle"],"relics":["Slimebound:AbsorbEndCombat","MawBank","Art of War","Pantograph","Smiling Mask","Odd Mushroom","Philosopher\u0027s Stone","War Paint","Frozen Egg 2","Shuriken"],"acts_visited":["Exordium","TheCity"],"potions_floor_usage":[9,9,14,16],"damage_taken":[{"damage":3,"enemies":"Small Slimes","floor":2,"turns":3},{"damage":5,"enemies":"2 Louse","floor":3,"turns":2},{"damage":1,"enemies":"Jaw Worm","floor":4,"turns":3},{"damage":11,"enemies":"Large Slime","floor":5,"turns":5},{"damage":7,"enemies":"Exordium Thugs","floor":6,"turns":5},{"damage":1,"enemies":"Blue Slaver","floor":8,"turns":4},{"damage":16,"enemies":"3 Sentries","floor":9,"turns":5},{"damage":8,"enemies":"Large Slime","floor":11,"turns":3},{"damage":16,"enemies":"Lagavulin","floor":12,"turns":4},{"damage":5,"enemies":"The Mushroom Lair","floor":14,"turns":4},{"damage":8,"enemies":"Lots of Slimes","floor":15,"turns":3},{"damage":38,"enemies":"IC_STATUS_ARCHETYPE","floor":16,"turns":9},{"damage":22,"enemies":"Spheric Guardian","floor":19,"turns":5},{"damage":8,"enemies":"downfall:FleeingMerchant","floor":22,"turns":4},{"damage":37,"enemies":"Centurion and Healer","floor":23,"turns":4},{"damage":40,"enemies":"Book of Stabbing","floor":26,"turns":5},{"damage":7,"enemies":"3 Cultists","floor":27,"turns":2}],"seed_played":"5973762346047716317","potions_obtained":[{"floor":5,"key":"BlessingOfTheForge"},{"floor":6,"key":"hexamod:SoulburnPotion"},{"floor":8,"key":"FearPotion"},{"floor":11,"key":"AttackPotion"},{"floor":12,"key":"Swift Potion"},{"floor":15,"key":"Block Potion"},{"floor":26,"key":"Swift Potion"}],"is_trial":false,"path_per_floor":["R","M","M","M","M","M","T","M","E","?","M","E","?","?","M","B",null,"R","M","?","?","$","M","T","R","E","M"],"character_chosen":"SLIMEBOUND","items_purchased":["War Paint"],"campfire_rested":1,"item_purchase_floors":[22],"current_hp_per_floor":[65,65,60,63,60,61,61,65,55,55,51,39,39,38,34,29,65,65,51,51,51,47,18,18,37,3,0,0,0],"gold":656,"neow_bonus":"RANDOM_COMMON_RELIC","is_daily":false,"chose_seed":false,"campfire_upgraded":2,"win_rate":0.0,"timestamp":1611703157,"path_taken":["R","M","M","M","M","M","T","M","E","?","M","E","?","?","M","BOSS","R","M","?","?","?","M","T","R","E","M"],"items_purchased_type":["Relic"],"build_version":"2020-12-18","purchased_purges":1,"victory":false,"max_hp_per_floor":[65,65,65,65,65,65,65,65,65,65,65,65,65,65,65,65,65,65,65,65,65,65,65,65,65,65,65,65,65],"card_choices":[{"not_picked":["Slimebound:SlimeSpikes","Slimebound:Equalize"],"picked":"Slimebound:RollThrough","floor":2},{"not_picked":["Slimebound:ItLooksTasty","Slimebound:LeechingTouch"],"picked":"Slimebound:Chomp","floor":3},{"not_picked":["Slimebound:SlimeSpikes","Slimebound:PressTheAttack"],"picked":"Slimebound:Schlurp","floor":4},{"not_picked":["Slimebound:LeadByExample","Slimebound:SplitMire"],"picked":"Slimebound:GoopTackle","floor":5},{"not_picked":["Slimebound:SplitBruiser","Slimebound:GoopTackle"],"picked":"Slimebound:Schlurp","floor":6},{"not_picked":["Slimebound:Equalize","Slimebound:SamplingLick"],"picked":"Slimebound:Chomp","floor":8},{"not_picked":["Slimebound:SplitAcid","Slimebound:RejuvenatingLick"],"picked":"Slimebound:SplitLeeching","floor":9},{"not_picked":["Slimebound:PressTheAttack","Slimebound:Teamwork","Slimebound:SlimeSpikes"],"picked":"SKIP","floor":11},{"not_picked":["Slimebound:LeechEnergy","Slimebound:SamplingLick"],"picked":"Slimebound:Gluttony","floor":12},{"not_picked":["Slimebound:SplitAcid","Slimebound:Dissolve"],"picked":"Slimebound:BestDefense","floor":15},{"not_picked":["Slimebound:TagTeam","Slimebound:FirmFortitude"],"picked":"Slimebound:MassRepurpose","floor":16},{"not_picked":["Slimebound:LeechingTouch","Slimebound:SplitLeeching"],"picked":"Slimebound:GoopTackle+1","floor":19},{"not_picked":["Slimebound:SplitBruiser","Slimebound:LivingWall","Slimebound:GoopTackle"],"picked":"SKIP","floor":22},{"not_picked":["Slimebound:SplitBruiser","Slimebound:LeechEnergy"],"picked":"Slimebound:ForwardTackle","floor":23},{"not_picked":["Slimebound:SlimeSpikes+1","Slimebound:SelfFormingGoo+1","Slimebound:SplitAcid"],"picked":"SKIP","floor":26}],"player_experience":470417,"relics_obtained":[{"floor":7,"key":"Art of War"},{"floor":9,"key":"Pantograph"},{"floor":12,"key":"Smiling Mask"},{"floor":14,"key":"Odd Mushroom"},{"floor":24,"key":"Frozen Egg 2"},{"floor":26,"key":"Shuriken"}],"event_choices":[{"damage_healed":0,"gold_gain":0,"player_choice":"Grow","damage_taken":0,"max_hp_gain":0,"max_hp_loss":0,"event_name":"Living Wall","floor":10,"gold_loss":0,"cards_upgraded":["Slimebound:RollThrough"]},{"damage_healed":0,"gold_gain":0,"player_choice":"Fought Mushrooms","damage_taken":0,"max_hp_gain":0,"max_hp_loss":0,"event_name":"Mushrooms","floor":14,"gold_loss":0}],"is_beta":true,"boss_relics":[{"not_picked":["Snecko Eye","Runic Dome"],"picked":"Philosopher\u0027s Stone"}],"items_purged_floors":[22],"is_endless":false,"potions_floor_spawned":[5,6,8,11,12,15,26],"killed_by":"3 Cultists","ascension_level":0}}