{"host":"z9grmtg2w0nmz8n1","time":1611637524,"event":{"mods":["Aspiration","BaseMod","Better Altar","Better Match","Better Note","Better Sensory Stone","Better Skull","Better Third Choice","BetterRewards","CCEM2","Clawfect","Colored Map","Conspire","GifTheSpireLib","Halation","Highlight Path","Hubris","Hunter ??","Jedi Mod","Minty Spire (QoL Compilation)","Permanent Neow","Reliquary","Replay The Spire","Shop Mod","Spicy Shops","StSLib","Stuff the Spire","The Administrix","The Blackbeard","The Runesmith","The Servant 0.9.4"],"gold_per_floor":[113,113,38,51,62,92,109,128,181,181,215,228,228,240,240,341,341,359,375,285,285,300,300,300,300],"floor_reached":24,"language":"ENG","playtime":1392,"items_purged":["Regret"],"score":210,"play_id":"d204d701-e982-4373-92e7-886b390a67f9","local_time":"20210126030524","is_ascension_mode":false,"campfire_choices":[{"floor":10,"key":"RECALL"},{"data":"theextravagant:GlyphOfTime","floor":13,"key":"SMITH"},{"floor":15,"key":"REST"},{"floor":23,"key":"DIG"}],"circlet_count":0,"master_deck":["theextravagant:SlyStrike","theextravagant:SlyStrike","theextravagant:SlyStrike","theextravagant:Fence","theextravagant:Fence","theextravagant:Fence","theextravagant:Fence","theextravagant:QuickAttack","theextravagant:Triumph","theextravagant:ShootingStar","theextravagant:Cutthroat+1","theextravagant:GlyphOfTime+1","theextravagant:Castle","theextravagant:SpontaneousStrike","theextravagant:Pushthrough","theextravagant:Precaution","theextravagant:Cutthroat+1","theextravagant:Flashback+1"],"relics":["theextravagant:TranslucentFeather","aspiration:HiddenCompartment","StrikeDummy","Vajra","Replay:Multitool","halation:SmartPhone","CCEMRelics:FiftyFTOfRope","reliquary:TatteredRug"],"acts_visited":["Exordium","TheCity"],"potions_floor_usage":[8,14,14,22],"damage_taken":[{"damage":8,"enemies":"Jaw Worm","floor":1,"turns":5},{"damage":2,"enemies":"2 Louse","floor":4,"turns":3},{"damage":1,"enemies":"Cultist","floor":5,"turns":3},{"damage":16,"enemies":"Replay:BlueRogue","floor":6,"turns":7},{"damage":0,"enemies":"Looter","floor":7,"turns":3},{"damage":6,"enemies":"Large Slime","floor":8,"turns":5},{"damage":21,"enemies":"3 Sentries","floor":11,"turns":8},{"damage":0,"enemies":"3 Louse","floor":12,"turns":2},{"damage":6,"enemies":"2 Fungi Beasts","floor":14,"turns":4},{"damage":27,"enemies":"The Guardian","floor":16,"turns":12},{"damage":0,"enemies":"Spheric Guardian","floor":18,"turns":3},{"damage":0,"enemies":"Chosen","floor":19,"turns":4},{"damage":27,"enemies":"Snake Plant","floor":22,"turns":4},{"damage":2,"enemies":"Slavers","floor":24,"turns":3}],"seed_played":"-6005674406769053456","potions_obtained":[{"floor":6,"key":"ColorlessPotion"},{"floor":7,"key":"SpeedPotion"},{"floor":11,"key":"EntropicBrew"},{"floor":14,"key":"PowerPotion"},{"floor":22,"key":"FairyPotion"}],"is_trial":false,"path_per_floor":["M","?","$","M","M","E","M","M","T","R","E","M","R","M","R","B",null,"M","M","?","?","M","R","E"],"character_chosen":"THE_EXTRAVAGANT","items_purchased":[],"campfire_rested":1,"item_purchase_floors":[],"current_hp_per_floor":[67,75,75,73,72,56,56,50,50,50,29,29,29,23,45,18,75,71,64,64,64,37,37,35,35],"gold":300,"neow_bonus":"RANDOM_EVENT","is_daily":false,"chose_seed":false,"campfire_upgraded":1,"win_rate":0.0,"timestamp":1611637524,"path_taken":["M","?","$","M","M","E","M","M","T","R","E","M","R","M","R","BOSS","M","M","?","?","?","R","E"],"items_purchased_type":[],"build_version":"2020-12-22","purchased_purges":1,"victory":false,"max_hp_per_floor":[75,75,75,75,75,75,75,75,75,75,75,75,75,75,75,75,75,75,75,75,75,75,75,75,75],"card_choices":[{"not_picked":["theextravagant:GarbageCannon","theextravagant:SpontaneousStrike"],"picked":"theextravagant:ShootingStar","floor":1},{"not_picked":["theextravagant:Shatter","theextravagant:Flashback"],"picked":"theextravagant:Cutthroat","floor":4},{"not_picked":["theextravagant:Riot","theextravagant:ShootingStar"],"picked":"theextravagant:GlyphOfTime","floor":5},{"not_picked":["theextravagant:Cutthroat","theextravagant:ManifestIllusion","theextravagant:HeavyBlows"],"picked":"SKIP","floor":6},{"not_picked":["theextravagant:GlyphOfPower","theextravagant:Masquerade","theextravagant:Dazzle"],"picked":"SKIP","floor":7},{"not_picked":["theextravagant:Defy","theextravagant:GarbageCannon"],"picked":"theextravagant:Castle","floor":8},{"not_picked":["theextravagant:GlyphOfTime","theextravagant:Twostep"],"picked":"theextravagant:SpontaneousStrike","floor":11},{"not_picked":["theextravagant:ZeroHero","theextravagant:SkillfullDodge"],"picked":"theextravagant:Pushthrough","floor":12},{"not_picked":["theextravagant:Twostep","theextravagant:Shove"],"picked":"theextravagant:Precaution","floor":14},{"not_picked":["theextravagant:StepBack+1","theextravagant:Comeback+1","theextravagant:Dazzle+1"],"picked":"SKIP","floor":18},{"not_picked":["theextravagant:GlyphOfSight","theextravagant:Riot"],"picked":"theextravagant:Cutthroat+1","floor":19},{"not_picked":["theextravagant:Ravage+1","theextravagant:Riot+1"],"picked":"theextravagant:Flashback+1","floor":22}],"player_experience":846760,"relics_obtained":[{"floor":6,"key":"StrikeDummy"},{"floor":9,"key":"Vajra"},{"floor":11,"key":"Replay:Multitool"},{"floor":23,"key":"reliquary:TatteredRug"}],"event_choices":[{"damage_healed":0,"gold_gain":0,"player_choice":"Box","damage_taken":0,"relics_obtained":["aspiration:HiddenCompartment"],"max_hp_gain":0,"max_hp_loss":0,"event_name":"Big Fish","floor":0,"gold_loss":0,"cards_obtained":["Regret"]},{"cards_removed":["theextravagant:SlyStrike"],"damage_healed":0,"gold_gain":0,"player_choice":"Upgrade and Remove","damage_taken":0,"max_hp_gain":0,"max_hp_loss":0,"event_name":"Designer","floor":20,"gold_loss":90,"cards_upgraded":["theextravagant:Cutthroat"]},{"damage_healed":0,"gold_gain":0,"player_choice":"Gave Potion","damage_taken":0,"relics_obtained":["CCEMRelics:FiftyFTOfRope"],"max_hp_gain":0,"max_hp_loss":0,"event_name":"WeMeetAgain","floor":21,"gold_loss":0}],"is_beta":false,"boss_relics":[{"not_picked":["halation:ForbiddenBikini","ChewingGum"],"picked":"halation:SmartPhone"}],"items_purged_floors":[3],"is_endless":false,"potions_floor_spawned":[6,7,11,14,16,22],"killed_by":"Slavers","ascension_level":0}}