{"host":"jjx","time":1611661676,"event":{"mods":["Act Like it!","BaseMod","Chen","DeckTracker","Downfall","Gensokyo","Marisa£®ÏF”Í°°ƒß¿Ì…≥£©","Minty Spire (QoL Compilation)","Quick Restart","Remilia£®¿Ÿ√◊¿Ú—«£©","StSLib","The Poker Player","The Servant 0.9.4","Waifu the Spire","Youmu£®ªÍ∆«—˝√Œ£©"],"gold_per_floor":[99,99,99,99,99,99,99,9,9,32,207,248,248,248,259,356,356,356,370,389,413,413,430,483,333,347,347,347,361,361,361,419,419,419,419],"floor_reached":33,"language":"ENG","playtime":1607,"items_purged":["downfall:Malfunctioning","Doubt"],"score":268,"play_id":"6aaa6082-8c48-4343-9e33-41a687d2c6b0","local_time":"20210126194756","is_ascension_mode":false,"campfire_choices":[{"data":"hexamod:Sear","floor":1.0,"key":"SMITH"},{"data":"hexamod:Firestarter","floor":9.0,"key":"SMITH"},{"floor":13.0,"key":"REST"},{"data":"hexamod:HeatMetal","floor":18.0,"key":"SMITH"},{"data":"hexamod:ExtraCrispy","floor":27.0,"key":"SMITH"},{"floor":30.0,"key":"REST"}],"circlet_count":0,"master_deck":["hexamod:Strike+1","hexamod:Strike+1","hexamod:Strike+1","hexamod:Defend+1","hexamod:Defend+1","hexamod:Defend+1","hexamod:Defend+1","hexamod:Sear+1","hexamod:Float+1","hexamod:BurningTouch+1","hexamod:BurningTouch+1","hexamod:Firestarter+1","hexamod:HeatMetal+1","hexamod:SixthSeal","hexamod:FirstSeal","hexamod:Firestarter+1","hexamod:RainOfEmbers+1","hexamod:HeatMetal+1","hexamod:ChargedBarrage","hexamod:ExtraCrispy+1","hexamod:StepThrough","Lust_TH","hexamod:Again","hexamod:SpectersWail"],"relics":["hexamod:SpiritBrand","downfall:HeartsMalice","Vajra","Pen Nib","Sozu","hexamod:TheBrokenSeal","Bronze Scales","downfall:KnowingSkull"],"acts_visited":["Exordium","TheCity"],"potions_floor_usage":[],"damage_taken":[{"damage":0.0,"enemies":"2 Louse","floor":2.0,"turns":1.0},{"damage":0.0,"enemies":"Jaw Worm","floor":3.0,"turns":1.0},{"damage":0.0,"enemies":"Cultist","floor":6.0,"turns":1.0},{"damage":10.0,"enemies":"downfall:FleeingMerchant","floor":8.0,"turns":4.0},{"damage":8.0,"enemies":"Large Slime","floor":10.0,"turns":3.0},{"damage":24.0,"enemies":"Gremlin Nob","floor":12.0,"turns":4.0},{"damage":14.0,"enemies":"2 Fungi Beasts","floor":15.0,"turns":5.0},{"damage":33.0,"enemies":"SI_SHIV_ARCHETYPE","floor":16.0,"turns":9.0},{"damage":19.0,"enemies":"Shell Parasite","floor":19.0,"turns":6.0},{"damage":37.0,"enemies":"3 Byrds","floor":20.0,"turns":7.0},{"damage":46.0,"enemies":"Snake Plant","floor":21.0,"turns":5.0},{"damage":15.0,"enemies":"3 Cultists","floor":23.0,"turns":5.0},{"damage":0.0,"enemies":"downfall:FleeingMerchant","floor":25.0,"turns":4.0},{"damage":9.0,"enemies":"Shelled Parasite and Fungi","floor":26.0,"turns":3.0},{"damage":25.0,"enemies":"Snecko","floor":29.0,"turns":4.0},{"damage":11.0,"enemies":"3 Cultists","floor":32.0,"turns":4.0},{"damage":44,"enemies":"DF_ARCHETYPE_CLAW","floor":33,"turns":3}],"seed_played":"-5663897829871372546","potions_obtained":[{"floor":10.0,"key":"ColorlessPotion"},{"floor":12.0,"key":"CultistPotion"},{"floor":16.0,"key":"hexamod:EctoCoolerPotion"}],"is_trial":false,"path_per_floor":["R","M","M","?","?","M","T","$","R","M","?","E","R","?","M","B",null,"R","M","M","M","?","M","T","$","M","R","?","M","R","?","M","B"],"character_chosen":"THE_SPIRIT","items_purchased":["hexamod:ExtraCrispy"],"campfire_rested":2,"item_purchase_floors":[25],"current_hp_per_floor":[70,70,70,70,70,70,70,60,60,52,52,28,49,49,42,9,70,70,58,35,61,61,53,53,60,51,51,51,33,57,50,39,0,0,0],"gold":419,"neow_bonus":"THREE_ENEMY_KILL","is_daily":false,"chose_seed":false,"campfire_upgraded":4,"win_rate":0.0,"timestamp":1611661676,"path_taken":["R","M","M","?","?","?","T","$","R","M","?","E","R","?","M","BOSS","R","M","M","M","?","?","T","?","M","R","?","M","R","?","M","BOSS"],"items_purchased_type":["Card"],"build_version":"2020-12-18","purchased_purges":2,"victory":false,"max_hp_per_floor":[70,70,70,70,70,70,70,70,70,70,70,70,70,70,70,70,70,70,70,70,80,80,80,80,80,80,80,80,80,80,80,80,80,80,80],"card_choices":[{"not_picked":["hexamod:SpectralAdrenaline","hexamod:SpectersWail"],"picked":"hexamod:BurningTouch","floor":2.0},{"not_picked":["hexamod:SpectersWail","hexamod:GhostOfSpireFuture"],"picked":"hexamod:SecondSeal","floor":3.0},{"not_picked":["hexamod:HeatMetal","hexamod:GhostLash"],"picked":"hexamod:Firestarter","floor":6.0},{"not_picked":["hexamod:SwordOfDarkness","hexamod:FastForward"],"picked":"hexamod:FifthSeal","floor":8.0},{"not_picked":["hexamod:ShieldOfDarkness","hexamod:InspiringFlames","hexamod:FastForward"],"picked":"SKIP","floor":10.0},{"not_picked":["hexamod:ThirdSeal","hexamod:FourthSeal"],"picked":"hexamod:FirstSeal","floor":12.0},{"not_picked":["hexamod:SwordOfDarkness","hexamod:RadiantFlame"],"picked":"hexamod:HeatMetal","floor":12.0},{"not_picked":["hexamod:FirstSeal","hexamod:ThirdSeal"],"picked":"hexamod:SixthSeal","floor":15.0},{"not_picked":["hexamod:NightmareStrike","hexamod:SecondSeal","hexamod:HeatMetal"],"picked":"SKIP","floor":15.0},{"not_picked":["hexamod:FirstSeal","hexamod:FourthSeal"],"picked":"hexamod:ThirdSeal","floor":16.0},{"not_picked":["hexamod:ParanormalForm","hexamod:GhostOfSpirePresent"],"picked":"hexamod:SixthSeal","floor":16.0},{"not_picked":["hexamod:SecondSeal","hexamod:ThirdSeal"],"picked":"hexamod:FirstSeal","floor":19.0},{"not_picked":["hexamod:FastForward","hexamod:NecessarySacrifice"],"picked":"hexamod:Firestarter","floor":19.0},{"not_picked":["hexamod:SecondSeal","hexamod:SpectersWail","hexamod:FastForward"],"picked":"SKIP","floor":19.0},{"not_picked":["hexamod:FirstSeal","hexamod:SecondSeal"],"picked":"hexamod:FourthSeal","floor":20.0},{"not_picked":["hexamod:PhantomCloak+1","hexamod:FifthSeal"],"picked":"hexamod:RainOfEmbers","floor":20.0},{"not_picked":["hexamod:Hexaguard+1","hexamod:AdvancingGuard"],"picked":"hexamod:HeatMetal+1","floor":21.0},{"not_picked":["hexamod:GhostShield","hexamod:GhostLash","hexamod:FourthSeal"],"picked":"SKIP","floor":23.0},{"not_picked":["hexamod:UnlimitedPower","hexamod:FirstSeal"],"picked":"hexamod:ChargedBarrage","floor":25.0},{"not_picked":["hexamod:NightmareGuise","hexamod:ShieldOfDarkness+1"],"picked":"hexamod:StepThrough","floor":26.0},{"not_picked":["hexamod:InspiringFlames","hexamod:BacktrackSmack"],"picked":"hexamod:Again","floor":29.0},{"not_picked":["hexamod:AdvancingGuard","hexamod:BacktrackSmack+1"],"picked":"hexamod:SpectersWail","floor":32.0}],"player_experience":597463,"relics_obtained":[{"floor":7.0,"key":"Vajra"},{"floor":12.0,"key":"Pen Nib"},{"floor":24.0,"key":"Bronze Scales"}],"event_choices":[],"is_beta":true,"boss_relics":[{"not_picked":["Philosopher\u0027s Stone","SlaversCollar"],"picked":"Sozu"}],"items_purged_floors":[8,25],"is_endless":false,"potions_floor_spawned":[10,12,16,19,21,26,29,32],"killed_by":"DF_ARCHETYPE_CLAW","ascension_level":0}}