{"host":"vhvubw4jk4f204qs","time":1611689452,"event":{"mods":["AchievementEnabler","BaseMod","DeckTracker","GifTheSpireLib","Minty Spire (QoL Compilation)","Permanent Neow","Quick Restart","StSLib","SuperFastMode","The IronCluck","slay the spire mod where everything is the same but ironclad has a cowboy hat"],"gold_per_floor":[109,124,141,156,166,166,193,193,193,223,242,252,279,47,47,122,122,134,150,46,65,78,78,104,104,104,133,149,149,149,167,167,240,240,260,314,314,9,19,53,11,36,36,50,75,86,115,131,131,131,131,131,131,5,31,31,31],"floor_reached":56,"language":"ENG","playtime":5333,"items_purged":["Strike_G","Defend_G"],"score":2177,"play_id":"e143a501-885b-4a6a-8c63-90c023936e70","local_time":"20210126143052","is_ascension_mode":true,"campfire_choices":[{"data":"Blade Dance","floor":6.0,"key":"SMITH"},{"floor":8.0,"key":"REST"},{"floor":15.0,"key":"REST"},{"floor":23.0,"key":"REST"},{"floor":30.0,"key":"REST"},{"data":"Apotheosis","floor":32.0,"key":"SMITH"},{"floor":49.0,"key":"RECALL"},{"data":"Adrenaline","floor":53.0,"key":"SMITH"}],"circlet_count":0,"master_deck":["AscendersBane","Defend_G","Defend_G","Defend_G","Defend_G","Survivor","Neutralize","Choke","Endless Agony","Quick Slash","Leg Sweep+1","Blade Dance+1","Slice","Backflip","Quick Slash","Caltrops","Crippling Poison","Footwork+1","Apotheosis+1","Corpse Explosion","Blade Dance+1","Adrenaline+1","Cloak And Dagger+1","Cloak And Dagger","Bite","Bite","Bite","Bite","Bite","Blade Dance","Well Laid Plans+1","Envenom+1","Blur+1","PiercingWail","Backflip","Dodge and Roll","Bullet Time","Backflip","Acrobatics+1","Deflect","Backflip","Dodge and Roll","Envenom+1","Deflect","Wraith Form v2+1"],"relics":["SlaversCollar","Vajra","The Courier","Paper Crane","Frozen Egg 2","Black Star","Ninja Scroll","Meat on the Bone","Blood Vial","Juzu Bracelet","Enchiridion","Cursed Key","Thread and Needle","Kunai","Potion Belt","Toy Ornithopter","Bronze Scales","War Paint","Ice Cream","Ancient Tea Set","Oddly Smooth Stone","Pear","Boot"],"acts_visited":["Exordium","TheCity","TheBeyond","TheEnding"],"potions_floor_usage":[56],"damage_taken":[{"damage":8.0,"enemies":"Cultist","floor":1.0,"turns":5.0},{"damage":5.0,"enemies":"Small Slimes","floor":2.0,"turns":3.0},{"damage":7.0,"enemies":"Jaw Worm","floor":3.0,"turns":4.0},{"damage":6.0,"enemies":"Exordium Wildlife","floor":4.0,"turns":5.0},{"damage":9.0,"enemies":"Blue Slaver","floor":5.0,"turns":4.0},{"damage":5.0,"enemies":"3 Sentries","floor":7.0,"turns":7.0},{"damage":8.0,"enemies":"Gremlin Nob","floor":10.0,"turns":3.0},{"damage":0.0,"enemies":"3 Louse","floor":11.0,"turns":3.0},{"damage":0.0,"enemies":"Large Slime","floor":12.0,"turns":4.0},{"damage":5.0,"enemies":"3 Sentries","floor":13.0,"turns":7.0},{"damage":6.0,"enemies":"The Guardian","floor":16.0,"turns":11.0},{"damage":0.0,"enemies":"Chosen","floor":18.0,"turns":7.0},{"damage":2.0,"enemies":"2 Thieves","floor":19.0,"turns":2.0},{"damage":21.0,"enemies":"Cultist and Chosen","floor":21.0,"turns":7.0},{"damage":14.0,"enemies":"Centurion and Healer","floor":22.0,"turns":7.0},{"damage":4.0,"enemies":"Slavers","floor":24.0,"turns":4.0},{"damage":20.0,"enemies":"Book of Stabbing","floor":27.0,"turns":6.0},{"damage":8.0,"enemies":"Snake Plant","floor":28.0,"turns":5.0},{"damage":1.0,"enemies":"Shelled Parasite and Fungi","floor":31.0,"turns":4.0},{"damage":21.0,"enemies":"Automaton","floor":33.0,"turns":8.0},{"damage":46.0,"enemies":"3 Darklings","floor":35.0,"turns":3.0},{"damage":16.0,"enemies":"2 Orb Walkers","floor":36.0,"turns":6.0},{"damage":0.0,"enemies":"3 Shapes","floor":39.0,"turns":4.0},{"damage":5.0,"enemies":"Nemesis","floor":40.0,"turns":7.0},{"damage":0.0,"enemies":"Giant Head","floor":42.0,"turns":7.0},{"damage":0.0,"enemies":"3 Darklings","floor":44.0,"turns":2.0},{"damage":0.0,"enemies":"Mind Bloom Boss Battle","floor":45.0,"turns":5.0},{"damage":3.0,"enemies":"Spire Growth","floor":46.0,"turns":3.0},{"damage":0.0,"enemies":"Reptomancer","floor":47.0,"turns":7.0},{"damage":0.0,"enemies":"Maw","floor":48.0,"turns":8.0},{"damage":19.0,"enemies":"Time Eater","floor":50.0,"turns":11.0},{"damage":6.0,"enemies":"Awakened One","floor":51.0,"turns":15.0},{"damage":24.0,"enemies":"Shield and Spear","floor":55.0,"turns":7.0},{"damage":62,"enemies":"The Heart","floor":56,"turns":2}],"seed_played":"-9204841604868557668","potions_obtained":[{"floor":2.0,"key":"Energy Potion"},{"floor":3.0,"key":"Fire Potion"},{"floor":7.0,"key":"SkillPotion"},{"floor":10.0,"key":"Block Potion"},{"floor":19.0,"key":"Strength Potion"},{"floor":22.0,"key":"Ancient Potion"},{"floor":24.0,"key":"Strength Potion"},{"floor":27.0,"key":"Energy Potion"},{"floor":35.0,"key":"SpeedPotion"},{"floor":40.0,"key":"EntropicBrew"},{"floor":44.0,"key":"DistilledChaos"}],"is_trial":false,"path_per_floor":["M","M","M","M","M","R","E","R","T","E","M","M","E","$","R","B",null,"M","M","$","M","M","R","E","?","T","E","M","?","R","M","R","B",null,"M","?","?","$","M","E","$","E","T","M","?","M","E","M","R","B","B",null,"R","$","E","B"],"character_chosen":"THE_SILENT","items_purchased":["Footwork+1","Apotheosis","ColorlessPotion","Kunai","Backflip","Swift Potion","Backflip","Weak Potion"],"campfire_rested":4,"item_purchase_floors":[14,14,20,38,38,38,41,54],"current_hp_per_floor":[51,46,39,33,24,24,19,38,38,30,30,30,25,25,44,38,59,59,57,57,36,22,41,37,37,37,28,34,13,26,31,31,31,42,14,18,18,18,32,44,44,46,46,46,46,46,46,46,46,38,46,46,46,46,44,0,0],"gold":31,"neow_bonus":"BOSS_RELIC","is_daily":false,"chose_seed":false,"campfire_upgraded":3,"win_rate":0.0,"timestamp":1611689452,"path_taken":["M","M","M","M","?","R","E","R","T","E","M","M","E","$","R","BOSS","M","M","$","M","M","R","E","?","T","E","M","?","R","M","R","BOSS","M","?","?","$","M","E","?","E","T","M","?","M","E","M","R","BOSS","BOSS","R","$","E","BOSS"],"items_purchased_type":["Card","Card","Potion","Relic","Card","Potion","Card","Potion"],"build_version":"2020-12-22","purchased_purges":2,"victory":false,"max_hp_per_floor":[66,66,66,66,66,66,66,66,66,66,66,66,66,66,66,66,66,66,66,66,66,66,66,66,46,46,46,46,46,46,46,46,46,46,46,46,46,46,46,46,46,46,46,46,46,46,46,46,46,46,46,46,46,46,56,56,56],"card_choices":[{"not_picked":["Backflip","Catalyst"],"picked":"Choke","floor":1.0},{"not_picked":["Sucker Punch","Quick Slash"],"picked":"Endless Agony","floor":2.0},{"not_picked":["Bane","Flying Knee"],"picked":"Quick Slash","floor":3.0},{"not_picked":["Expertise","Deadly Poison"],"picked":"Leg Sweep","floor":4.0},{"not_picked":["Caltrops","Prepared"],"picked":"Blade Dance","floor":5.0},{"not_picked":["Tactician","Flechettes"],"picked":"Slice","floor":7.0},{"not_picked":["Outmaneuver","Blur"],"picked":"Backflip","floor":10.0},{"not_picked":["Tools of the Trade","Concentrate"],"picked":"Quick Slash","floor":11.0},{"not_picked":["Tactician","Poisoned Stab"],"picked":"Caltrops","floor":12.0},{"not_picked":["Flechettes","Poisoned Stab"],"picked":"Crippling Poison","floor":13.0},{"not_picked":["Venomology","Phantasmal Killer"],"picked":"Corpse Explosion","floor":16.0},{"not_picked":["Dagger Throw","Bane+1","Outmaneuver"],"picked":"SKIP","floor":18.0},{"not_picked":["Slice","Accuracy+1"],"picked":"Blade Dance+1","floor":19.0},{"not_picked":["Dodge and Roll","Outmaneuver"],"picked":"Adrenaline","floor":21.0},{"not_picked":["Terror","Eviscerate"],"picked":"Cloak And Dagger+1","floor":22.0},{"not_picked":["Slice","Crippling Poison"],"picked":"Cloak And Dagger","floor":24.0},{"not_picked":["Noxious Fumes+1","Calculated Gamble","Flying Knee+1"],"picked":"SKIP","floor":27.0},{"not_picked":["Noxious Fumes+1","Calculated Gamble","Flying Knee+1"],"picked":"SKIP","floor":27.0},{"not_picked":["Underhanded Strike","Bane"],"picked":"Blade Dance","floor":28.0},{"not_picked":["Blade Dance","Dagger Spray"],"picked":"Well Laid Plans+1","floor":31.0},{"not_picked":["Grand Finale","Bullet Time"],"picked":"Envenom+1","floor":33.0},{"not_picked":["Sucker Punch","Tactician+1"],"picked":"Blur+1","floor":35.0},{"not_picked":["Backstab","Sucker Punch"],"picked":"PiercingWail","floor":36.0},{"not_picked":["Prepared","Terror"],"picked":"Dodge and Roll","floor":39.0},{"not_picked":["Blade Dance","Slice"],"picked":"Bullet Time","floor":40.0},{"not_picked":["Tactician","Eviscerate"],"picked":"Acrobatics","floor":42.0},{"not_picked":["Blade Dance","Concentrate"],"picked":"Deflect","floor":44.0},{"not_picked":["Masterful Stab","Dagger Spray"],"picked":"Backflip","floor":45.0},{"not_picked":["Deflect","Calculated Gamble"],"picked":"Dodge and Roll","floor":46.0},{"not_picked":["Deadly Poison","Accuracy+1"],"picked":"Envenom+1","floor":47.0},{"not_picked":["PiercingWail","Underhanded Strike"],"picked":"Deflect","floor":48.0},{"not_picked":["Calculated Gamble","Tools of the Trade+1"],"picked":"Wraith Form v2+1","floor":55.0}],"player_experience":719403,"relics_obtained":[{"floor":7.0,"key":"Vajra"},{"floor":9.0,"key":"The Courier"},{"floor":10.0,"key":"Paper Crane"},{"floor":13.0,"key":"Frozen Egg 2"},{"floor":24.0,"key":"Ninja Scroll"},{"floor":24.0,"key":"Meat on the Bone"},{"floor":27.0,"key":"Blood Vial"},{"floor":27.0,"key":"Juzu Bracelet"},{"floor":29.0,"key":"Enchiridion"},{"floor":36.0,"key":"Thread and Needle"},{"floor":40.0,"key":"Potion Belt"},{"floor":40.0,"key":"Toy Ornithopter"},{"floor":42.0,"key":"Bronze Scales"},{"floor":42.0,"key":"War Paint"},{"floor":45.0,"key":"Ice Cream"},{"floor":47.0,"key":"Ancient Tea Set"},{"floor":47.0,"key":"Oddly Smooth Stone"},{"floor":55.0,"key":"Pear"},{"floor":55.0,"key":"Boot"}],"event_choices":[{"damage_healed":0.0,"max_hp_gain":0.0,"max_hp_loss":20.0,"gold_gain":0.0,"event_name":"Vampires","player_choice":"Became a vampire","floor":25.0,"gold_loss":0.0,"damage_taken":0.0,"cards_obtained":["Bite","Bite","Bite","Bite","Bite"]},{"damage_healed":0.0,"max_hp_gain":0.0,"max_hp_loss":0.0,"gold_gain":0.0,"event_name":"Cursed Tome","player_choice":"Obtained Book","floor":29.0,"gold_loss":0.0,"damage_taken":21.0},{"damage_healed":0.0,"max_hp_gain":0.0,"max_hp_loss":0.0,"gold_gain":0.0,"event_name":"Mysterious Sphere","player_choice":"Fight","floor":36.0,"gold_loss":0.0,"damage_taken":0.0},{"damage_healed":0.0,"max_hp_gain":0.0,"max_hp_loss":0.0,"gold_gain":0.0,"event_name":"Tomb of Lord Red Mask","player_choice":"Ignored","floor":37.0,"gold_loss":0.0,"damage_taken":0.0},{"damage_healed":0.0,"max_hp_gain":0.0,"max_hp_loss":0.0,"gold_gain":0.0,"event_name":"MindBloom","player_choice":"Fight","floor":45.0,"gold_loss":0.0,"damage_taken":0.0}],"is_beta":false,"boss_relics":[{"not_picked":["Sozu","WristBlade"],"picked":"Black Star"},{"not_picked":["Velvet Choker","Empty Cage"],"picked":"Cursed Key"}],"items_purged_floors":[20,54],"is_endless":false,"potions_floor_spawned":[2,3,7,10,11,19,22,24,27,31,35,40,44],"killed_by":"The Heart","ascension_level":20}}