{"host":"kn32u0f2pym5bozc","time":1611689167,"event":{"mods":["2.2 Compatiblity","BaseMod","Better Third Choice","Marisa????????","Minty Spire (QoL Compilation)","Permanent Neow","Relic Stats","StSLib","The Animator"],"gold_per_floor":[219,94,114,114,126,126,138,160,160,171,200,200,212,238,238,341,341,351,371,371,83,115,115,146,48,75,75,91,91,124,22,22,131,131,141,7,282,98,115,115,144,144,144],"floor_reached":42,"language":"ENG","playtime":3227,"items_purged":["animator:Strike","animator:Strike","animator:Natsumi","animator:MeguKakizaki","animator:Strike"],"score":525,"play_id":"f3a93a70-754b-4290-80cb-4930e6c6e6da","local_time":"20210126142607","is_ascension_mode":true,"campfire_choices":[{"data":"animator:Bozes","floor":6.0,"key":"SMITH"},{"data":"animator:HidekiHinata","floor":12.0,"key":"SMITH"},{"data":"animator:Kazuma","floor":15,"key":"SMITH"},{"data":"animator:HiiragiShinya","floor":23,"key":"SMITH"},{"floor":27,"key":"REST"},{"data":"animator:Mikaela","floor":29,"key":"SMITH"},{"data":"animator:HiiragiShinya","floor":32,"key":"SMITH"},{"data":"animator:OrigamiTobiichi","floor":40,"key":"SMITH"}],"circlet_count":0,"master_deck":["animator:Strike_RozenMaiden","animator:Defend_RozenMaiden","animator:Defend","animator:Defend","animator:Defend","animator:Souseiseki","animator:Hinaichigo","animator:Bozes+1","animator:Kazuma+1","animator:Mitsuba","animator:Shimako","animator:RoryMercury","animator:JunSakurada+5","animator:HidekiHinata+1","animator:Suiseiseki","animator:Eris","animator:Yuuichirou","animator:HiiragiShinya+1","animator:Ainz","animator:HiiragiShinya+1","animator:Mikaela+1","animator:Melzalgald","animator:SanaeKochiya","animator:CrowleyEusford","animator:Shuna","animator:Shiro","animator:OrigamiTobiichi+1","animator:Lelouch","Regret","animator:Witch","animator:Kagari","animator:Biyorigo"],"relics":["animator:LivingPicture","animator:TheMissingPiece","animator:PurgingStone","Red Skull","Mercury Hourglass","Lantern","WingedGreaves","Sozu","Membership Card","MealTicket","Bronze Scales","Pantograph","SlaversCollar","Vajra","Question Card"],"acts_visited":["Exordium","TheCity","TheBeyond"],"potions_floor_usage":[22],"damage_taken":[{"damage":3.0,"enemies":"Small Slimes","floor":1.0,"turns":4.0},{"damage":0.0,"enemies":"Cultist","floor":3.0,"turns":2.0},{"damage":0.0,"enemies":"2 Louse","floor":5.0,"turns":3.0},{"damage":11.0,"enemies":"Exordium Thugs","floor":7.0,"turns":4.0},{"damage":17.0,"enemies":"Exordium Wildlife","floor":8.0,"turns":5.0},{"damage":4.0,"enemies":"Gremlin Gang","floor":10.0,"turns":4.0},{"damage":5.0,"enemies":"Gremlin Nob","floor":11.0,"turns":3.0},{"damage":0.0,"enemies":"Looter","floor":13.0,"turns":2.0},{"damage":4.0,"enemies":"3 Sentries","floor":14.0,"turns":4.0},{"damage":14,"enemies":"The Guardian","floor":16,"turns":9},{"damage":3,"enemies":"Chosen","floor":18,"turns":4},{"damage":25,"enemies":"2 Thieves","floor":19,"turns":4},{"damage":11,"enemies":"Snake Plant","floor":22,"turns":4},{"damage":36,"enemies":"Gremlin Leader","floor":24,"turns":7},{"damage":0,"enemies":"3 Cultists","floor":28,"turns":3},{"damage":10,"enemies":"Book of Stabbing","floor":30,"turns":4},{"damage":51,"enemies":"Automaton","floor":33,"turns":9},{"damage":11,"enemies":"3 Shapes","floor":35,"turns":4},{"damage":23,"enemies":"3 Darklings","floor":39,"turns":5},{"damage":38,"enemies":"Giant Head","floor":41,"turns":9},{"damage":5,"enemies":"4 Shapes","floor":42,"turns":3}],"seed_played":"-2109993747213448785","potions_obtained":[{"floor":1.0,"key":"SteroidPotion"},{"floor":3.0,"key":"SteroidPotion"},{"floor":8.0,"key":"Fire Potion"},{"floor":16,"key":"ColorlessPotion"}],"is_trial":false,"path_per_floor":["M","$","M","?","M","R","M","M","T","M","E","R","M","E","R","B",null,"M","M","?","$","M","R","E","$","T","R","M","R","E","$","R","B",null,"M","$","?","$","M","R","E","M"],"character_chosen":"THE_ANIMATOR","items_purchased":["animator:Kazuma","Membership Card","animator:Ainz","animator:HiiragiShinya","animator:Melzalgald","animator:Shuna","animator:OrigamiTobiichi","animator:Lelouch","animator:Witch","Vajra"],"campfire_rested":1,"item_purchase_floors":[2,21,21,21,25,31,36,36,38,38],"current_hp_per_floor":[63,63,63,63,63,63,52,35,35,31,26,26,27,23,23,9,67,64,42,42,42,34,34,1,16,16,36,39,39,32,47,47,16,67,59,67,67,67,47,47,12,7,7],"gold":144,"neow_bonus":"HUNDRED_GOLD","is_daily":false,"chose_seed":true,"campfire_upgraded":7,"win_rate":0.0,"timestamp":1611689167,"path_taken":["M","$","M","?","M","R","M","?","T","M","E","R","M","E","R","BOSS","M","M","?","$","M","R","E","?","T","R","M","R","E","$","R","BOSS","M","$","?","$","M","R","E","M"],"items_purchased_type":["Card","Relic","Card","Card","Card","Card","Card","Card","Card","Relic"],"build_version":"2020-12-22","purchased_purges":5,"victory":false,"max_hp_per_floor":[66,66,66,66,66,66,66,66,66,66,66,66,67,67,67,67,67,67,67,67,67,67,67,67,67,67,67,67,67,67,67,67,67,67,67,67,67,67,67,67,67,67,67],"relic_stats":{"Sozu":5,"counters":[21,95],"Bronze Scales":[113],"Pantograph":20,"MealTicket":38,"Question Card":0,"obtain_stats":[{"Lantern":11,"animator:TheMissingPiece":0,"Vajra":38,"Question Card":41,"Mercury Hourglass":9,"Sozu":17,"SlaversCollar":34,"animator:PurgingStone":0,"Bronze Scales":26,"Pantograph":30,"MealTicket":24,"animator:LivingPicture":0,"WingedGreaves":14,"Membership Card":21,"Red Skull":4},{"Lantern":7,"animator:TheMissingPiece":0,"Vajra":18,"Question Card":20,"Mercury Hourglass":5,"Sozu":10,"SlaversCollar":17,"animator:PurgingStone":0,"Bronze Scales":14,"Pantograph":16,"MealTicket":14,"animator:LivingPicture":0,"WingedGreaves":9,"Membership Card":12,"Red Skull":2},{"Lantern":25,"animator:TheMissingPiece":0,"Vajra":78,"Question Card":92,"Mercury Hourglass":18,"Sozu":40,"SlaversCollar":74,"animator:PurgingStone":0,"Bronze Scales":58,"Pantograph":65,"MealTicket":58,"animator:LivingPicture":0,"WingedGreaves":31,"Membership Card":47,"Red Skull":6}],"Mercury Hourglass":[347]},"card_choices":[{"not_picked":["animator:JunSakurada","animator:ShizuruNakatsu"],"picked":"animator:Bozes","floor":1.0},{"not_picked":["animator:Tetora","animator:Serara"],"picked":"animator:Mitsuba","floor":3.0},{"not_picked":["animator:Lu","animator:PandorasActor"],"picked":"animator:Shimako","floor":5.0},{"not_picked":["animator:Tyuule","animator:Arpeggio"],"picked":"animator:RoryMercury","floor":7.0},{"not_picked":["animator:Shiro","animator:Darkness"],"picked":"animator:JunSakurada","floor":8.0},{"not_picked":["animator:SuzuneAmano","animator:Nanami"],"picked":"animator:HidekiHinata","floor":10.0},{"not_picked":["animator:Kazuma","animator:Shimako"],"picked":"animator:Natsumi","floor":11.0},{"not_picked":["animator:JunSakurada","animator:Suigintou"],"picked":"animator:Suiseiseki","floor":13.0},{"not_picked":["animator:ReimuHakurei","animator:MasamiIwasawa","animator:ShinjiMatou"],"picked":"SKIP","floor":14.0},{"not_picked":["animator:HiedaNoAkyuu","animator:AcuraShin"],"picked":"animator:Eris","floor":16},{"not_picked":["animator:ElricEdward","animator:Darkness"],"picked":"animator:Yuuichirou","floor":18},{"not_picked":["animator:YunYun+1","animator:Aqua"],"picked":"animator:HiiragiShinya","floor":19},{"not_picked":["animator:Suigintou","animator:Hinaichigo"],"picked":"animator:MeguKakizaki","floor":22},{"not_picked":["animator:Akatsuki","animator:Noda"],"picked":"animator:Mikaela","floor":24},{"not_picked":["animator:Arpeggio","animator:Tohya+1"],"picked":"animator:SanaeKochiya","floor":28},{"not_picked":["animator:Verdia","animator:Elsword"],"picked":"animator:CrowleyEusford","floor":30},{"not_picked":["animator:PinaCoLada","animator:YuriNakamura"],"picked":"animator:Shiro","floor":33},{"not_picked":["animator:Demiurge+1","animator:SakuyaOhtori"],"picked":"animator:Kagari","floor":39},{"not_picked":["animator:Yoichi+1","animator:Shirosaki"],"picked":"animator:Biyorigo","floor":41}],"player_experience":888377,"relics_obtained":[{"floor":9.0,"key":"Mercury Hourglass"},{"floor":11.0,"key":"Lantern"},{"floor":14.0,"key":"WingedGreaves"},{"floor":24,"key":"MealTicket"},{"floor":26,"key":"Bronze Scales"},{"floor":30,"key":"Pantograph"},{"floor":41,"key":"Question Card"}],"event_choices":[{"damage_healed":0.0,"max_hp_gain":0.0,"max_hp_loss":0.0,"gold_gain":0.0,"event_name":"WeMeetAgain","player_choice":"Gave Potion","floor":4.0,"gold_loss":0.0,"damage_taken":0.0,"relics_obtained":["Red Skull"]},{"damage_healed":0,"gold_gain":0,"player_choice":"Bought 0 Potions","damage_taken":0,"max_hp_gain":0,"max_hp_loss":0,"event_name":"The Woman in Blue","floor":20,"gold_loss":0},{"damage_healed":0,"gold_gain":275,"player_choice":"Desecrate","damage_taken":0,"max_hp_gain":0,"max_hp_loss":0,"event_name":"Golden Shrine","floor":37,"gold_loss":0,"cards_obtained":["Regret"]}],"is_beta":false,"boss_relics":[{"not_picked":["Ectoplasm","Runic Dome"],"picked":"Sozu"},{"not_picked":["Fusion Hammer","Tiny House"],"picked":"SlaversCollar"}],"items_purged_floors":[2,21,25,31,38],"is_endless":false,"potions_floor_spawned":[1,3,8,16,18,28,35,41],"killed_by":"4 Shapes","ascension_level":1}}