{"host":"rhakyh2m1vy6smuu","time":1611685297,"event":{"mods":["BaseMod","Downfall","Minty Spire (QoL Compilation)","StSLib"],"gold_per_floor":[0,13,32,32,43,43,68,68,168,168,268,303,314,326,341,443,443,443,459,153,153,165,184,233,233,243,243,270,270,290,290,301,399,399,399,413,413,413,425,425,452,23,37,56,75,89,89,89,101,101],"floor_reached":51,"language":"ENG","playtime":2821,"items_purged":["bronze:Strike","bronze:NullPointer"],"score":704,"play_id":"a93ad8e3-9e22-433d-bb88-3edda1a7e654","local_time":"20210126112137","is_ascension_mode":true,"campfire_choices":[{"data":"bronze:Replicate","floor":1,"key":"SMITH"},{"data":"bronze:Iterate","floor":6,"key":"SMITH"},{"data":"bronze:Overheat","floor":8,"key":"SMITH"},{"data":"bronze:Shell","floor":10,"key":"SMITH"},{"data":"bronze:Flail","floor":18,"key":"SMITH"},{"data":"bronze:Boost","floor":25,"key":"SMITH"},{"data":"bronze:Boost","floor":27,"key":"SMITH"},{"floor":29,"key":"REST"},{"data":"bronze:Terminator","floor":35,"key":"SMITH"},{"data":"bronze:RecursiveStrike","floor":47,"key":"SMITH"}],"circlet_count":0,"master_deck":["bronze:Strike","bronze:Strike","bronze:Defend","bronze:Defend","bronze:Defend","bronze:Defend","bronze:Replicate+1","bronze:Goto","bronze:Shell+1","bronze:Overheat+1","bronze:Iterate+1","bronze:DigitalCarnage","bronze:Flail+1","bronze:Boost+1","bronze:RecursiveStrike+1","bronze:Invalidate+1","bronze:Boost+1","bronze:BronzeOrb","bronze:CloningBeam+1","bronze:Terminator+1","bronze:Boost+1","bronze:CloningBeam+1","bronze:Branch+1","bronze:CutThrough+1","expansioncontent:YouAreMine","bronze:Overload+1","bronze:Fortify+1"],"relics":["bronze:PlatinumCore","Torii","Pen Nib","Potion Belt","sneckomod:BabySnecko","Bag of Preparation","Dream Catcher","Philosopher\u0027s Stone","Juzu Bracelet","Kunai","Lantern","Lee\u0027s Waffle","PreservedInsect"],"acts_visited":["Exordium","TheCity","TheBeyond"],"potions_floor_usage":[16,16,28,28,33,42,50,50,50,50,50],"damage_taken":[{"damage":0,"enemies":"Small Slimes","floor":2,"turns":2},{"damage":1,"enemies":"Cultist","floor":3,"turns":3},{"damage":1,"enemies":"Jaw Worm","floor":5,"turns":3},{"damage":17,"enemies":"Gremlin Nob","floor":12,"turns":4},{"damage":0,"enemies":"Blue Slaver","floor":13,"turns":1},{"damage":1,"enemies":"3 Louse","floor":14,"turns":3},{"damage":0,"enemies":"Exordium Wildlife","floor":15,"turns":3},{"damage":14,"enemies":"DF_ARCHETYPE_STREAMLINE","floor":16,"turns":9},{"damage":0,"enemies":"Spheric Guardian","floor":19,"turns":3},{"damage":0,"enemies":"downfall:FleeingMerchant","floor":20,"turns":4},{"damage":1,"enemies":"Chosen","floor":22,"turns":3},{"damage":20,"enemies":"Snake Plant","floor":23,"turns":3},{"damage":0,"enemies":"Snecko","floor":26,"turns":2},{"damage":17,"enemies":"Book of Stabbing","floor":28,"turns":4},{"damage":8,"enemies":"Centurion and Healer","floor":30,"turns":4},{"damage":0,"enemies":"3 Cultists","floor":32,"turns":3},{"damage":25,"enemies":"SI_MIRROR_ARCHETYPE","floor":33,"turns":4},{"damage":0,"enemies":"3 Darklings","floor":36,"turns":3},{"damage":0,"enemies":"Orb Walker","floor":39,"turns":2},{"damage":1,"enemies":"downfall:FleeingMerchant","floor":42,"turns":3},{"damage":0,"enemies":"Maw","floor":43,"turns":4},{"damage":0,"enemies":"Jaw Worm Horde","floor":44,"turns":4},{"damage":0,"enemies":"3 Darklings","floor":45,"turns":3},{"damage":0,"enemies":"Sphere and 2 Shapes","floor":46,"turns":3},{"damage":0,"enemies":"Jaw Worm Horde","floor":49,"turns":2},{"damage":26,"enemies":"IC_BLOCK_ARCHETYPE","floor":50,"turns":7}],"seed_played":"-936029678058530916","potions_obtained":[{"floor":5,"key":"Dexterity Potion"},{"floor":12,"key":"Block Potion"},{"floor":14,"key":"Slimebound:ThreeZeroPotion"},{"floor":19,"key":"Dexterity Potion"},{"floor":22,"key":"LiquidMemories"},{"floor":23,"key":"PowerPotion"},{"floor":32,"key":"SneckoOil"},{"floor":33,"key":"FearPotion"},{"floor":39,"key":"FearPotion"},{"floor":43,"key":"SmokeBomb"},{"floor":45,"key":"CultistPotion"},{"floor":46,"key":"DistilledChaos"}],"is_trial":false,"path_per_floor":["R","M","M","?","M","R","T","R","?","R","?","E","M","M","M","B",null,"R","M","$","?","M","M","T","R","M","R","E","R","M","?","M","B",null,"R","M","?","?","M","?","T","$","M","M","M","M","R","?","M","B",null],"character_chosen":"THE_AUTOMATON","items_purchased":["bronze:Verify","bronze:BronzeOrb","Kunai","Lantern","Fruit Juice","Lee\u0027s Waffle"],"campfire_rested":1,"item_purchase_floors":[20,20,42,42,42,42],"current_hp_per_floor":[70,70,69,69,68,68,68,68,68,68,68,51,51,50,50,36,70,70,70,70,70,69,49,49,49,49,49,32,53,45,45,45,20,70,70,70,70,70,70,70,70,82,82,82,82,82,82,82,82,56],"gold":101,"neow_bonus":"ONE_RARE_RELIC","is_daily":false,"chose_seed":false,"campfire_upgraded":9,"win_rate":0.0,"timestamp":1611685297,"path_taken":["R","M","M","?","M","R","T","R","?","R","?","E","M","?","M","BOSS","R","M","$","?","M","M","T","R","M","R","E","R","M","?","M","BOSS","R","M","?","?","?","?","T","$","M","M","M","M","R","?","M","BOSS"],"items_purchased_type":["Card","Card","Relic","Relic","Potion","Relic"],"build_version":"2020-12-22","purchased_purges":2,"victory":true,"max_hp_per_floor":[70,70,70,70,70,70,70,70,70,70,70,70,70,70,70,70,70,70,70,70,70,70,70,70,70,70,70,70,70,70,70,70,70,70,70,70,70,70,70,70,70,82,82,82,82,82,82,82,82,82],"card_choices":[{"not_picked":["bronze:Shield","bronze:DarkDash"],"picked":"bronze:Shell","floor":2},{"not_picked":["bronze:Optimize","bronze:FineTuning"],"picked":"bronze:Overheat","floor":3},{"not_picked":["bronze:Allocate","bronze:DelayedGuard"],"picked":"bronze:Iterate","floor":5},{"not_picked":["bronze:MaxOutput","bronze:OilSpill"],"picked":"bronze:DigitalCarnage","floor":12},{"not_picked":["bronze:Constructor","bronze:BuggyMess"],"picked":"bronze:Flail","floor":13},{"not_picked":["bronze:Overheat","bronze:Frontload"],"picked":"bronze:Boost","floor":14},{"not_picked":["bronze:BugBarrage","bronze:Frontload","bronze:WildBeam"],"picked":"SKIP","floor":15},{"not_picked":["bronze:BurnOut","bronze:ThunderWave"],"picked":"bronze:RecursiveStrike","floor":16},{"not_picked":["bronze:BuggyMess+1","bronze:Frontload"],"picked":"bronze:Invalidate+1","floor":19},{"not_picked":["bronze:WildBeam","bronze:DarkDash"],"picked":"bronze:Boost","floor":20},{"not_picked":["bronze:Return","bronze:WildBeam","bronze:NullPointer"],"picked":"SKIP","floor":22},{"not_picked":["bronze:MaxOutput","bronze:BitShift+1"],"picked":"bronze:CloningBeam+1","floor":23},{"not_picked":["bronze:FineTuning","bronze:FollowUp","bronze:DelayedSlice"],"picked":"SKIP","floor":26},{"not_picked":["bronze:Optimize+1","bronze:Overheat+1"],"picked":"bronze:Terminator","floor":28},{"not_picked":["bronze:Overheat","bronze:BronzeOrb"],"picked":"bronze:Boost+1","floor":29},{"not_picked":["bronze:Boost+1","bronze:Separator"],"picked":"bronze:CloningBeam+1","floor":30},{"not_picked":["bronze:ItsAFeature+1","bronze:Branch","bronze:WildBeam"],"picked":"SKIP","floor":32},{"not_picked":["bronze:Turbo","bronze:Invalidate+1"],"picked":"bronze:Branch+1","floor":36},{"not_picked":["bronze:Return+1","bronze:Turbo"],"picked":"bronze:CutThrough+1","floor":39},{"not_picked":["expansioncontent:LastStand","expansioncontent:GuardianWhirl"],"picked":"expansioncontent:YouAreMine","floor":40},{"not_picked":["bronze:Branch+1","bronze:BuggyMess"],"picked":"bronze:Overload+1","floor":42},{"not_picked":["bronze:WildBeam+1","bronze:ItsAFeature","bronze:Return+1"],"picked":"SKIP","floor":43},{"not_picked":["bronze:Turbo+1","bronze:Frontload","bronze:ItsAFeature"],"picked":"SKIP","floor":44},{"not_picked":["bronze:CutThrough+1","bronze:BitShift","bronze:Shield+1"],"picked":"SKIP","floor":45},{"not_picked":["bronze:Shield","bronze:Repulsor+1"],"picked":"bronze:Fortify+1","floor":46},{"not_picked":["bronze:WildBeam+1","bronze:Turbo","bronze:DigitalCarnage"],"picked":"SKIP","floor":49}],"player_experience":1647406,"relics_obtained":[{"floor":7,"key":"Pen Nib"},{"floor":12,"key":"Potion Belt"},{"floor":24,"key":"Bag of Preparation"},{"floor":28,"key":"Dream Catcher"},{"floor":41,"key":"Juzu Bracelet"},{"floor":48,"key":"PreservedInsect"}],"event_choices":[{"cards_removed":["bronze:Strike"],"damage_healed":0,"gold_gain":0,"player_choice":"Card Removal","damage_taken":0,"max_hp_gain":0,"max_hp_loss":0,"event_name":"The Cleric","floor":4,"gold_loss":0},{"cards_removed":["bronze:Verify"],"damage_healed":0,"gold_gain":0,"player_choice":"Removed Power","damage_taken":0,"max_hp_gain":0,"max_hp_loss":0,"event_name":"Falling","floor":37,"gold_loss":0}],"is_beta":false,"boss_relics":[{"not_picked":["Tiny House","Pandora\u0027s Box"],"picked":"bronze:PlatinumCore"},{"not_picked":["bronze:MakeshiftBattery","Astrolabe"],"picked":"Philosopher\u0027s Stone"}],"items_purged_floors":[20,42],"is_endless":false,"potions_floor_spawned":[5,12,14,19,22,23,32,33,39,43,45,46],"ascension_level":1}}