{"host":"63yhhrjweyj22b0v","time":1611630880,"event":{"mods":["BaseMod","Minty Spire (QoL Compilation)","Quick Restart"],"gold_per_floor":[109,109,119,119,133,133,133,161,184,184,216,235,15,43,43,141,141,154,167,180,198,158,158,177,187,213,213,128,49,60,60,60,60,60],"floor_reached":33,"language":"ENG","playtime":1097,"items_purged":[],"score":267,"play_id":"b05a88c0-5d61-46bf-aef3-1d5a7816741f","local_time":"20210125211440","is_ascension_mode":false,"campfire_choices":[{"data":"Tempest","floor":6,"key":"SMITH"},{"floor":10,"key":"REST"},{"floor":15,"key":"REST"},{"floor":23,"key":"REST"},{"floor":27,"key":"REST"},{"floor":32,"key":"REST"}],"circlet_count":0,"master_deck":["Strike_B","Strike_B","Strike_B","Defend_B","Defend_B","Defend_B","Defend_B","Zap","Dualcast","Capacitor","Conserve Battery","Tempest+1","Strike_B","Ball Lightning","Ball Lightning","Barrage","Defragment","Fission","Static Discharge","Biased Cognition","Loop","Consume","Storm","Buffer+1","Self Repair+1","Barrage+1","Self Repair","Reinforced Body+1","Beam Cell+1","Redo","White Noise"],"relics":["Cracked Core","NeowsBlessing","Regal Pillow","Unceasing Top","Blood Vial","Pen Nib","Orrery","Dream Catcher","Inserter","Strawberry","Gambling Chip","MutagenicStrength"],"acts_visited":["Exordium","TheCity"],"potions_floor_usage":[8,18,21,24,24,33],"damage_taken":[{"damage":0,"enemies":"2 Louse","floor":1,"turns":1},{"damage":0,"enemies":"Cultist","floor":3,"turns":1},{"damage":0,"enemies":"Small Slimes","floor":5,"turns":1},{"damage":21,"enemies":"Lagavulin","floor":8,"turns":5},{"damage":18,"enemies":"3 Sentries","floor":11,"turns":7},{"damage":8,"enemies":"Looter","floor":12,"turns":3},{"damage":35,"enemies":"Lagavulin","floor":14,"turns":4},{"damage":36,"enemies":"Hexaghost","floor":16,"turns":7},{"damage":10,"enemies":"Chosen","floor":18,"turns":4},{"damage":18,"enemies":"3 Byrds","floor":19,"turns":4},{"damage":40,"enemies":"Centurion and Healer","floor":20,"turns":6},{"damage":32,"enemies":"Snake Plant","floor":21,"turns":4},{"damage":59,"enemies":"3 Cultists","floor":24,"turns":6},{"damage":19,"enemies":"Centurion and Healer","floor":25,"turns":5},{"damage":39,"enemies":"Snake Plant","floor":30,"turns":5},{"damage":82,"enemies":"Automaton","floor":33,"turns":6}],"seed_played":"547011250380047593","potions_obtained":[{"floor":2,"key":"GamblersBrew"},{"floor":2,"key":"LiquidMemories"},{"floor":2,"key":"PowerPotion"},{"floor":8,"key":"FairyPotion"},{"floor":19,"key":"PotionOfCapacity"},{"floor":21,"key":"SkillPotion"},{"floor":25,"key":"PowerPotion"},{"floor":30,"key":"FearPotion"}],"is_trial":false,"path_per_floor":["M","?","M","?","M","R","?","E","T","R","E","M","$","E","R","B",null,"M","M","M","M","?","R","M","M","T","R","?","$","M","?","R","B"],"character_chosen":"DEFECT","items_purchased":["Defragment","Orrery","White Noise"],"campfire_rested":5,"item_purchase_floors":[13,13,29],"current_hp_per_floor":[75,75,75,63,63,63,63,42,42,75,57,51,51,18,55,21,75,65,49,21,25,25,62,22,15,22,61,61,61,41,41,80,0,0],"gold":60,"neow_bonus":"THREE_ENEMY_KILL","is_daily":false,"chose_seed":false,"campfire_upgraded":1,"win_rate":0.0,"timestamp":1611630880,"path_taken":["M","?","?","?","M","R","?","E","T","R","E","?","?","E","R","BOSS","M","M","?","M","?","R","?","M","T","R","?","$","M","?","R","BOSS"],"items_purchased_type":["Card","Relic","Card"],"build_version":"2020-12-22","purchased_purges":0,"victory":false,"max_hp_per_floor":[75,75,75,75,75,75,75,75,75,75,75,75,75,75,75,75,75,75,75,75,75,75,75,75,75,82,82,82,82,82,82,82,82,82],"card_choices":[{"not_picked":["Hologram","Gash"],"picked":"Capacitor","floor":1},{"not_picked":["Steam","Stack"],"picked":"Conserve Battery","floor":3},{"not_picked":["Go for the Eyes","Skim"],"picked":"Tempest","floor":5},{"not_picked":["Meteor Strike","Heatsinks"],"picked":"Ball Lightning","floor":8},{"not_picked":["Scrape","Cold Snap"],"picked":"Ball Lightning","floor":11},{"not_picked":["Recycle","Coolheaded"],"picked":"Barrage","floor":12},{"not_picked":["Scrape","Steam Power"],"picked":"Fission","floor":13},{"not_picked":["Turbo","Conserve Battery"],"picked":"Static Discharge","floor":13},{"not_picked":["Turbo","Coolheaded"],"picked":"Biased Cognition","floor":13},{"not_picked":["Stack","Aggregate"],"picked":"Loop","floor":13},{"not_picked":["Tempest","Genetic Algorithm"],"picked":"Consume","floor":13},{"not_picked":["Stack","Turbo"],"picked":"Storm","floor":14},{"not_picked":["Rainbow","Machine Learning"],"picked":"Buffer","floor":16},{"not_picked":["Stack","Hologram+1","Turbo"],"picked":"SKIP","floor":18},{"not_picked":["Steam","Streamline"],"picked":"Self Repair+1","floor":19},{"not_picked":["Go for the Eyes+1","Conserve Battery"],"picked":"Barrage+1","floor":20},{"not_picked":["Reprogram","Tempest"],"picked":"Self Repair","floor":21},{"not_picked":["Leap","Melter"],"picked":"Reinforced Body+1","floor":23},{"not_picked":["Stack","Skim","BootSequence"],"picked":"SKIP","floor":24},{"not_picked":["Ball Lightning","Core Surge"],"picked":"Beam Cell+1","floor":25},{"not_picked":["Self Repair","Barrage+1"],"picked":"Redo","floor":27},{"not_picked":["Leap","Heatsinks+1","Conserve Battery+1"],"picked":"SKIP","floor":30}],"player_experience":598540,"relics_obtained":[{"floor":8,"key":"Unceasing Top"},{"floor":9,"key":"Blood Vial"},{"floor":11,"key":"Pen Nib"},{"floor":14,"key":"Dream Catcher"},{"floor":26,"key":"Strawberry"}],"event_choices":[{"damage_healed":0,"gold_gain":0,"player_choice":"Got Potions","damage_taken":0,"max_hp_gain":0,"max_hp_loss":0,"event_name":"Lab","floor":2,"gold_loss":0},{"damage_healed":0,"gold_gain":0,"player_choice":"Success","damage_taken":12,"relics_obtained":["Regal Pillow"],"max_hp_gain":0,"max_hp_loss":0,"event_name":"Scrap Ooze","floor":4,"gold_loss":0},{"cards_removed":["Strike_B"],"damage_healed":0,"gold_gain":0,"player_choice":"Took Card","damage_taken":0,"max_hp_gain":0,"max_hp_loss":0,"event_name":"NoteForYourself","floor":7,"gold_loss":0,"cards_obtained":["Strike_B"]},{"damage_healed":0,"gold_gain":0,"player_choice":"Upgrade","damage_taken":0,"max_hp_gain":0,"max_hp_loss":0,"event_name":"Designer","floor":22,"gold_loss":40,"cards_upgraded":["Buffer"]},{"damage_healed":0,"gold_gain":0,"player_choice":"Obtained Relic","damage_taken":0,"relics_obtained":["Gambling Chip"],"max_hp_gain":0,"max_hp_loss":0,"event_name":"Addict","floor":28,"gold_loss":85},{"damage_healed":0,"gold_gain":0,"player_choice":"Inject Mutagens","damage_taken":0,"relics_obtained":["MutagenicStrength"],"max_hp_gain":0,"max_hp_loss":0,"event_name":"Drug Dealer","floor":31,"gold_loss":0}],"is_beta":false,"boss_relics":[{"not_picked":["Cursed Key","Tiny House"],"picked":"Inserter"}],"items_purged_floors":[],"is_endless":false,"potions_floor_spawned":[3,5,8,14,19,21,25,30],"killed_by":"Automaton","ascension_level":0}}