{"host":"f8toxsj3bk02pkeu","time":1611634105,"event":{"mods":["BaseMod","Minty Spire (QoL Compilation)","Permanent Neow","Quick Restart","StSLib","SuperFastMode"],"gold_per_floor":[109,184,184,195,195,227,237,257,302,340,57,100,129,156,156,156,156],"floor_reached":16,"language":"ENG","playtime":386,"items_purged":[],"score":319,"play_id":"feb124a4-1426-4b44-a75c-47e2bb5dc483","local_time":"20210125200825","is_ascension_mode":true,"campfire_choices":[{"data":"Fire Breathing","floor":15,"key":"SMITH"}],"circlet_count":0,"master_deck":["AscendersBane","Strike_R","Strike_R","Strike_R","Strike_R","Strike_R","Defend_R","Defend_R","Defend_R","Defend_R","Bash","Fire Breathing+1","Shrug It Off","Whirlwind","Twin Strike","True Grit","Double Tap","Feed","Shrug It Off","Spot Weakness"],"relics":["Burning Blood","NeowsBlessing","Pantograph","CeramicFish","Bronze Scales","Pear","Ancient Tea Set"],"acts_visited":["Exordium"],"potions_floor_usage":[12,14,16],"damage_taken":[{"damage":0.0,"enemies":"Jaw Worm","floor":1.0,"turns":1.0},{"damage":0,"enemies":"Cultist","floor":4,"turns":1},{"damage":0,"enemies":"Lagavulin","floor":6,"turns":1},{"damage":9,"enemies":"2 Louse","floor":7,"turns":3},{"damage":6,"enemies":"2 Fungi Beasts","floor":8,"turns":4},{"damage":52,"enemies":"Gremlin Nob","floor":10,"turns":5},{"damage":36,"enemies":"3 Sentries","floor":12,"turns":5},{"damage":6,"enemies":"Looter","floor":13,"turns":4},{"damage":13,"enemies":"Exordium Thugs","floor":14,"turns":5},{"damage":68,"enemies":"Hexaghost","floor":16,"turns":9}],"seed_played":"-4074768571778699398","potions_obtained":[{"floor":4,"key":"BloodPotion"},{"floor":6,"key":"Regen Potion"},{"floor":13,"key":"Block Potion"}],"is_trial":false,"path_per_floor":["M","?","?","M","?","E","M","M","T","E","$","E","M","M","R","B"],"character_chosen":"IRONCLAD","items_purchased":["Pear"],"campfire_rested":0,"item_purchase_floors":[11],"current_hp_per_floor":[74,63,63,69,74,80,77,77,77,31,41,25,28,24,24,0,0],"gold":156,"neow_bonus":"THREE_ENEMY_KILL","is_daily":false,"chose_seed":false,"campfire_upgraded":1,"win_rate":0.0,"timestamp":1611634105,"path_taken":["M","?","?","?","?","E","M","M","T","E","$","E","M","M","R","BOSS"],"items_purchased_type":["Relic"],"build_version":"2020-12-22","purchased_purges":0,"victory":false,"max_hp_per_floor":[75,75,75,75,80,80,80,80,80,80,90,90,93,96,96,96,96],"card_choices":[{"not_picked":["Perfected Strike","Clothesline"],"picked":"Fire Breathing","floor":1.0},{"not_picked":["Warcry","Evolve"],"picked":"Whirlwind","floor":4},{"not_picked":["Clothesline","Wild Strike"],"picked":"Twin Strike","floor":6},{"not_picked":["Sword Boomerang","Thunderclap"],"picked":"True Grit","floor":7},{"not_picked":["Ghostly Armor","Dual Wield","Feel No Pain"],"picked":"SKIP","floor":8},{"not_picked":["Wild Strike","Anger"],"picked":"Double Tap","floor":10},{"not_picked":["Havoc","Headbutt"],"picked":"Feed","floor":12},{"not_picked":["Hemokinesis","Fire Breathing"],"picked":"Shrug It Off","floor":13},{"not_picked":["Shrug It Off","Cleave"],"picked":"Spot Weakness","floor":14}],"player_experience":969790,"relics_obtained":[{"floor":6,"key":"Pantograph"},{"floor":9,"key":"CeramicFish"},{"floor":10,"key":"Bronze Scales"},{"floor":12,"key":"Ancient Tea Set"}],"event_choices":[{"damage_healed":0.0,"max_hp_gain":0.0,"max_hp_loss":0.0,"gold_gain":75.0,"event_name":"World of Goop","player_choice":"Gather Gold","floor":2.0,"gold_loss":0.0,"damage_taken":11.0},{"damage_healed":0,"gold_gain":0,"player_choice":"1 cards matched","damage_taken":0,"max_hp_gain":0,"max_hp_loss":0,"event_name":"Match and Keep!","floor":3,"gold_loss":0,"cards_obtained":["Shrug It Off"]},{"damage_healed":0,"gold_gain":0,"player_choice":"Donut","damage_taken":0,"max_hp_gain":5,"max_hp_loss":0,"event_name":"Big Fish","floor":5,"gold_loss":0}],"is_beta":false,"boss_relics":[],"items_purged_floors":[],"is_endless":false,"potions_floor_spawned":[4,6,13],"killed_by":"Hexaghost","ascension_level":20}}