{"host":"pgm1p3lvdjflie30","time":1611628991,"event":{"mods":["100% Spire Juice","AchievementEnabler","Act Like it!","Aspiration","Bard","BaseMod","Block Reminder","Colored Map","Colored Powertips","Conspire","Downfall","Energized Spire","Gremlin Mod","GungeonMod","Hermit","HornydragonMod","Minty Spire (QoL Compilation)","Nova Terra(?娃·泰拉)","Quarter Circle Forward PUNCH!","Reimu（博???）","Robot Space Explorer","SOS（斯巴?之子）","StSLib","The Alterego","The Bug Knight","The Cursed","The Dragon Tamer","The Gatherer","The Hierophant","The IronCluck","The Jungle","The Mystic","The Runesmith","The Saiyan","The Senshi","The Servant 0.9.4","TheHeartMod","Waifu the Spire","【功能Mod】混沌之?修复?丁","【?物卡牌】REMEMod"],"gold_per_floor":[118,137,172,186,186,186,206,206,206,206,254,3,3,28,28,133,133,146,146,146,146,146,146,163,195,195,195,207,234,254,264,264,360,360,379,379,392,392,442,442,442,492,492,507,507,521,521,521,521,521,521,521,521,556,556],"floor_reached":56,"language":"ZHS","playtime":2816,"items_purged":[],"score":1196,"play_id":"54435379-5d2a-4eb1-af51-f1913c604f5c","local_time":"20210126104311","is_ascension_mode":false,"campfire_choices":[{"floor":6.0,"key":"RECALL"},{"floor":10,"key":"REST"},{"data":"alterego_mod:Venus","floor":13,"key":"SMITH"},{"data":"alterego_mod:Cycle","floor":15,"key":"SMITH"},{"data":"alterego_mod:Lift","floor":23,"key":"SMITH"},{"data":"alterego_mod:Rake","floor":27,"key":"SMITH"},{"floor":32,"key":"REST"},{"data":"Apotheosis","floor":40,"key":"SMITH"},{"data":"1","floor":47,"key":"LIFT"},{"data":"2","floor":49,"key":"LIFT"},{"data":"3","floor":52,"key":"LIFT"}],"circlet_count":0,"master_deck":["alterego_mod:BigMeatyClaws","After Image","alterego_mod:Maid","alterego_mod:Venus+1","alterego_mod:Stockings","alterego_mod:Cycle+1","alterego_mod:PerceptionDisorder","alterego_mod:Rake+1","alterego_mod:DiscoLights","alterego_mod:Lift+1","alterego_mod:Skirt","alterego_mod:SuperDuperMasochism","alterego_mod:Undulate","alterego_mod:Schoolgirl","alterego_mod:Valkyrie","alterego_mod:Bounce","alterego_mod:SakuraFive","alterego_mod:Rip","alterego_mod:PerceptionDisorder+1","alterego_mod:Cushion","alterego_mod:MaintainEyeContact","alterego_mod:Undulate","alterego_mod:GoddessCore","alterego_mod:Mirror","alterego_mod:Weigh","alterego_mod:Birthday","REME_FirmDetermination","Dramatic Entrance","Apotheosis+1","alterego_mod:Maid","alterego_mod:Mirror","alterego_mod:VirginLaserPalladion","alterego_mod:Complex+1","alterego_mod:Bounce","alterego_mod:Mirror+1"],"relics":["alterego_mod:MasochisticConstitution","REME_ComplimentaryCards","aspiration:Nostalgia","Combocheck","DemoMod:RingOfEthereal","aspiration:BabyByrd","DemoMod:ClearGuonStone","DemoMod:DecoyRelic","REME_HandOfSuture","Pandora\u0027s Box","DemoMod:AgedBell","aspiration:RitualStick","MoneyPower","Bottled Flame","Lantern","SlaversCollar","DemoMod:GundromedaStrain","CrazyTorch:ReiMu","Girya","Pantograph","DemoMod:PinkGuonStone"],"acts_visited":["Exordium","TheCity","TheBeyond","TheEnding"],"potions_floor_usage":[16,24,31,33,35,46,50,50],"damage_taken":[{"damage":12.0,"enemies":"Jaw Worm","floor":1.0,"turns":5.0},{"damage":4.0,"enemies":"Small Slimes","floor":2.0,"turns":4.0},{"damage":26.0,"enemies":"conspire:MimicChest","floor":3.0,"turns":5.0},{"damage":7.0,"enemies":"2 Louse","floor":4.0,"turns":3.0},{"damage":17,"enemies":"Looter","floor":7,"turns":3},{"damage":47,"enemies":"Slime Boss","floor":16,"turns":11},{"damage":8,"enemies":"Chosen","floor":18,"turns":3},{"damage":15,"enemies":"3 Byrds","floor":24,"turns":4},{"damage":19,"enemies":"conspire:Head Lice","floor":25,"turns":3},{"damage":0,"enemies":"conspire:HollyBat","floor":28,"turns":5},{"damage":6,"enemies":"HollowMod:Nosk","floor":29,"turns":8},{"damage":0,"enemies":"Centurion and Healer","floor":30,"turns":4},{"damage":13,"enemies":"Sentry and Sphere","floor":31,"turns":4},{"damage":12,"enemies":"Automaton","floor":33,"turns":10},{"damage":27,"enemies":"3 Shapes","floor":35,"turns":3},{"damage":0,"enemies":"Orb Walker","floor":37,"turns":3},{"damage":10,"enemies":"2 Orb Walkers","floor":39,"turns":3},{"damage":0,"enemies":"Mind Bloom Boss Battle","floor":42,"turns":2},{"damage":0,"enemies":"Transient","floor":44,"turns":5},{"damage":14,"enemies":"3 Darklings","floor":46,"turns":6},{"damage":36,"enemies":"Awakened One","floor":50,"turns":7},{"damage":19,"enemies":"Shield and Spear","floor":54,"turns":3},{"damage":34,"enemies":"NeowBoss","floor":55,"turns":6}],"seed_played":"-2269367995274034526","potions_obtained":[{"floor":1.0,"key":"Explosive Potion"},{"floor":7,"key":"FearPotion"},{"floor":16,"key":"ZuzhouPotion:ReiMu"},{"floor":28,"key":"DuplicationPotion"},{"floor":30,"key":"ColorlessPotion"},{"floor":33,"key":"SkillPotion"},{"floor":35,"key":"Fire Potion"},{"floor":39,"key":"FearPotion"},{"floor":42,"key":"champ:CounterPotion"},{"floor":54,"key":"Guardian:BlockOnCardUsePotion"}],"is_trial":false,"path_per_floor":["M","M","?","M","?","R","M","?","T","R","T","$","R","T","R","B",null,"M","?","?","?","?","R","M","E","T","R","M","E","M","M","R","B",null,"M","?","M","?","?","R","$","?","T","M","$","M","R","$","R","B",null,"R","$","E","B",null],"character_chosen":"The_Alterego","items_purchased":["DemoMod:DecoyRelic","CrazyTorch:ReiMu"],"campfire_rested":2,"item_purchase_floors":[12,41],"current_hp_per_floor":[59,63,45,46,46,46,30,23,23,45,45,45,45,45,45,27,76,76,76,76,61,61,61,47,29,29,29,36,38,45,40,64,53,82,56,46,46,46,37,37,37,44,44,46,46,49,49,49,49,49,86,86,86,75,70],"gold":556,"neow_bonus":"NOSTALGIA","is_daily":false,"chose_seed":false,"campfire_upgraded":5,"win_rate":0.0,"timestamp":1611628991,"path_taken":["M","M","?","M","?","R","M","?","T","R","?","?","R","?","R","BOSS","M","?","?","?","?","R","M","E","T","R","?","E","M","M","R","BOSS","M","?","M","?","?","R","$","?","T","M","?","M","R","$","R","BOSS","R","$","E","BOSS"],"items_purchased_type":["Relic","Relic"],"build_version":"2020-12-22","purchased_purges":0,"victory":true,"max_hp_per_floor":[71,72,73,74,74,74,75,75,75,75,75,75,75,75,75,76,76,77,77,77,77,77,77,78,79,79,79,79,80,80,81,81,82,82,83,83,83,83,84,84,84,84,84,84,84,85,85,85,85,86,86,86,86,94,95],"card_choices":[{"not_picked":["alterego_mod:BustOut","alterego_mod:DeftHands"],"picked":"alterego_mod:Maid","floor":1.0},{"not_picked":["alterego_mod:Cooking","alterego_mod:Santa"],"picked":"alterego_mod:Venus","floor":2.0},{"not_picked":["alterego_mod:Undulate","alterego_mod:Belle"],"picked":"alterego_mod:Stockings","floor":3.0},{"not_picked":["alterego_mod:BeGentle","alterego_mod:TrashNCrash"],"picked":"alterego_mod:Cycle","floor":4.0},{"not_picked":["alterego_mod:Collar","alterego_mod:Support"],"picked":"alterego_mod:PerceptionDisorder","floor":7},{"not_picked":["alterego_mod:RingBreak","alterego_mod:GIGAMILK"],"picked":"alterego_mod:Rake","floor":16},{"not_picked":["alterego_mod:Nekomimi","alterego_mod:Punishment"],"picked":"alterego_mod:SakuraFive","floor":18},{"not_picked":["alterego_mod:1TonWallop","alterego_mod:Jiggle"],"picked":"alterego_mod:PerceptionDisorder+1","floor":24},{"not_picked":["alterego_mod:Birthday","alterego_mod:Jiggle"],"picked":"alterego_mod:Cushion","floor":25},{"not_picked":["alterego_mod:Pet","alterego_mod:Clones"],"picked":"alterego_mod:MaintainEyeContact","floor":28},{"not_picked":["alterego_mod:SuperDuperMasochism","alterego_mod:DiscoLights+1"],"picked":"alterego_mod:Undulate","floor":29},{"not_picked":["alterego_mod:Bloomers","alterego_mod:TrashNCrash"],"picked":"alterego_mod:GoddessCore","floor":30},{"not_picked":["alterego_mod:GoddessCore","alterego_mod:SakuraLabyrinth+1"],"picked":"alterego_mod:Mirror","floor":31},{"not_picked":["alterego_mod:Vow","alterego_mod:IdEs"],"picked":"alterego_mod:Weigh","floor":33},{"not_picked":["alterego_mod:Punishment+1","alterego_mod:Skirt"],"picked":"alterego_mod:Birthday","floor":35},{"not_picked":["Secret Technique","Dramatic Entrance"],"picked":"REME_FirmDetermination","floor":36},{"not_picked":["Flash of Steel","Madness"],"picked":"Dramatic Entrance","floor":36},{"not_picked":["Dramatic Entrance","conspire:Banana"],"picked":"Apotheosis","floor":36},{"not_picked":["alterego_mod:1TonWallop","alterego_mod:Jiggle+1"],"picked":"alterego_mod:Maid","floor":37},{"not_picked":["alterego_mod:Pet+1","alterego_mod:Jiggle+1"],"picked":"alterego_mod:Mirror","floor":39},{"not_picked":["alterego_mod:BiFurious","alterego_mod:Valentines"],"picked":"alterego_mod:VirginLaserPalladion","floor":42},{"not_picked":["alterego_mod:SakuraFive+1","alterego_mod:Undulate+1"],"picked":"alterego_mod:Complex+1","floor":44},{"not_picked":["alterego_mod:Cycle","alterego_mod:RidiculouslyBig+1"],"picked":"alterego_mod:Bounce","floor":46},{"not_picked":["alterego_mod:SakuraPetals+1","alterego_mod:SuperDuperMasochism+1"],"picked":"alterego_mod:Mirror+1","floor":54}],"player_experience":332978,"relics_obtained":[{"floor":3.0,"key":"DemoMod:RingOfEthereal"},{"floor":11,"key":"DemoMod:ClearGuonStone"},{"floor":14,"key":"REME_HandOfSuture"},{"floor":25,"key":"MoneyPower"},{"floor":26,"key":"Bottled Flame"},{"floor":29,"key":"Lantern"},{"floor":39,"key":"DemoMod:GundromedaStrain"},{"floor":42,"key":"Girya"},{"floor":43,"key":"Pantograph"},{"floor":54,"key":"DemoMod:PinkGuonStone"}],"event_choices":[{"cards_removed":["alterego_mod:Impale"],"damage_healed":0,"gold_gain":0,"player_choice":"Card Removal","damage_taken":7,"max_hp_gain":0,"max_hp_loss":0,"event_name":"Golden Wing","floor":8,"gold_loss":0},{"damage_healed":0,"gold_gain":0,"player_choice":"Read","damage_taken":0,"max_hp_gain":0,"max_hp_loss":0,"event_name":"The Library","floor":19,"gold_loss":0,"cards_obtained":["alterego_mod:Rip"]},{"damage_healed":0,"gold_gain":0,"player_choice":"Opened","damage_taken":0,"relics_obtained":["DemoMod:AgedBell"],"max_hp_gain":0,"max_hp_loss":0,"event_name":"The Mausoleum","floor":20,"gold_loss":0},{"damage_healed":0,"gold_gain":0,"player_choice":"Memory 3","damage_taken":10,"max_hp_gain":0,"max_hp_loss":0,"event_name":"SensoryStone","floor":36,"gold_loss":0},{"cards_removed":["alterego_mod:BrynhildrsRune"],"damage_healed":0,"gold_gain":0,"player_choice":"Removed Skill","damage_taken":0,"max_hp_gain":0,"max_hp_loss":0,"event_name":"Falling","floor":38,"gold_loss":0},{"damage_healed":0,"gold_gain":0,"player_choice":"Fight","damage_taken":0,"max_hp_gain":0,"max_hp_loss":0,"event_name":"Mysterious Sphere","floor":39,"gold_loss":0},{"damage_healed":0,"gold_gain":0,"player_choice":"Fight","damage_taken":0,"max_hp_gain":0,"max_hp_loss":0,"event_name":"MindBloom","floor":42,"gold_loss":0}],"is_beta":false,"boss_relics":[{"not_picked":["bronze:MakeshiftBattery","energizedSpire:EnergizedDie"],"picked":"Pandora\u0027s Box"},{"not_picked":["aspiration:SecretTechniqueScroll","Cursed Key"],"picked":"SlaversCollar"}],"items_purged_floors":[],"is_endless":false,"potions_floor_spawned":[1,7,16,28,30,33,35,39,42,54],"ascension_level":0}}