{"host":"y7wrf01yacd588jx","time":1611622678,"event":{"mods":["AchievementEnabler","Act Like it!","Aspiration","BaseMod","Colored Map","Colored Powertips","Conspire","Downfall","Energized Spire","Friendly Minions","Gensokyo","GifTheSpireLib","Googly Eyes","Hubris","Infinite Spire","Minty Spire (QoL Compilation)","Permanent Neow","Relic Sorter","Reliquary","Replay The Spire","Shade Mod","StSLib","Stuff the Spire","The Death Knight"],"gold_per_floor":[99,99,118,118,131,151,151,180,180,221,221,261,261,252,275,387,387,387,411,261,311,311,337,337,337,443,457,499,523,523,84,109,220,220,220,250,278,300,381,381,408,438,444,444,444],"floor_reached":43,"language":"ENG","playtime":3631,"items_purged":[],"score":368,"play_id":"e87b2a59-3b46-49a8-a9c3-18fcc315ba8d","local_time":"20210125195758","is_ascension_mode":false,"campfire_choices":[{"data":"champ:Taunt","floor":1,"key":"SMITH"},{"data":"champ:StanceDance","floor":9,"key":"SMITH"},{"data":"champ:ShieldWall","floor":18,"key":"SMITH"},{"data":"Ghostly","floor":30,"key":"SMITH"},{"data":"champ:FlashCut","floor":35,"key":"SMITH"},{"data":"champ:TornadoPunch","floor":40,"key":"SMITH"}],"circlet_count":0,"master_deck":["champ:Strike","champ:Strike","champ:Strike","champ:Strike","champ:Defend","champ:Defend","champ:Defend","champ:Defend","champ:Execute+1","champ:Taunt+1","champ:DefensiveShout","champ:PerfectedStrike","champ:ShieldWall+1","champ:SteelEdge+1","champ:EnGarde+1","champ:FlashCut+1","champ:Improvising+1","Ghostly+1","champ:PerfectedStrike+1","champ:BringItOn","champ:FalseCounter+1","champ:BladeFlurry","champ:FocusedDefense","champ:TornadoPunch+1","Replay:Dark Deal+1","hubris:DuctTapeCard","champ:MurderStrike+1","champ:TornadoPunch+1","Parasite"],"relics":["champ:ChampionCrown","aspiration:DSix","Replay:Bandana","StuffTheSpire:HeavyRock","hubris:DuctTape","Golden Egg","Orichalcum","hubris:Towel","hubris:ScarierMask","aspiration:ChemicalBlood","champ:BerserkersGuideToSlaughter","infinitespire:EmpoweringShard","downfall:CloakOfManyFaces","CultistMask","FaceOfCleric","NlothsMask","GremlinMask","SsserpentHead","Matryoshka","Coffee Dripper","Pet Ghost","Lantern"],"acts_visited":["Exordium","TheCity","TheBeyond"],"potions_floor_usage":[12,16,29,37,39],"damage_taken":[{"damage":10,"enemies":"Small Slimes","floor":3,"turns":3},{"damage":15,"enemies":"Jaw Worm","floor":5,"turns":3},{"damage":0,"enemies":"Cultist","floor":6,"turns":3},{"damage":10,"enemies":"3 Sentries","floor":8,"turns":5},{"damage":12,"enemies":"Gremlin Nob","floor":10,"turns":4},{"damage":3,"enemies":"Lagavulin","floor":12,"turns":6},{"damage":0,"enemies":"downfall:FleeingMerchant","floor":14,"turns":4},{"damage":0,"enemies":"2 Fungi Beasts","floor":15,"turns":4},{"damage":31,"enemies":"SI_SHIV_ARCHETYPE","floor":16,"turns":7},{"damage":0,"enemies":"Spheric Guardian","floor":19,"turns":2},{"damage":0,"enemies":"Centurion and Healer","floor":23,"turns":3},{"damage":8,"enemies":"downfall:FaceTrader","floor":26,"turns":8},{"damage":2,"enemies":"Snecko","floor":27,"turns":6},{"damage":11,"enemies":"Nightmare","floor":28,"turns":8},{"damage":0,"enemies":"Cultist and Chosen","floor":29,"turns":5},{"damage":0,"enemies":"downfall:FleeingMerchant","floor":31,"turns":4},{"damage":0,"enemies":"Centurion and Healer","floor":32,"turns":4},{"damage":0,"enemies":"WA_ARCHETYPE_CALM","floor":33,"turns":4},{"damage":0,"enemies":"3 Darklings","floor":36,"turns":3},{"damage":3,"enemies":"3 Shapes","floor":37,"turns":3},{"damage":4,"enemies":"Jaw Worm Horde","floor":38,"turns":4},{"damage":0,"enemies":"Writhing Mass","floor":39,"turns":5},{"damage":0,"enemies":"4 Shapes","floor":42,"turns":4}],"seed_played":"-4553819108767685590","potions_obtained":[{"floor":3,"key":"Elixir"},{"floor":8,"key":"AttackPotion"},{"floor":12,"key":"champ:OpenerPotion"},{"floor":21,"key":"Strength Potion"},{"floor":23,"key":"Milkshake"},{"floor":27,"key":"AttackPotion"},{"floor":32,"key":"DeathKnight:RimePotion"},{"floor":33,"key":"GamblersBrew"},{"floor":39,"key":"Milkshake"},{"floor":42,"key":"LiquidMemories"}],"is_trial":false,"path_per_floor":["R","?","M","?","M","M","T","E","R","E","?","E","?","$","M","B",null,"R","M","?","?","?","M","T","?","?","M","NM","M","R","$","M","B",null,"R","M","M","M","M","R","T","M","M"],"character_chosen":"THE_CHAMP","items_purchased":["Replay:Dark Deal","hubris:DuctTape"],"campfire_rested":0,"item_purchase_floors":[31,31],"current_hp_per_floor":[90,90,90,90,85,85,85,85,85,83,83,80,80,80,80,69,90,90,90,90,90,90,90,90,90,82,81,71,72,72,83,84,85,96,96,97,95,92,100,100,100,101,101,101,101],"gold":444,"neow_bonus":"RANDOM_COMMON_RELIC","is_daily":false,"chose_seed":false,"campfire_upgraded":6,"win_rate":0.0,"timestamp":1611622678,"path_taken":["R","?","M","?","?","M","T","E","R","E","?","E","?","?","M","BOSS","R","M","?","?","?","M","T","?","?","M","NM","M","R","$","M","BOSS","R","M","M","M","?","R","T","M","M"],"items_purchased_type":["Card","Relic"],"build_version":"2020-12-22","purchased_purges":0,"victory":false,"max_hp_per_floor":[90,90,90,90,90,90,90,90,90,90,90,90,90,90,90,90,90,90,90,90,90,90,90,90,90,90,91,92,93,93,94,95,96,96,96,97,98,99,100,100,100,101,101,101,101],"card_choices":[{"not_picked":["champ:RecklessLeap","champ:Circumvent"],"picked":"champ:DefensiveShout","floor":3},{"not_picked":["champ:Backstep","champ:AdrenalArmor"],"picked":"champ:PerfectedStrike","floor":5},{"not_picked":["champ:RisingSlash","champ:Parry"],"picked":"champ:TornadoPunch","floor":6},{"not_picked":["champ:Parry","champ:Endure"],"picked":"champ:StanceDance","floor":8},{"not_picked":["champ:SetATrap","champ:FaceSlap"],"picked":"champ:ShieldWall","floor":10},{"not_picked":["champ:Circumvent","champ:HeartStrike"],"picked":"champ:SteelEdge","floor":12},{"not_picked":["champ:DefensiveShout","champ:CrownThrow"],"picked":"champ:EnGarde","floor":14},{"not_picked":["champ:BladeFlurry","champ:Shatter"],"picked":"champ:FlashCut","floor":15},{"not_picked":["champ:UltimateStance","champ:HoldFirm"],"picked":"champ:Improvising","floor":16},{"not_picked":["champ:Shatter","champ:CrookedStrike","champ:CrownThrow"],"picked":"SKIP","floor":19},{"not_picked":["champ:BerserkersShout","champ:BladeFlurry"],"picked":"champ:PerfectedStrike+1","floor":21},{"not_picked":["champ:TornadoPunch","champ:Backstep"],"picked":"champ:BringItOn","floor":23},{"not_picked":["champ:PreciseThrust","champ:ArenaPreparation+1"],"picked":"champ:FalseCounter+1","floor":26},{"not_picked":["champ:HoldFirm","champ:FlashCut"],"picked":"champ:BladeFlurry","floor":27},{"not_picked":["champ:RecklessLeap","champ:GutPunch","champ:BladeFlurry"],"picked":"SKIP","floor":28},{"not_picked":["champ:RecklessLeap","champ:GladiatorStyle"],"picked":"champ:FocusedDefense","floor":29},{"not_picked":["champ:BringItOn","champ:UltimateStance"],"picked":"champ:TornadoPunch+1","floor":31},{"not_picked":["champ:PreciseThrust","champ:FanOfKnives+1","champ:GutPunch"],"picked":"SKIP","floor":32},{"not_picked":["champ:TripleStrike","champ:ShieldThrow"],"picked":"champ:MurderStrike","floor":33},{"not_picked":["champ:PreciseThrust+1","champ:FlashCut+1"],"picked":"champ:TornadoPunch","floor":36},{"not_picked":["champ:EnGarde","champ:GladiatorStyle+1","champ:Circumvent"],"picked":"SKIP","floor":37},{"not_picked":["champ:Haymaker","champ:Circumvent+1","champ:FaceSlap+1"],"picked":"SKIP","floor":38},{"not_picked":["champ:Parry","champ:BladeFlurry+1","champ:ShieldSlam"],"picked":"SKIP","floor":39},{"not_picked":["champ:PreciseThrust","champ:BerserkersShout","champ:Circumvent"],"picked":"SKIP","floor":42}],"player_experience":133181,"relics_obtained":[{"floor":7,"key":"Golden Egg"},{"floor":8,"key":"Replay:Bandana"},{"floor":10,"key":"aspiration:DSix"},{"floor":12,"key":"Orichalcum"},{"floor":21,"key":"aspiration:ChemicalBlood"},{"floor":24,"key":"infinitespire:EmpoweringShard"},{"floor":26,"key":"downfall:CloakOfManyFaces"},{"floor":28,"key":"Matryoshka"},{"floor":41,"key":"Pet Ghost"},{"floor":41,"key":"Lantern"}],"event_choices":[{"damage_healed":0,"gold_gain":0,"player_choice":"Leave","damage_taken":0,"max_hp_gain":0,"max_hp_loss":0,"event_name":"conspire:Investor","floor":2,"gold_loss":0},{"damage_healed":0,"gold_gain":0,"player_choice":"Grow","damage_taken":0,"max_hp_gain":0,"max_hp_loss":0,"event_name":"Living Wall","floor":11,"gold_loss":0,"cards_upgraded":["champ:TornadoPunch"]}],"is_beta":false,"boss_relics":[{"not_picked":["energizedSpire:RedRose","reliquary:KinkedSpring"],"picked":"hubris:ScarierMask"},{"not_picked":["Runic Pyramid","Replay:Drink Me"],"picked":"Coffee Dripper"}],"items_purged_floors":[],"is_endless":true,"potions_floor_spawned":[3,8,12,23,27,32,33,38,39,42],"killed_by":"3 Darklings","ascension_level":0}}