{"host":"1tl36azeqm6yhdgj","time":1611688131,"event":{"mods":["AchievementEnabler","BaseMod","Minty Spire (QoL Compilation)","StSLib","The IronCluck","everything is the same but u backflip on backflip"],"gold_per_floor":[118,132,132,144,144,144,173,173,173,207,223,223,223,29,29,108,108,119,99,12,23,33,33,58,58,85,102,102,102],"floor_reached":28,"language":"ENG","playtime":799,"items_purged":["Strike_R"],"score":542,"play_id":"48dc8b82-30b5-45de-9065-9514f50ee628","local_time":"20210126140851","is_ascension_mode":true,"campfire_choices":[{"floor":6.0,"key":"REST"},{"data":"Thunderclap","floor":8.0,"key":"SMITH"},{"floor":15,"key":"REST"},{"floor":23,"key":"REST"}],"circlet_count":0,"master_deck":["AscendersBane","Strike_R+1","Strike_R","Defend_R","Defend_R","Defend_R","Bash+1","Thunderclap+1","Clash","Headbutt","Feed","Spot Weakness","Burning Pact","Barricade","Sever Soul+1","Whirlwind+1","Combust+1","Fire Breathing","Demon Form","Anger","Shame"],"relics":["Burning Blood","Lizard Tail","CaptainsWheel","Singing Bowl","Shuriken","Astrolabe","Mango","Letter Opener","Strawberry"],"acts_visited":["Exordium","TheCity"],"potions_floor_usage":[10,16,18,21,22,22],"damage_taken":[{"damage":6.0,"enemies":"Cultist","floor":1.0,"turns":3.0},{"damage":12.0,"enemies":"Jaw Worm","floor":2.0,"turns":2.0},{"damage":0.0,"enemies":"Small Slimes","floor":4.0,"turns":2.0},{"damage":20.0,"enemies":"3 Sentries","floor":7.0,"turns":7.0},{"damage":27,"enemies":"Lagavulin","floor":10,"turns":7},{"damage":8,"enemies":"Red Slaver","floor":11,"turns":4},{"damage":33,"enemies":"The Guardian","floor":16,"turns":9},{"damage":21,"enemies":"Chosen","floor":18,"turns":5},{"damage":44,"enemies":"2 Thieves","floor":21,"turns":4},{"damage":14,"enemies":"Snecko","floor":22,"turns":6},{"damage":108,"enemies":"Book of Stabbing","floor":24,"turns":6},{"damage":18,"enemies":"Centurion and Healer","floor":27,"turns":5},{"damage":45,"enemies":"Sentry and Sphere","floor":28,"turns":5}],"seed_played":"-89813922903015970","potions_obtained":[{"floor":2.0,"key":"CultistPotion"},{"floor":5.0,"key":"SpeedPotion"},{"floor":11,"key":"AttackPotion"},{"floor":16,"key":"Block Potion"},{"floor":18,"key":"EssenceOfSteel"},{"floor":19,"key":"LiquidBronze"},{"floor":21,"key":"ColorlessPotion"}],"is_trial":false,"path_per_floor":["M","M","?","M","?","R","E","R","T","E","M","T","T","$","R","B",null,"M","?","$","M","M","R","E","?","T","M","M"],"character_chosen":"IRONCLAD","items_purchased":["EssenceOfSteel","Burning Pact","Fire Breathing"],"campfire_rested":3,"item_purchase_floors":[14,14,20],"current_hp_per_floor":[64,58,31,37,37,63,49,49,49,33,34,34,34,34,63,39,85,72,72,72,34,29,60,35,35,42,35,0,0],"gold":102,"neow_bonus":"TWENTY_PERCENT_HP_BONUS","is_daily":false,"chose_seed":false,"campfire_upgraded":1,"win_rate":0.0,"timestamp":1611688131,"path_taken":["M","?","?","M","?","R","E","R","T","E","?","?","?","?","R","BOSS","M","?","$","M","?","R","E","?","T","M","M"],"items_purchased_type":["Potion","Card","Card"],"build_version":"2020-12-22","purchased_purges":1,"victory":false,"max_hp_per_floor":[89,89,89,89,89,89,89,89,89,94,97,97,97,97,97,100,100,102,102,102,102,105,105,124,124,131,136,136,136],"card_choices":[{"not_picked":["Cleave","Sword Boomerang"],"picked":"Thunderclap","floor":1.0},{"not_picked":["Heavy Blade","Iron Wave"],"picked":"Clash","floor":2.0},{"not_picked":["Power Through","Wild Strike"],"picked":"Headbutt","floor":4.0},{"not_picked":["Cleave","Dropkick"],"picked":"Feed","floor":7.0},{"not_picked":["Bloodletting","Pommel Strike","Heavy Blade"],"picked":"Singing Bowl","floor":10},{"not_picked":["Shrug It Off","Twin Strike"],"picked":"Spot Weakness","floor":11},{"not_picked":["Impervious","Reaper"],"picked":"Barricade","floor":16},{"not_picked":["Heavy Blade+1","Havoc","Spot Weakness"],"picked":"Singing Bowl","floor":18},{"not_picked":["Heavy Blade","Blood for Blood"],"picked":"Demon Form","floor":21},{"not_picked":["Warcry","Heavy Blade"],"picked":"Anger","floor":22},{"not_picked":["Clash","Iron Wave","Dark Embrace+1"],"picked":"Singing Bowl","floor":24},{"not_picked":["Headbutt","True Grit","Pommel Strike"],"picked":"Singing Bowl","floor":27}],"player_experience":2070461,"relics_obtained":[{"floor":7.0,"key":"Lizard Tail"},{"floor":9.0,"key":"CaptainsWheel"},{"floor":10,"key":"Singing Bowl"},{"floor":12,"key":"Shuriken"},{"floor":24,"key":"Mango"},{"floor":26,"key":"Strawberry"}],"event_choices":[{"damage_healed":0.0,"max_hp_gain":0.0,"max_hp_loss":0.0,"gold_gain":0.0,"event_name":"Shining Light","player_choice":"Entered Light","floor":3.0,"gold_loss":0.0,"damage_taken":27.0,"cards_upgraded":["Strike_R","Bash"]},{"damage_healed":0.0,"max_hp_gain":0.0,"max_hp_loss":0.0,"gold_gain":0.0,"event_name":"Lab","player_choice":"Got Potions","floor":5.0,"gold_loss":0.0,"damage_taken":0.0},{"damage_healed":0,"gold_gain":0,"player_choice":"Bought 1 Potion","damage_taken":0,"max_hp_gain":0,"max_hp_loss":0,"event_name":"The Woman in Blue","floor":19,"gold_loss":0},{"damage_healed":0,"gold_gain":0,"player_choice":"Stole Relic","damage_taken":0,"relics_obtained":["Letter Opener"],"max_hp_gain":0,"max_hp_loss":0,"event_name":"Addict","floor":25,"gold_loss":0,"cards_obtained":["Shame"]}],"is_beta":false,"boss_relics":[{"not_picked":["Ectoplasm","Empty Cage"],"picked":"Astrolabe"}],"items_purged_floors":[14],"is_endless":false,"potions_floor_spawned":[2,11,16,18,21],"killed_by":"Sentry and Sphere","ascension_level":20}}