{"host":"gquo1rsrdiuo0hhv","time":1611691493,"event":{"mods":["Act Like it!","BaseMod","Colored Powertips","Minty Spire (QoL Compilation)","Quick Restart","StSLib"],"gold_per_floor":[117,65,65,84,97,108,108,108,108],"floor_reached":8,"language":"ENG","playtime":214,"items_purged":[],"score":50,"play_id":"3e930347-7041-45d3-a601-4334b3fb7fc1","local_time":"20210127030453","is_ascension_mode":true,"campfire_choices":[],"circlet_count":0,"master_deck":["Strike_P","Strike_P","Strike_P","Strike_P","Defend_P","Defend_P","Defend_P","Defend_P","Eruption","Vigilance","FollowUp","PathToVictory","Study","Sanctity","CarveReality","Consecrate","Injury"],"relics":["PureWater","NeowsBlessing","Golden Idol"],"acts_visited":["Exordium"],"potions_floor_usage":[],"damage_taken":[{"damage":0,"enemies":"2 Louse","floor":1,"turns":1},{"damage":0,"enemies":"Cultist","floor":4,"turns":1},{"damage":0,"enemies":"Small Slimes","floor":5,"turns":1},{"damage":9,"enemies":"Looter","floor":6,"turns":3},{"damage":32,"enemies":"Gremlin Nob","floor":8,"turns":3}],"seed_played":"7290136203264254843","potions_obtained":[],"is_trial":false,"path_per_floor":["M","$","?","M","M","M","?","E"],"character_chosen":"WATCHER","items_purchased":["PathToVictory"],"campfire_rested":0,"item_purchase_floors":[2],"current_hp_per_floor":[72,72,72,72,72,63,63,31,31],"gold":108,"neow_bonus":"THREE_ENEMY_KILL","is_daily":false,"chose_seed":false,"campfire_upgraded":0,"win_rate":0.0,"timestamp":1611691493,"path_taken":["M","$","?","M","M","?","?","E"],"items_purchased_type":["Card"],"build_version":"2020-12-22","purchased_purges":0,"victory":false,"max_hp_per_floor":[72,72,72,72,72,72,72,72,72],"card_choices":[{"not_picked":["Prostrate","WindmillStrike"],"picked":"FollowUp","floor":1},{"not_picked":["Halt","CutThroughFate"],"picked":"Sanctity","floor":4},{"not_picked":["BowlingBash","Protect"],"picked":"CarveReality","floor":5},{"not_picked":["Crescendo","EmptyBody"],"picked":"Consecrate","floor":6}],"player_experience":389946,"relics_obtained":[],"event_choices":[{"damage_healed":0,"gold_gain":0,"player_choice":"1 cards matched","damage_taken":0,"max_hp_gain":0,"max_hp_loss":0,"event_name":"Match and Keep!","floor":3,"gold_loss":0,"cards_obtained":["Study"]},{"damage_healed":0,"gold_gain":0,"player_choice":"Take Wound","damage_taken":0,"relics_obtained":["Golden Idol"],"max_hp_gain":0,"max_hp_loss":0,"event_name":"Golden Idol","floor":7,"gold_loss":0,"cards_obtained":["Injury"]}],"is_beta":false,"boss_relics":[],"items_purged_floors":[],"is_endless":false,"potions_floor_spawned":[],"killed_by":"Gremlin Nob","ascension_level":1}}