{"host":"56d873i5r3uhle0q","time":1611693065,"event":{"mods":["100% Spire Juice","Act Like it!","Aspiration","BaseMod","Block Reminder","Conspire","Dota2Spire","Downfall","Gensokyo","Hermit","Hubris","Infinite Spire","Jedi Mod","Lobotomy","LobotomyExtend","Marisa????????","Marked Mod","Minty Spire (QoL Compilation)","Reliquary","Replay The Spire","StSLib","The Animator","The Bug Knight","The Cursed","The Marked","The Servant 0.9.4","everything is the same but u backflip on backflip","??????REMEMod"],"gold_per_floor":[99,113,125,125,137,150,195,195,209,61,61,74,74,88,100,100,100,100],"floor_reached":16,"language":"ENG","playtime":1075,"items_purged":[],"score":96,"play_id":"2ce205ad-7197-4c70-8c5f-36f893b97cf7","local_time":"20210126133105","is_ascension_mode":false,"campfire_choices":[{"data":"hexamod:CatchUp","floor":13,"key":"SMITH"}],"circlet_count":0,"master_deck":["hexamod:Strike","hexamod:Strike","hexamod:Strike","hexamod:Strike","hexamod:Defend","hexamod:Defend","hexamod:Defend","hexamod:Sear","hexamod:Float","hexamod:RadiantFlame","hexamod:PhantomFireball","hexamod:HexaLevel","hexamod:CatchUp+1","hexamod:HeatCrush","hexamod:RadiantFlame"],"relics":["hexamod:SpiritBrand","REME_ComplimentaryCards","aspiration:Nostalgia","m_BronzeBlood","REME_PuzzleBoxRelic","Gensokyo:Justice","conspire:TreasureMap"],"acts_visited":["Gensokyo:Gensokyo"],"potions_floor_usage":[],"damage_taken":[{"damage":0.0,"enemies":"Gensokyo:3_Fairies","floor":2.0,"turns":5.0},{"damage":0.0,"enemies":"Gensokyo:2_Kodama","floor":3.0,"turns":5.0},{"damage":0,"enemies":"Gensokyo:Gryphon","floor":5,"turns":3},{"damage":16,"enemies":"Gensokyo:2_Rabbits","floor":6,"turns":5},{"damage":9,"enemies":"Gensokyo:CorruptedTreant","floor":9,"turns":4},{"damage":0,"enemies":"Gensokyo:VengefulSpirit","floor":12,"turns":3},{"damage":6,"enemies":"Gensokyo:Gryphon_and_Rabbit","floor":14,"turns":5},{"damage":12,"enemies":"Gensokyo:2_Rabbits","floor":15,"turns":6},{"damage":68,"enemies":"WA_ARCHETYPE_RETAIN","floor":16,"turns":7}],"seed_played":"352613633864647181","potions_obtained":[{"floor":2.0,"key":"SteroidPotion"},{"floor":6,"key":"jedi:hoardpotion"}],"is_trial":false,"path_per_floor":["R","M","M","?","M","M","T","?","M","COS","?","M","R","M","M","B"],"character_chosen":"THE_SPIRIT","items_purchased":[],"campfire_rested":0,"item_purchase_floors":[],"current_hp_per_floor":[70,70,70,70,70,60,60,60,57,57,64,70,70,70,64,0,0,0],"gold":100,"neow_bonus":"NOSTALGIA","is_daily":false,"chose_seed":false,"campfire_upgraded":1,"win_rate":0.0,"timestamp":1611693065,"path_taken":["R","M","M","?","M","M","T","?","?","COS","?","M","R","M","M","BOSS"],"items_purchased_type":[],"build_version":"2020-12-22","purchased_purges":0,"victory":false,"max_hp_per_floor":[70,70,70,70,70,70,70,70,70,70,70,70,70,70,70,70,70,70],"card_choices":[{"not_picked":["bronze:Turbo","hexamod:ShieldOfDarkness"],"picked":"hexamod:PhantomFireball","floor":2.0},{"not_picked":["hexamod:ThermalTransfer","bronze:BuggyMess","hexamod:ShieldOfDarkness"],"picked":"SKIP","floor":3.0},{"not_picked":["Body Slam","Shrug It Off","hexamod:Hexaguard"],"picked":"SKIP","floor":5},{"not_picked":["hexamod:Firestarter","hexamod:CatchUp"],"picked":"hexamod:HexaLevel","floor":6},{"not_picked":["Flame Barrier","hexamod:SwordOfDarkness"],"picked":"hexamod:CatchUp","floor":9},{"not_picked":["Flame Barrier","Body Slam"],"picked":"hexamod:HeatCrush","floor":12},{"not_picked":["hexamod:GhostShield","hexamod:Hexaguard"],"picked":"hexamod:RadiantFlame","floor":14},{"not_picked":["hexamod:NightmareGuise","hexamod:BacktrackSmack","bronze:Shield"],"picked":"SKIP","floor":15}],"player_experience":658653,"relics_obtained":[{"floor":7,"key":"REME_PuzzleBoxRelic"}],"event_choices":[],"is_beta":false,"boss_relics":[],"items_purged_floors":[],"is_endless":false,"potions_floor_spawned":[2,6],"killed_by":"WA_ARCHETYPE_RETAIN","ascension_level":0}}