{"host":"5jzx1090woovszu4","time":1611638409,"event":{"mods":["BaseMod","Gremlin Mod","Minty Spire (QoL Compilation)","Spicy Shops","StSLib","[GremlinLeader]The Maniac"],"gold_per_floor":[110,110,110,129,48,48,78,29,56,66,66,76,95,125,125,228,228,240,240,240,240],"floor_reached":20,"language":"ENG","playtime":1004,"items_purged":[],"score":207,"play_id":"8b01925d-aac6-4b38-8276-d9694b3814d0","local_time":"20210126062009","is_ascension_mode":false,"campfire_choices":[{"data":"Gremlin:GlitterGuard","floor":6.0,"key":"SMITH"},{"data":"Gremlin:Polish","floor":15.0,"key":"SMITH"}],"circlet_count":0,"master_deck":["Gremlin:Strike","Gremlin:Strike","Gremlin:Strike","Gremlin:Strike","Gremlin:Defend","Gremlin:Defend","Gremlin:Defend","Gremlin:TagTeam","Gremlin:GremlinDance","Gremlin:Patsy","Gremlin:GlitterGuard+1","Gremlin:Enthusiasm","Gremlin:GremlinArms","Gremlin:Patsy","Gremlin:Kablamo+1","Gremlin:Changeo","Gremlin:IrksomeBlow","Gremlin:Polish+1","Gremlin:Unforgiving","Gremlin:Scatter"],"relics":["Gremlin:GremlinKnob","NeowsBlessing","StrikeDummy","Toy Ornithopter","Blood Vial","Akabeko","Snecko Eye"],"acts_visited":["Exordium","TheCity"],"potions_floor_usage":[],"damage_taken":[{"damage":0.0,"enemies":"2 Louse","floor":1.0,"turns":1.0},{"damage":0.0,"enemies":"Jaw Worm","floor":4.0,"turns":1.0},{"damage":0.0,"enemies":"Gremlin Nob","floor":7.0,"turns":1.0},{"damage":0.0,"enemies":"Cultist","floor":10.0,"turns":3.0},{"damage":7.0,"enemies":"Red Slaver","floor":12.0,"turns":4.0},{"damage":0.0,"enemies":"2 Fungi Beasts","floor":13.0,"turns":2.0},{"damage":1.0,"enemies":"3 Sentries","floor":14.0,"turns":4.0},{"damage":42.0,"enemies":"Hexaghost","floor":16.0,"turns":16.0},{"damage":19.0,"enemies":"Shell Parasite","floor":18.0,"turns":5.0},{"damage":0,"enemies":"2 Thieves","floor":20,"turns":1}],"seed_played":"-2865785977445008586","potions_obtained":[{"floor":1.0,"key":"DistilledChaos"},{"floor":7.0,"key":"Swift Potion"},{"floor":14.0,"key":"DuplicationPotion"},{"floor":18.0,"key":"Regen Potion"}],"is_trial":false,"path_per_floor":["M","?","T","M","$","R","E","$","T","M","?","M","M","E","R","B",null,"M","?","M"],"character_chosen":"GREMLIN","items_purchased":["Gremlin:Enthusiasm","Gremlin:Patsy"],"campfire_rested":0,"item_purchase_floors":[5,8],"current_hp_per_floor":[20,18,18,18,18,18,18,18,18,18,18,18,13,19,19,10,20,12,12,14,14],"gold":240,"neow_bonus":"THREE_ENEMY_KILL","is_daily":false,"chose_seed":false,"campfire_upgraded":2,"win_rate":0.0,"timestamp":1611638409,"path_taken":["M","?","?","?","$","R","E","?","T","M","?","?","M","E","R","BOSS","M","?","M"],"items_purchased_type":["Card","Card"],"build_version":"2020-12-22","purchased_purges":0,"victory":false,"max_hp_per_floor":[20,20,20,20,20,20,20,20,20,20,20,20,20,20,20,20,20,20,20,20,20],"card_choices":[{"not_picked":["Gremlin:Rhythm","Gremlin:Pretaliation"],"picked":"Gremlin:Patsy","floor":1.0},{"not_picked":["Gremlin:GremlinOffensive","Gremlin:Jeer"],"picked":"Gremlin:GlitterGuard","floor":4.0},{"not_picked":["Gremlin:Pinprick","Gremlin:ShowOfHands"],"picked":"Gremlin:GremlinArms","floor":7.0},{"not_picked":["Gremlin:Scatter","Gremlin:Tricksy"],"picked":"Gremlin:Kablamo","floor":10.0},{"not_picked":["Gremlin:Presto","Gremlin:GremlinArms"],"picked":"Gremlin:Changeo","floor":12.0},{"not_picked":["Gremlin:Revel","Gremlin:InfiniteBlocks"],"picked":"Gremlin:IrksomeBlow","floor":13.0},{"not_picked":["Gremlin:FanOfKnives","Gremlin:Changeo"],"picked":"Gremlin:Polish","floor":14.0},{"not_picked":["Gremlin:TargetWeakness","Gremlin:Encore"],"picked":"Gremlin:Unforgiving","floor":16.0},{"not_picked":["Gremlin:Jeer","Gremlin:Raid"],"picked":"Gremlin:Scatter","floor":18.0}],"player_experience":604576,"relics_obtained":[{"floor":3.0,"key":"StrikeDummy"},{"floor":7.0,"key":"Toy Ornithopter"},{"floor":9.0,"key":"Blood Vial"},{"floor":14.0,"key":"Akabeko"}],"event_choices":[{"cards_removed":["Gremlin:Defend"],"damage_healed":0.0,"max_hp_gain":0.0,"max_hp_loss":0.0,"gold_gain":0.0,"event_name":"Golden Wing","player_choice":"Card Removal","floor":2.0,"gold_loss":0.0,"damage_taken":2.0},{"damage_healed":0.0,"max_hp_gain":0.0,"max_hp_loss":0.0,"gold_gain":0.0,"event_name":"Upgrade Shrine","player_choice":"Upgraded","floor":11.0,"gold_loss":0.0,"damage_taken":0.0,"cards_upgraded":["Gremlin:Kablamo"]},{"damage_healed":0.0,"max_hp_gain":0.0,"max_hp_loss":0.0,"gold_gain":0.0,"event_name":"Ghosts","player_choice":"Ignored","floor":19.0,"gold_loss":0.0,"damage_taken":0.0}],"is_beta":false,"boss_relics":[{"not_picked":["Empty Cage","Coffee Dripper"],"picked":"Snecko Eye"}],"items_purged_floors":[],"is_endless":false,"potions_floor_spawned":[1,7,14,18],"killed_by":"2 Thieves","ascension_level":0}}