{"host":"i9z6y8pcdeu2qxnx","time":1611632887,"event":{"mods":["BaseMod","Colored Map","Googly Eyes","Highlight Path","Minty Spire (QoL Compilation)","Replay The Spire","StSLib"],"gold_per_floor":[159,207,382,382,442,820,820,913,913,973,1021,1051,141,141,141,426,426,474,474,474,389,18,121,178,88,88,200,247,247,287,340,340,635,635,688,756,797,797,797,797,860,961,986,994,994],"floor_reached":44,"language":"ENG","playtime":6940,"items_purged":[],"score":990,"play_id":"c96769b2-9bb3-474c-b079-4f867d2e2af9","local_time":"20210125224807","daily_mods":["Insanity","Hoarder","Midas"],"is_ascension_mode":false,"campfire_choices":[{"floor":7,"key":"REST"},{"floor":15,"key":"REST"},{"floor":29,"key":"REST"},{"floor":32,"key":"REST"},{"data":"Writhe","floor":40,"key":"PURGE"}],"circlet_count":0,"master_deck":["Sweeping Beam","Rebound","Static Discharge","Heatsinks","ReplaySolidLightProjector","Rebound","Conserve Battery","Blizzard","Turbo","Sweeping Beam","Rebound","Cold Snap","FTL","Steam","Turbo","Sweeping Beam","Compile Driver","ReplayTheSpireMod:Reroute Power","Melter","Coolheaded","Sweeping Beam+1","Defragment","Heatsinks","Leap","Aggregate","White Noise","Rebound","Rebound","Skim","Gash","Streamline","ReplaySort","Leap","Gash","Time Bomb","Hologram","Cold Snap","Time Bomb","Panic Button","Chill","Steam Power","Redo","Leap","Rebound","Consume","Steam","Stack","Leap","Chill","Hologram","Hologram","Hologram","Turbo","Turbo","Turbo","Conserve Battery","Conserve Battery","Conserve Battery","Fusion","Fusion","Fusion","Rip and Tear","Rip and Tear","Rip and Tear","Rainbow","Rainbow","Rainbow","Gash","Gash","Gash","Leap","Leap","Leap","Beam Cell","Beam Cell","Beam Cell","Stack","Stack","Stack","Poisoned Strike","Poisoned Strike","Poisoned Strike","Creative AI+1","Creative AI+1","Creative AI+1","Writhe","FTL","FTL","FTL","Auto Shields","Auto Shields","Auto Shields","BootSequence","BootSequence","BootSequence","Crystallizer+1","Crystallizer+1","Crystallizer+1","ReplaySolidLightProjector","ReplaySolidLightProjector","ReplaySolidLightProjector","Redo","Redo","Redo","Seek","Seek","Seek","Go for the Eyes+1","Go for the Eyes+1","Go for the Eyes+1","ReplayTheSpireMod:Calculation Training+1","ReplayTheSpireMod:Calculation Training+1","ReplayTheSpireMod:Calculation Training+1"],"relics":["Cracked Core","Old Coin","Frozen Egg 2","Divine Protection","Thread and Needle","Peace Pipe","Oddly Smooth Stone","ChewingGum","Nilry\u0027s Codex","Cables","Replay:Multitool","Membership Card","Replay:Bandana","Omamori","Turnip","Blue Candle","Pondfish Scales","Fusion Hammer","Replay:Wax Seal","Anchor"],"acts_visited":["Exordium","TheCity","TheBeyond"],"potions_floor_usage":[8,10,11,16,30,33,41,42],"damage_taken":[{"damage":0,"enemies":"Small Slimes","floor":1,"turns":3},{"damage":1,"enemies":"2 Louse","floor":2,"turns":4},{"damage":0,"enemies":"Cultist","floor":5,"turns":4},{"damage":9,"enemies":"3 Sentries","floor":6,"turns":4},{"damage":0,"enemies":"Lagavulin","floor":8,"turns":8},{"damage":0,"enemies":"Lots of Slimes","floor":10,"turns":3},{"damage":0,"enemies":"Gremlin Gang","floor":11,"turns":3},{"damage":0,"enemies":"Exordium Wildlife","floor":12,"turns":3},{"damage":0,"enemies":"Hexaghost","floor":16,"turns":9},{"damage":2,"enemies":"Spheric Guardian","floor":18,"turns":5},{"damage":2,"enemies":"Book of Stabbing","floor":23,"turns":6},{"damage":20,"enemies":"3 Byrds","floor":24,"turns":5},{"damage":4,"enemies":"Replay:Snechameleon","floor":27,"turns":4},{"damage":2,"enemies":"Snecko","floor":28,"turns":9},{"damage":42,"enemies":"3 Cultists","floor":30,"turns":7},{"damage":0,"enemies":"Snake Plant","floor":31,"turns":7},{"damage":0,"enemies":"Automaton","floor":33,"turns":13},{"damage":0,"enemies":"3 Darklings","floor":35,"turns":9},{"damage":0,"enemies":"Orb Walker","floor":36,"turns":5},{"damage":7,"enemies":"3 Darklings","floor":37,"turns":13},{"damage":6,"enemies":"4 Shapes","floor":41,"turns":7},{"damage":20,"enemies":"Nemesis","floor":42,"turns":9},{"damage":42,"enemies":"Giant Head","floor":44,"turns":12}],"seed_played":"-9167277061108994098","potions_obtained":[{"floor":2,"key":"Explosive Potion"},{"floor":8,"key":"SteroidPotion"},{"floor":10,"key":"Fire Potion"},{"floor":12,"key":"SpeedPotion"},{"floor":28,"key":"Explosive Potion"},{"floor":31,"key":"Adrenaline Potion"},{"floor":37,"key":"Block Potion"},{"floor":41,"key":"Reflective Coating"}],"is_trial":true,"path_per_floor":["M","M","?","?","M","E","R","E","T","M","M","M","$","?","R","B",null,"M","?","?","?","$","E","M","?","T","E","M","R","M","M","R","B",null,"M","M","M","?","?","R","M","E","T","E"],"character_chosen":"DEFECT","items_purchased":["Thread and Needle","Peace Pipe","Beam Cell","Stack","Poisoned Strike","Membership Card","Replay:Bandana","Omamori","FTL","Auto Shields"],"campfire_rested":4,"item_purchase_floors":[13,13,13,13,13,22,22,22,22,22],"current_hp_per_floor":[75,74,74,74,74,65,75,75,75,75,75,75,75,42,64,64,75,73,57,57,57,57,55,35,35,35,31,29,51,9,9,31,31,75,75,75,68,68,68,68,62,42,42,0,0],"gold":994,"neow_bonus":"","is_daily":false,"chose_seed":false,"campfire_upgraded":0,"win_rate":0.0,"timestamp":1611632887,"path_taken":["M","M","?","?","M","E","R","E","T","M","?","M","$","?","R","BOSS","M","?","?","?","$","E","M","?","T","E","M","R","?","M","R","BOSS","M","M","M","?","?","R","M","E","T","E"],"items_purchased_type":["Relic","Relic","Card","Card","Card","Relic","Relic","Relic","Card","Card"],"build_version":"2020-12-22","purchased_purges":0,"victory":false,"max_hp_per_floor":[75,75,75,75,75,75,75,75,75,75,75,75,75,75,75,75,75,75,75,75,75,75,75,75,75,75,75,75,75,75,75,75,75,75,75,75,75,75,71,71,71,71,71,71,71],"card_choices":[{"not_picked":["Panic Button","Redo"],"picked":"Hologram","floor":1},{"not_picked":["Reprogram","Compile Driver"],"picked":"Turbo","floor":2},{"not_picked":["Ball Lightning","Panic Button"],"picked":"Conserve Battery","floor":5},{"not_picked":["Cold Snap","ReplaySolidLightProjector"],"picked":"Fusion","floor":6},{"not_picked":["Defragment+1","Lockon"],"picked":"Rip and Tear","floor":8},{"not_picked":["Rebound","Panic Button"],"picked":"Rainbow","floor":10},{"not_picked":["Hologram","Genetic Algorithm"],"picked":"Gash","floor":11},{"not_picked":["Hologram","Steam"],"picked":"Leap","floor":12},{"not_picked":["Electrodynamics+1","Rainbow"],"picked":"Creative AI+1","floor":16},{"not_picked":["Panic Button+1","Scrape","Consume+1"],"picked":"SKIP","floor":18},{"not_picked":["Barrage+1","Beam Cell"],"picked":"BootSequence","floor":23},{"not_picked":["Beam Cell","Conserve Battery"],"picked":"Crystallizer+1","floor":24},{"not_picked":["Conserve Battery+1","Leap"],"picked":"ReplaySolidLightProjector","floor":27},{"not_picked":["Redo","Conserve Battery+1","Panic Button"],"picked":"SKIP","floor":28},{"not_picked":["Steam Power","Reprogram"],"picked":"Redo","floor":30},{"not_picked":["Conserve Battery","Glacier+1","Leap"],"picked":"SKIP","floor":31},{"not_picked":["ReplayRNGCard","Fission"],"picked":"Seek","floor":33},{"not_picked":["FIFO Queue+1","Panic Button","FTL"],"picked":"SKIP","floor":35},{"not_picked":["Stack","Cold Snap+1","Leap+1"],"picked":"SKIP","floor":36},{"not_picked":["Panic Button+1","Leap+1"],"picked":"Go for the Eyes+1","floor":37},{"not_picked":["Undo+1","Sweeping Beam+1","Recycle+1"],"picked":"SKIP","floor":41},{"not_picked":["Coolheaded","Darkness+1"],"picked":"ReplayTheSpireMod:Calculation Training+1","floor":42}],"player_experience":966673,"relics_obtained":[{"floor":6,"key":"Old Coin"},{"floor":8,"key":"Frozen Egg 2"},{"floor":9,"key":"Divine Protection"},{"floor":19,"key":"Nilry\u0027s Codex"},{"floor":23,"key":"Turnip"},{"floor":26,"key":"Blue Candle"},{"floor":27,"key":"Pondfish Scales"},{"floor":42,"key":"Replay:Wax Seal"},{"floor":43,"key":"Anchor"}],"event_choices":[{"damage_healed":0,"gold_gain":175,"player_choice":"AGREE","damage_taken":0,"max_hp_gain":0,"max_hp_loss":0,"event_name":"Liars Game","floor":3,"gold_loss":0,"cards_obtained":["Doubt"]},{"cards_removed":["Doubt","Doubt","Doubt"],"damage_healed":0,"gold_gain":0,"player_choice":"Removed Curses","damage_taken":0,"max_hp_gain":0,"max_hp_loss":0,"event_name":"Fountain of Cleansing","floor":4,"gold_loss":0},{"damage_healed":0,"gold_gain":0,"player_choice":"Success","damage_taken":33,"relics_obtained":["Oddly Smooth Stone"],"max_hp_gain":0,"max_hp_loss":0,"event_name":"Scrap Ooze","floor":14,"gold_loss":0},{"damage_healed":0,"gold_gain":0,"player_choice":"Obtained Book","damage_taken":16,"max_hp_gain":0,"max_hp_loss":0,"event_name":"Cursed Tome","floor":19,"gold_loss":0},{"damage_healed":0,"gold_gain":0,"player_choice":"Opened","damage_taken":0,"relics_obtained":["Cables"],"max_hp_gain":0,"max_hp_loss":0,"event_name":"The Mausoleum","floor":20,"gold_loss":0,"cards_obtained":["Writhe"]},{"damage_healed":0,"gold_gain":0,"player_choice":"Obtained Relic","damage_taken":0,"relics_obtained":["Replay:Multitool"],"max_hp_gain":0,"max_hp_loss":0,"event_name":"Addict","floor":21,"gold_loss":85},{"cards_removed":["Writhe"],"damage_healed":0,"gold_gain":0,"player_choice":"Upgrade and Remove","damage_taken":0,"max_hp_gain":0,"max_hp_loss":0,"event_name":"Designer","floor":25,"gold_loss":90,"cards_upgraded":["Sweeping Beam"]},{"cards_removed":["Hologram"],"damage_healed":0,"gold_gain":0,"player_choice":"Removed Skill","damage_taken":0,"max_hp_gain":0,"max_hp_loss":0,"event_name":"Falling","floor":38,"gold_loss":0},{"damage_healed":0,"gold_gain":0,"player_choice":"Max HP","damage_taken":0,"max_hp_gain":0,"max_hp_loss":4,"event_name":"Winding Halls","floor":39,"gold_loss":0}],"is_beta":false,"boss_relics":[{"not_picked":["Replay:Grab Bag","Snecko Eye"],"picked":"ChewingGum"},{"not_picked":["Inserter","FrozenCore"],"picked":"Fusion Hammer"}],"items_purged_floors":[],"is_endless":false,"potions_floor_spawned":[2,5,8,10,12,18,28,31,37,41],"killed_by":"Giant Head","ascension_level":0}}