{"host":"urvvf8749ekcxo1a","time":1611632732,"event":{"mods":["AchievementEnabler","AlwaysNeverKeys","BaseMod","Beaked The Cultist","Better Altar","Better Sensory Stone","Better-Laid Plans","BetterRewards","Colored Powertips","Displayed Cursed Tome","Emptier Cage","Evolution","Gold Saver","Minty Spire (QoL Compilation)","Quick Restart","Rare Cards Sparkle","Relic Filter","Relic Stats","Reliquary","StSLib","SuperFastMode","The Animator","The Bladedancer","The Cursed","The Hierophant","The Servant 0.9.4","Wide Potions"],"gold_per_floor":[113,113,113,63,63,63,82,82,157,157,8,52,66,66,66,191,191,206,200,219,219,240,240,240,240],"floor_reached":24,"language":"ENG","playtime":551,"items_purged":[],"score":223,"play_id":"d59a41c1-de14-4fff-a72a-cf4f79910caf","local_time":"20210125224532","is_ascension_mode":true,"campfire_choices":[{"data":"KidneyShot","floor":6,"key":"SMITH"},{"data":"DoubleEdge","floor":8,"key":"SMITH"},{"data":"MoonPhase","floor":10,"key":"SMITH"},{"floor":15,"key":"REST"},{"floor":23,"key":"REST"}],"circlet_count":0,"master_deck":["Strike_S","Strike_S","Defend_S","Defend_S","KidneyShot+1","Exchange","MoonPhase+1","DoubleEdge+1","LightFlow","SpecialFormula","KillingDoll","Luminosity+1","Sabotage","StarChef+1","Blind","Bandage Up","Unruled+1"],"relics":["Uniform","EVO:Axolotl","Potion Belt","Golden Idol","Frozen Egg 2","PocketWatch","Empty Cage"],"acts_visited":["Exordium","TheCity"],"potions_floor_usage":[12,13,19,22],"damage_taken":[{"damage":5,"enemies":"2 Louse","floor":1,"turns":4},{"damage":15,"enemies":"Small Slimes","floor":7,"turns":3},{"damage":25,"enemies":"3 Sentries","floor":12,"turns":5},{"damage":7,"enemies":"Jaw Worm","floor":13,"turns":2},{"damage":22,"enemies":"Hexaghost","floor":16,"turns":8},{"damage":3,"enemies":"3 Byrds","floor":18,"turns":6},{"damage":35,"enemies":"2 Thieves","floor":19,"turns":4},{"damage":17,"enemies":"Sentry and Sphere","floor":20,"turns":5},{"damage":5,"enemies":"Chosen and Byrds","floor":22,"turns":4},{"damage":51,"enemies":"Gremlin Leader","floor":24,"turns":4}],"seed_played":"-2194110852099419293","potions_obtained":[{"floor":1,"key":"DuplicationPotion"},{"floor":12,"key":"BlessingOfTheForge"},{"floor":18,"key":"Dexterity Potion"},{"floor":20,"key":"ColorlessPotion"}],"is_trial":false,"path_per_floor":["M","?","?","?","$","R","M","R","T","R","$","E","M","$","R","B",null,"M","M","M","?","M","R","E"],"character_chosen":"THE_SERVANT","items_purchased":["LightFlow"],"campfire_rested":2,"item_purchase_floors":[11],"current_hp_per_floor":[60,53,53,53,53,53,38,38,38,38,38,13,6,6,25,8,65,62,30,18,18,22,41,0,0],"gold":240,"neow_bonus":"RANDOM_COMMON_RELIC","is_daily":false,"chose_seed":false,"campfire_upgraded":3,"win_rate":0.0,"timestamp":1611632732,"path_taken":["M","?","?","?","?","R","M","R","T","R","$","E","?","$","R","BOSS","M","?","?","?","M","R","E"],"items_purchased_type":["Card"],"build_version":"2020-12-22","purchased_purges":0,"victory":false,"max_hp_per_floor":[65,65,65,65,65,65,65,65,65,65,65,65,65,65,65,65,65,65,65,65,65,65,65,65,65],"relic_stats":{"counters":[10,45],"Golden Idol":57,"obtain_stats":[{"Potion Belt":0,"Golden Idol":3,"Uniform":0,"PocketWatch":12,"EVO:Axolotl":0,"Frozen Egg 2":9,"Empty Cage":17},{"Potion Belt":0,"Golden Idol":1,"Uniform":0,"PocketWatch":3,"EVO:Axolotl":0,"Frozen Egg 2":2,"Empty Cage":5},{"Potion Belt":0,"Golden Idol":4,"Uniform":0,"PocketWatch":12,"EVO:Axolotl":0,"Frozen Egg 2":7,"Empty Cage":22}]},"card_choices":[{"not_picked":["Unruled","BottledTime"],"picked":"MoonPhase","floor":1},{"not_picked":["Gouge","FanOfKnives"],"picked":"DoubleEdge","floor":7},{"not_picked":["RealityMarble+1","Starlight"],"picked":"SpecialFormula","floor":12},{"not_picked":["Collapse","Advance","BottledTime"],"picked":"SKIP","floor":13},{"not_picked":["Initiator","PendulumOfEternity"],"picked":"KillingDoll","floor":16},{"not_picked":["Rewind+1","Snipe+1"],"picked":"Luminosity+1","floor":18},{"not_picked":["Replace","Potential+1"],"picked":"Sabotage","floor":19},{"not_picked":["ShiftingGears","Spin"],"picked":"StarChef+1","floor":20},{"not_picked":["Jack Of All Trades","Mind Blast"],"picked":"Blind","floor":21},{"not_picked":["Jack Of All Trades","Chrysalis"],"picked":"Bandage Up","floor":21},{"not_picked":["TimeWarp+1","Barrier"],"picked":"Unruled+1","floor":22}],"player_experience":163620,"relics_obtained":[{"floor":9,"key":"Frozen Egg 2"},{"floor":12,"key":"PocketWatch"}],"event_choices":[{"cards_removed":["Defend_S"],"damage_healed":0,"gold_gain":0,"player_choice":"Card Removal","damage_taken":7,"max_hp_gain":0,"max_hp_loss":0,"event_name":"Golden Wing","floor":2,"gold_loss":0},{"damage_healed":0,"gold_gain":0,"player_choice":"Take Wound","damage_taken":0,"relics_obtained":["Golden Idol"],"max_hp_gain":0,"max_hp_loss":0,"event_name":"Golden Idol","floor":3,"gold_loss":0,"cards_obtained":["Injury"]},{"cards_removed":["Defend_S"],"damage_healed":0,"gold_gain":0,"player_choice":"Card Removal","damage_taken":0,"max_hp_gain":0,"max_hp_loss":0,"event_name":"The Cleric","floor":4,"gold_loss":50},{"damage_healed":0,"gold_gain":2,"player_choice":"1","damage_taken":0,"max_hp_gain":0,"max_hp_loss":0,"event_name":"betterStone:BetterStone","floor":21,"gold_loss":0}],"is_beta":false,"boss_relics":[{"not_picked":["beaked:MawFillet","Sozu"],"picked":"Empty Cage"}],"items_purged_floors":[],"is_endless":false,"potions_floor_spawned":[1,12,18,20],"killed_by":"Gremlin Leader","ascension_level":3}}