{"host":"sav7uxregyirlf69","time":1611637194,"event":{"mods":["AchievementEnabler","BaseMod","Colored Map","DeckTracker","Keyboard Shortcuts","Minty Spire (QoL Compilation)","READ ME - Guardian Mod","StSLib","SuperFastMode"],"gold_per_floor":[114,114,114,114,164,164,177,206,206,206,221,247,322,339,339,414,414,433,433,433,358,369,369,186,186,186,186,186,186,200,232,247,247,326,326,345,345,345,356,369,399,399,430,430,475,486,511,511,511,511,511,511,511,511,135,169,169],"floor_reached":58,"language":"KOR","playtime":1136,"items_purged":["Strike_R","Defend_R"],"score":3413,"play_id":"b133fb17-157f-4b9a-a7b9-d55b87142581","local_time":"20210126135954","is_ascension_mode":true,"campfire_choices":[{"data":"Bludgeon","floor":6.0,"key":"SMITH"},{"data":"Pommel Strike","floor":10.0,"key":"SMITH"},{"data":"Fire Breathing","floor":15.0,"key":"SMITH"},{"data":"Second Wind","floor":23.0,"key":"SMITH"},{"data":"Deep Breath","floor":25.0,"key":"SMITH"},{"data":"Offering","floor":28.0,"key":"SMITH"},{"floor":33.0,"key":"REST"},{"data":"Warcry","floor":42.0,"key":"SMITH"},{"data":"Strike_R","floor":48.0,"key":"PURGE"},{"floor":50.0,"key":"RECALL"},{"data":"Evolve","floor":54.0,"key":"SMITH"}],"circlet_count":0,"master_deck":["AscendersBane","Defend_R+1","Defend_R","Defend_R+1","Bash","Fire Breathing+1","Bludgeon+1","Pommel Strike+1","Warcry+1","Second Wind+1","Offering+1","Deep Breath+1","Evolve+1","Offering","Deep Breath+1"],"relics":["Burning Blood","NeowsBlessing","Sundial","War Paint","Paper Frog","Gremlin Horn","Busted Crown","Pantograph","PreservedInsect","Philosopher\u0027s Stone","Torii","Eternal Feather","HornCleat","Peace Pipe","Membership Card","Calipers","Blue Candle"],"acts_visited":["Exordium","TheCity","TheBeyond","TheEnding"],"potions_floor_usage":[57,57],"damage_taken":[{"damage":0.0,"enemies":"2 Louse","floor":1.0,"turns":1.0},{"damage":0.0,"enemies":"Jaw Worm","floor":7.0,"turns":1.0},{"damage":0.0,"enemies":"Gremlin Nob","floor":8.0,"turns":1.0},{"damage":1.0,"enemies":"Small Slimes","floor":11.0,"turns":3.0},{"damage":15.0,"enemies":"Lagavulin","floor":12.0,"turns":4.0},{"damage":7.0,"enemies":"3 Louse","floor":14.0,"turns":4.0},{"damage":29.0,"enemies":"Hexaghost","floor":16.0,"turns":7.0},{"damage":17.0,"enemies":"Shell Parasite","floor":18.0,"turns":2.0},{"damage":6.0,"enemies":"Spheric Guardian","floor":22.0,"turns":3.0},{"damage":6.0,"enemies":"Chosen and Byrds","floor":30.0,"turns":3.0},{"damage":6.0,"enemies":"Gremlin Leader","floor":31.0,"turns":2.0},{"damage":19.0,"enemies":"Centurion and Healer","floor":32.0,"turns":3.0},{"damage":6.0,"enemies":"Champ","floor":34.0,"turns":2.0},{"damage":6.0,"enemies":"3 Darklings","floor":36.0,"turns":2.0},{"damage":6.0,"enemies":"Orb Walker","floor":39.0,"turns":2.0},{"damage":6.0,"enemies":"Sphere and 2 Shapes","floor":40.0,"turns":3.0},{"damage":6.0,"enemies":"Reptomancer","floor":41.0,"turns":2.0},{"damage":8.0,"enemies":"Nemesis","floor":43.0,"turns":3.0},{"damage":12.0,"enemies":"2 Orb Walkers","floor":45.0,"turns":1.0},{"damage":6.0,"enemies":"Maw","floor":46.0,"turns":2.0},{"damage":12.0,"enemies":"Reptomancer","floor":47.0,"turns":2.0},{"damage":12.0,"enemies":"Awakened One","floor":51.0,"turns":3.0},{"damage":6.0,"enemies":"Donu and Deca","floor":52.0,"turns":2.0},{"damage":0,"enemies":"Shield and Spear","floor":56,"turns":2},{"damage":71,"enemies":"The Heart","floor":57,"turns":5}],"seed_played":"1963888926417789050","potions_obtained":[{"floor":1.0,"key":"EssenceOfSteel"},{"floor":8.0,"key":"HeartOfIron"},{"floor":12.0,"key":"CultistPotion"},{"floor":18.0,"key":"ElixirPotion"},{"floor":32.0,"key":"SpeedPotion"},{"floor":36.0,"key":"Swift Potion"},{"floor":43.0,"key":"SteroidPotion"}],"is_trial":false,"path_per_floor":["M","?","?","?","?","R","M","E","T","R","M","E","?","M","R","B",null,"M","?","?","?","M","R","$","R","T","T","R","?","M","E","M","R","B",null,"M","?","?","M","M","E","R","E","T","?","M","E","R","?","R","B","B",null,"R","$","E","B",null],"character_chosen":"IRONCLAD","items_purchased":["Deep Breath","Membership Card","Calipers"],"campfire_rested":1,"item_purchase_floors":[24,55,55],"current_hp_per_floor":[74,74,48,53,45,45,51,57,57,57,62,53,42,41,41,18,65,54,54,54,54,54,54,54,54,54,54,54,31,31,31,18,43,68,81,81,71,71,71,71,71,71,69,69,63,63,57,66,66,75,79,85,85,85,85,85,20],"gold":169,"neow_bonus":"THREE_ENEMY_KILL","is_daily":false,"chose_seed":false,"campfire_upgraded":8,"win_rate":0.0,"timestamp":1611637194,"path_taken":["M","?","?","?","?","R","M","E","T","R","?","E","?","M","R","BOSS","M","?","?","?","M","R","$","R","T","T","R","?","?","E","M","R","BOSS","M","?","?","M","?","E","R","E","T","?","M","E","R","?","R","BOSS","BOSS","R","$","E","BOSS"],"items_purchased_type":["Card","Relic","Relic"],"build_version":"2020-12-22","purchased_purges":2,"victory":true,"max_hp_per_floor":[75,75,75,80,80,80,80,80,80,80,80,80,80,80,80,80,80,80,80,80,80,80,80,80,80,80,80,80,85,85,85,85,85,85,85,85,85,85,85,85,85,85,85,85,85,85,85,85,85,85,85,85,85,85,85,85,85],"card_choices":[{"not_picked":["Perfected Strike","Wild Strike"],"picked":"Fire Breathing","floor":1.0},{"not_picked":["Twin Strike","Sword Boomerang","Clash"],"picked":"SKIP","floor":7.0},{"not_picked":["Anger","Sentinel"],"picked":"Pommel Strike","floor":8.0},{"not_picked":["Ghostly Armor","Rupture"],"picked":"Warcry","floor":11.0},{"not_picked":["Anger","Impervious","Iron Wave"],"picked":"SKIP","floor":12.0},{"not_picked":["Thunderclap","Perfected Strike"],"picked":"Second Wind","floor":14.0},{"not_picked":["Immolate","Feed"],"picked":"Offering","floor":16.0},{"not_picked":["Anger"],"picked":"SKIP","floor":18.0},{"not_picked":["Heavy Blade"],"picked":"SKIP","floor":22.0},{"not_picked":["Hemokinesis"],"picked":"SKIP","floor":30.0},{"not_picked":[],"picked":"Evolve","floor":31.0},{"not_picked":["Clash"],"picked":"SKIP","floor":32.0},{"not_picked":[],"picked":"Offering","floor":34.0},{"not_picked":["Clothesline"],"picked":"SKIP","floor":36.0},{"not_picked":["Blood for Blood"],"picked":"SKIP","floor":39.0},{"not_picked":["Wild Strike"],"picked":"SKIP","floor":40.0},{"not_picked":["Pommel Strike"],"picked":"SKIP","floor":41.0},{"not_picked":["Perfected Strike"],"picked":"SKIP","floor":43.0},{"not_picked":["Evolve"],"picked":"SKIP","floor":46.0},{"not_picked":["Twin Strike"],"picked":"SKIP","floor":47.0},{"not_picked":["Warcry+1"],"picked":"SKIP","floor":56}],"player_experience":1388767,"relics_obtained":[{"floor":8.0,"key":"War Paint"},{"floor":9.0,"key":"Paper Frog"},{"floor":12.0,"key":"Gremlin Horn"},{"floor":27.0,"key":"Pantograph"},{"floor":31.0,"key":"PreservedInsect"},{"floor":41.0,"key":"Torii"},{"floor":43.0,"key":"Eternal Feather"},{"floor":44.0,"key":"HornCleat"},{"floor":47.0,"key":"Peace Pipe"},{"floor":56,"key":"Blue Candle"}],"event_choices":[{"damage_healed":0.0,"max_hp_gain":0.0,"max_hp_loss":0.0,"gold_gain":0.0,"cards_transformed":["Strike_R"],"event_name":"Living Wall","player_choice":"Change","floor":2.0,"gold_loss":0.0,"damage_taken":0.0,"cards_obtained":["Bludgeon"]},{"damage_healed":0.0,"max_hp_gain":0.0,"max_hp_loss":0.0,"gold_gain":0.0,"event_name":"Scrap Ooze","player_choice":"Success","floor":3.0,"gold_loss":0.0,"damage_taken":26.0,"relics_obtained":["Sundial"]},{"damage_healed":0.0,"max_hp_gain":5.0,"max_hp_loss":0.0,"gold_gain":0.0,"event_name":"Big Fish","player_choice":"Donut","floor":4.0,"gold_loss":0.0,"damage_taken":0.0},{"damage_healed":0.0,"max_hp_gain":0.0,"max_hp_loss":0.0,"gold_gain":50.0,"event_name":"FaceTrader","player_choice":"Touch","floor":5.0,"gold_loss":0.0,"damage_taken":8.0},{"damage_healed":0.0,"max_hp_gain":0.0,"max_hp_loss":0.0,"gold_gain":75.0,"event_name":"World of Goop","player_choice":"Gather Gold","floor":13.0,"gold_loss":0.0,"damage_taken":11.0},{"damage_healed":0.0,"max_hp_gain":0.0,"max_hp_loss":0.0,"gold_gain":0.0,"event_name":"Cursed Tome","player_choice":"Ignored","floor":19.0,"gold_loss":0.0,"damage_taken":0.0},{"cards_removed":["Strike_R"],"damage_healed":0.0,"max_hp_gain":0.0,"max_hp_loss":0.0,"gold_gain":0.0,"event_name":"Back to Basics","player_choice":"Elegance","floor":20.0,"gold_loss":0.0,"damage_taken":0.0},{"cards_removed":["Strike_R"],"damage_healed":0.0,"max_hp_gain":0.0,"max_hp_loss":0.0,"gold_gain":0.0,"event_name":"Beggar","player_choice":"Gave Gold","floor":21.0,"gold_loss":75.0,"damage_taken":0.0},{"damage_healed":0.0,"max_hp_gain":5.0,"max_hp_loss":0.0,"gold_gain":0.0,"event_name":"Forgotten Altar","player_choice":"Shed Blood","floor":29.0,"gold_loss":0.0,"damage_taken":28.0},{"damage_healed":0.0,"max_hp_gain":0.0,"max_hp_loss":0.0,"gold_gain":0.0,"event_name":"SensoryStone","player_choice":"Memory 3","floor":37.0,"gold_loss":0.0,"damage_taken":10.0},{"damage_healed":0.0,"max_hp_gain":0.0,"max_hp_loss":0.0,"gold_gain":0.0,"event_name":"Duplicator","player_choice":"Copied","floor":38.0,"gold_loss":0.0,"damage_taken":0.0,"cards_obtained":["Deep Breath"]},{"damage_healed":0.0,"max_hp_gain":0.0,"max_hp_loss":0.0,"gold_gain":0.0,"event_name":"Mysterious Sphere","player_choice":"Fight","floor":45.0,"gold_loss":0.0,"damage_taken":0.0},{"damage_healed":0.0,"max_hp_gain":0.0,"max_hp_loss":0.0,"gold_gain":0.0,"event_name":"Tomb of Lord Red Mask","player_choice":"Ignored","floor":49.0,"gold_loss":0.0,"damage_taken":0.0}],"is_beta":false,"boss_relics":[{"not_picked":["Black Blood","Coffee Dripper"],"picked":"Busted Crown"},{"not_picked":["Velvet Choker","Snecko Eye"],"picked":"Philosopher\u0027s Stone"}],"items_purged_floors":[24,55],"is_endless":false,"potions_floor_spawned":[1,8,12,18,32,36,39,43,46,47],"ascension_level":20}}