{"host":"Jade","time":1611664445,"event":{"mods":["2.2 Compatiblity","A Penny For Your Troubles","Aspiration","BaseMod","Better Altar","Better Match","Better Note","Better Skull","Better Third Choice","Better Vampires","BetterRewards","Colored Powertips","Conspire","Curses Come First","DeckTracker","GifTheSpireLib","Hero for Fun","Hubris","Infinite Spire","Minty Spire (QoL Compilation)","Quick Restart","Rare Cards Sparkle","Relic Stats","Replay The Spire","RumiaBox-????????","StSLib","Stuff the Spire","Wandering Minibosses"],"gold_per_floor":[117,117,117,134,134,134,165,165,165,200,224,224,224,248,248,248,248],"floor_reached":16,"language":"ENG","playtime":436,"items_purged":[],"score":108,"play_id":"92090f50-d0ac-40e0-96d8-d720624be629","local_time":"20210126203405","is_ascension_mode":false,"campfire_choices":[{"data":"Riddle With Holes","floor":6,"key":"SMITH"},{"floor":8,"key":"REST"},{"data":"Dagger Spray","floor":13,"key":"SMITH"},{"data":"Footwork","floor":15,"key":"SMITH"}],"circlet_count":0,"master_deck":["Strike_G","Strike_G","Strike_G","Strike_G","Strike_G","Defend_G","Defend_G","Defend_G","Defend_G","Defend_G","Survivor","Neutralize","Riddle With Holes+1","Dagger Spray+1","Deflect","Prepared","StuffTheSpire:ReptileScales","Regret","Footwork+1"],"relics":["Ring of the Snake","StuffTheSpire:Nightcore","Matryoshka","hubris:TenFootPole","StuffTheSpire:RedRose","Golden Idol","infinitespire:Beetle Shell","MagicDraw4","StuffTheSpire:Rhapsscallions","StuffTheSpire:NeowsTribute","Bag of Marbles"],"acts_visited":["Exordium"],"potions_floor_usage":[4,16],"damage_taken":[{"damage":0,"enemies":"Cultist","floor":1,"turns":2},{"damage":3,"enemies":"Jaw Worm","floor":4,"turns":2},{"damage":17,"enemies":"3 Sentries","floor":7,"turns":5},{"damage":26,"enemies":"Gremlin Nob","floor":10,"turns":4},{"damage":5,"enemies":"Small Slimes","floor":11,"turns":2},{"damage":0,"enemies":"3 Louse","floor":14,"turns":1},{"damage":3,"enemies":"The Guardian","floor":16,"turns":7}],"seed_played":"1097367421518604986","potions_obtained":[{"floor":10,"key":"PowerPotion"}],"is_trial":false,"path_per_floor":["M","?","?","M","?","R","E","R","T","E","M","?","R","M","R","B"],"character_chosen":"THE_SILENT","items_purchased":["Matryoshka","Riddle With Holes","Dagger Spray","hubris:TenFootPole","Block Potion"],"campfire_rested":1,"item_purchase_floors":[0,0,0,0,0],"current_hp_per_floor":[38,38,38,35,27,27,10,31,34,8,3,3,3,3,3,0,0],"gold":248,"neow_bonus":"","is_daily":false,"chose_seed":false,"campfire_upgraded":3,"win_rate":0.0,"timestamp":1611664445,"path_taken":["M","?","?","M","?","R","E","R","T","E","M","?","R","M","R","BOSS"],"items_purchased_type":["Relic","Card","Card","Relic","Potion"],"build_version":"2020-11-17","purchased_purges":0,"victory":false,"max_hp_per_floor":[70,70,70,70,70,70,70,70,73,73,73,73,73,73,73,73,73],"relic_stats":{"counters":[8,24],"Golden Idol":23,"obtain_stats":[{"infinitespire:BottledMercury":0,"StuffTheSpire:Rhapsscallions":9,"Vajra":0,"Replay:Multitool":0,"MagicDraw4":9,"Sling":0,"Matryoshka":0,"Gambling Chip":0,"infinitespire:Golems Mask":0,"StuffTheSpire:Nightcore":0,"StuffTheSpire:RedRose":2,"StuffTheSpire:NeowsTribute":10,"Ring of the Snake":0,"Golden Idol":5,"StuffTheSpire:ForceGauntlet":0,"Thread and Needle":0,"infinitespire:Beetle Shell":7,"conspire:Boomerang":0,"aspiration:SecretTechniqueScroll":0,"Replay:Kaleidoscope":0,"Du-Vu Doll":0,"Shuriken":0,"StuffTheSpire:RubySignet":0,"hubris:TenFootPole":0,"Bag of Marbles":12,"Unceasing Top":0},{"infinitespire:BottledMercury":0,"StuffTheSpire:Rhapsscallions":4,"Vajra":1,"Replay:Multitool":0,"MagicDraw4":4,"Sling":0,"Matryoshka":1,"Gambling Chip":1,"infinitespire:Golems Mask":1,"StuffTheSpire:Nightcore":1,"StuffTheSpire:RedRose":2,"StuffTheSpire:NeowsTribute":5,"Ring of the Snake":0,"Golden Idol":3,"StuffTheSpire:ForceGauntlet":0,"Thread and Needle":0,"infinitespire:Beetle Shell":4,"conspire:Boomerang":1,"aspiration:SecretTechniqueScroll":0,"Replay:Kaleidoscope":1,"Du-Vu Doll":1,"Shuriken":0,"StuffTheSpire:RubySignet":0,"hubris:TenFootPole":1,"Bag of Marbles":6,"Unceasing Top":1},{"infinitespire:BottledMercury":0,"StuffTheSpire:Rhapsscallions":11,"Vajra":2,"Replay:Multitool":0,"MagicDraw4":11,"Sling":0,"Matryoshka":2,"Gambling Chip":2,"infinitespire:Golems Mask":2,"StuffTheSpire:Nightcore":2,"StuffTheSpire:RedRose":4,"StuffTheSpire:NeowsTribute":15,"Ring of the Snake":0,"Golden Idol":6,"StuffTheSpire:ForceGauntlet":0,"Thread and Needle":0,"infinitespire:Beetle Shell":11,"conspire:Boomerang":2,"aspiration:SecretTechniqueScroll":0,"Replay:Kaleidoscope":2,"Du-Vu Doll":2,"Shuriken":0,"StuffTheSpire:RubySignet":0,"hubris:TenFootPole":2,"Bag of Marbles":16,"Unceasing Top":2}],"Ring of the Snake":[16]},"card_choices":[{"not_picked":["Acrobatics","Eviscerate"],"picked":"Deflect","floor":1},{"not_picked":["Well Laid Plans","PiercingWail"],"picked":"Prepared","floor":4},{"not_picked":["hubris:SlightOfHand","Toxin Wave"],"picked":"StuffTheSpire:ReptileScales","floor":7},{"not_picked":["Accuracy","StuffTheSpire:Shiver","Prepared"],"picked":"SKIP","floor":10},{"not_picked":["Quick Slash","Outmaneuver","Fluid Movement"],"picked":"SKIP","floor":11},{"not_picked":["Venomology","hubris:SlightOfHand"],"picked":"Footwork","floor":14}],"player_experience":40522,"relics_obtained":[{"floor":7,"key":"infinitespire:Beetle Shell"},{"floor":9,"key":"MagicDraw4"},{"floor":9,"key":"StuffTheSpire:Rhapsscallions"},{"floor":10,"key":"StuffTheSpire:NeowsTribute"}],"event_choices":[{"damage_healed":0,"gold_gain":0,"player_choice":"Leave","damage_taken":0,"max_hp_gain":0,"max_hp_loss":0,"event_name":"conspire:Investor","floor":3,"gold_loss":0},{"damage_healed":0,"gold_gain":0,"player_choice":"Take Damage","damage_taken":17,"relics_obtained":["Golden Idol"],"max_hp_gain":0,"max_hp_loss":0,"event_name":"Golden Idol","floor":5,"gold_loss":0},{"damage_healed":0,"gold_gain":0,"player_choice":"Box","damage_taken":0,"relics_obtained":["Bag of Marbles"],"max_hp_gain":0,"max_hp_loss":0,"event_name":"Big Fish","floor":12,"gold_loss":0,"cards_obtained":["Regret"]}],"is_beta":true,"boss_relics":[],"items_purged_floors":[],"is_endless":false,"potions_floor_spawned":[10],"killed_by":"The Guardian","ascension_level":0}}