{"host":"qeogwbudlaqzb6hy","time":1611658684,"event":{"mods":["BaseMod","Downfall","Minty Spire (QoL Compilation)","StSLib"],"gold_per_floor":[99,115,125,35,55,69,69,80,94,124,142,168,168,179,199,296,296,296,296,296,322,430,380,457,457,32,49,49,75,95,125,141,239,239,239,253,253,353,366,398,410,437,749,774,812,836,899,911,936,948,948,948],"floor_reached":50,"language":"ENG","playtime":3133,"items_purged":["hexamod:Strike","hexamod:Strike"],"score":585,"play_id":"d3e8cdc8-e5eb-42b8-95f2-a01ec707d7b5","local_time":"20210126205804","is_ascension_mode":false,"campfire_choices":[{"data":"hexamod:Sear","floor":1,"key":"SMITH"},{"data":"hexamod:GhostOfSpirePresent","floor":13,"key":"SMITH"},{"data":"hexamod:HeatShield","floor":18,"key":"SMITH"},{"data":"hexamod:ForkedFlame","floor":28,"key":"SMITH"},{"data":"hexamod:GhostflameInferno","floor":35,"key":"SMITH"},{"data":"hexamod:SearingWound","floor":43,"key":"SMITH"}],"circlet_count":0,"master_deck":["hexamod:Strike","hexamod:Strike","hexamod:Defend","hexamod:Defend","hexamod:Defend+1","hexamod:Defend","hexamod:Sear+1","hexamod:Float","Dramatic Entrance","hexamod:SpectersWail","hexamod:SoulSteal","hexamod:ExtraCrispy","hexamod:HeatShield+1","hexamod:Firestarter","hexamod:PowerFromBeyond","hexamod:InspiringFlames","hexamod:GhostOfSpirePresent+1","hexamod:InspiringFlames+1","hexamod:Again+1","hexamod:BurningTouch+1","hexamod:ForkedFlame+1","hexamod:AdvancingGuard","hexamod:HeatCrush","hexamod:NightmareStrike+1","hexamod:GhostflameInferno+1","hexamod:SkipABeat","hexamod:SwordOfDarkness+1","hexamod:ChargedBarrage","hexamod:SearingWound+1","hexamod:AdvancingGuard+1","hexamod:SoulSteal+1","hexamod:ThermalTransfer"],"relics":["hexamod:UnbrokenSoul","Bottled Lightning","Pantograph","Boot","Sozu","Ice Cream","Kunai","Ornamental Fan","Bird Faced Urn","hexamod:TheBrokenSeal","Bag of Preparation","PreservedInsect","StoneCalendar","downfall:GremlinWheel","MawBank","Gremlin Horn","MealTicket","Incense Burner"],"acts_visited":["Exordium","TheCity","TheBeyond"],"potions_floor_usage":[21,22,40],"damage_taken":[{"damage":0,"enemies":"Small Slimes","floor":2,"turns":3},{"damage":0,"enemies":"Jaw Worm","floor":3,"turns":3},{"damage":0,"enemies":"downfall:FleeingMerchant","floor":4,"turns":4},{"damage":2,"enemies":"2 Louse","floor":5,"turns":2},{"damage":0,"enemies":"2 Fungi Beasts","floor":6,"turns":2},{"damage":0,"enemies":"3 Louse","floor":8,"turns":1},{"damage":15,"enemies":"Exordium Thugs","floor":9,"turns":3},{"damage":22,"enemies":"Gremlin Nob","floor":10,"turns":4},{"damage":0,"enemies":"Large Slime","floor":11,"turns":3},{"damage":21,"enemies":"3 Sentries","floor":12,"turns":6},{"damage":4,"enemies":"2 Fungi Beasts","floor":14,"turns":3},{"damage":4,"enemies":"Blue Slaver","floor":15,"turns":4},{"damage":46,"enemies":"SI_SHIV_ARCHETYPE","floor":16,"turns":11},{"damage":4,"enemies":"Chosen","floor":19,"turns":7},{"damage":40,"enemies":"Sentry and Sphere","floor":21,"turns":8},{"damage":43,"enemies":"IC_STATUS_ARCHETYPE","floor":22,"turns":10},{"damage":10,"enemies":"downfall:FleeingMerchant","floor":26,"turns":4},{"damage":28,"enemies":"3 Cultists","floor":27,"turns":5},{"damage":7,"enemies":"Gremlin Leader","floor":29,"turns":6},{"damage":3,"enemies":"Shelled Parasite and Fungi","floor":30,"turns":3},{"damage":17,"enemies":"Slavers","floor":31,"turns":4},{"damage":0,"enemies":"Centurion and Healer","floor":32,"turns":4},{"damage":18,"enemies":"WA_ARCHETYPE_CALM","floor":33,"turns":9},{"damage":0,"enemies":"3 Shapes","floor":36,"turns":3},{"damage":0,"enemies":"3 Shapes","floor":38,"turns":1},{"damage":3,"enemies":"Orb Walker","floor":39,"turns":3},{"damage":21,"enemies":"Nemesis","floor":40,"turns":3},{"damage":5,"enemies":"Spire Growth","floor":42,"turns":5},{"damage":10,"enemies":"Sphere and 2 Shapes","floor":44,"turns":4},{"damage":7,"enemies":"Reptomancer","floor":45,"turns":3},{"damage":18,"enemies":"Maw","floor":46,"turns":6},{"damage":11,"enemies":"2 Orb Walkers","floor":47,"turns":3},{"damage":9,"enemies":"4 Shapes","floor":49,"turns":3},{"damage":53,"enemies":"IC_BLOCK_ARCHETYPE","floor":50,"turns":2}],"seed_played":"-3896912291246899297","potions_obtained":[{"floor":2,"key":"sneckomod:MuddlingPotion"},{"floor":6,"key":"BlessingOfTheForge"},{"floor":8,"key":"ColorlessPotion"},{"floor":16,"key":"hexamod:EctoCoolerPotion"}],"is_trial":false,"path_per_floor":["R","M","M","$","M","M","T","M","M","E","M","E","R","M","M","B",null,"R","M","?","M","?","?","T","?","$","M","R","E","M","E","M","B",null,"R","M","?","?","M","E","T","M","R","M","E","M","?","?","M","B"],"character_chosen":"THE_SPIRIT","items_purchased":["Bird Faced Urn","hexamod:AdvancingGuard"],"campfire_rested":0,"item_purchase_floors":[26,26],"current_hp_per_floor":[70,70,70,70,70,70,70,70,62,47,54,40,40,43,46,31,70,70,70,70,37,26,54,54,54,44,80,80,73,70,57,61,64,80,80,80,80,80,79,61,61,60,60,54,51,37,28,28,21,0,0,0],"gold":948,"neow_bonus":"RANDOM_COLORLESS","is_daily":false,"chose_seed":false,"campfire_upgraded":6,"win_rate":0.0,"timestamp":1611658684,"path_taken":["R","M","M","$","M","M","T","M","M","E","M","E","R","M","M","BOSS","R","M","?","M","?","?","T","?","$","M","R","E","M","E","M","BOSS","R","M","?","?","?","E","T","M","R","M","E","M","?","?","M","BOSS"],"items_purchased_type":["Relic","Card"],"build_version":"2020-12-22","purchased_purges":2,"victory":false,"max_hp_per_floor":[70,70,70,70,70,70,70,70,70,70,70,70,70,70,70,70,70,70,70,70,70,70,70,70,70,70,80,80,80,80,80,80,80,80,80,80,80,80,80,80,80,80,80,80,80,80,80,80,80,80,80,80],"card_choices":[{"not_picked":["Madness","Good Instincts"],"picked":"Dramatic Entrance","floor":0},{"not_picked":["hexamod:NightmareGuise","hexamod:Rewind"],"picked":"hexamod:SpectersWail","floor":2},{"not_picked":["hexamod:ShieldOfDarkness","hexamod:BacktrackSmack"],"picked":"hexamod:FirstSeal","floor":3},{"not_picked":["hexamod:HauntingEcho","hexamod:GhostShield"],"picked":"hexamod:SoulSteal","floor":4},{"not_picked":["hexamod:BacktrackSmack","hexamod:SwordOfDarkness"],"picked":"hexamod:SpectersWail","floor":5},{"not_picked":["hexamod:NecessarySacrifice","hexamod:HeatShield"],"picked":"hexamod:ExtraCrispy","floor":6},{"not_picked":["hexamod:Rewind","hexamod:HeatMetal"],"picked":"hexamod:HeatShield","floor":8},{"not_picked":["hexamod:NecessarySacrifice","hexamod:ShieldOfDarkness"],"picked":"hexamod:Firestarter","floor":9},{"not_picked":["hexamod:NightmareGuise","hexamod:SwordOfDarkness"],"picked":"hexamod:PowerFromBeyond","floor":10},{"not_picked":["hexamod:PhantomCloak","hexamod:HauntingEcho"],"picked":"hexamod:InspiringFlames","floor":11},{"not_picked":["hexamod:GiftsFromTheDead","hexamod:BurningTouch"],"picked":"hexamod:GhostOfSpirePresent","floor":12},{"not_picked":["hexamod:AdvancingGuard","hexamod:FastForward"],"picked":"hexamod:InspiringFlames","floor":14},{"not_picked":["hexamod:FastForward","hexamod:PhantomFireball"],"picked":"hexamod:FourthSeal","floor":15},{"not_picked":["hexamod:TurnItUp","hexamod:TimeOfNeed"],"picked":"hexamod:FifthSeal","floor":16},{"not_picked":["hexamod:FourthSeal","hexamod:FirstSeal"],"picked":"hexamod:SecondSeal","floor":19},{"not_picked":["hexamod:NightmareStrike","hexamod:NecessarySacrifice"],"picked":"hexamod:Again+1","floor":19},{"not_picked":["hexamod:FourthSeal","hexamod:ThirdSeal"],"picked":"hexamod:SixthSeal","floor":21},{"not_picked":["hexamod:EmpoweredFlame","hexamod:InspiringFlames","hexamod:BacktrackSmack"],"picked":"SKIP","floor":21},{"not_picked":["hexamod:Hexaguard","hexamod:HauntingEcho"],"picked":"hexamod:BurningTouch","floor":22},{"not_picked":["hexamod:HeatMetal+1","hexamod:AdvancingGuard"],"picked":"hexamod:ForkedFlame","floor":26},{"not_picked":["hexamod:SecondSeal","hexamod:FirstSeal","hexamod:FourthSeal"],"picked":"SKIP","floor":26},{"not_picked":["hexamod:HeatCrush","hexamod:HeatMetal","hexamod:InspiringFlames"],"picked":"SKIP","floor":26},{"not_picked":["hexamod:FastForward","hexamod:Firestarter","hexamod:NightmareGuise"],"picked":"SKIP","floor":27},{"not_picked":["hexamod:AdvancingGuard","hexamod:RetreatToShadows","hexamod:Haunt+1"],"picked":"SKIP","floor":29},{"not_picked":["hexamod:FastForward","hexamod:GhostShield+1"],"picked":"hexamod:HeatCrush","floor":30},{"not_picked":["hexamod:SpectersWail","hexamod:RetreatToShadows"],"picked":"hexamod:NightmareStrike+1","floor":31},{"not_picked":["hexamod:InspiringFlames","hexamod:NightmareGuise","hexamod:HeatMetal"],"picked":"SKIP","floor":32},{"not_picked":["hexamod:ParanormalForm","hexamod:GhostOfSpirePresent"],"picked":"hexamod:GhostflameInferno","floor":33},{"not_picked":["hexamod:SwordOfDarkness","hexamod:ThermalTransfer"],"picked":"hexamod:SkipABeat","floor":36},{"not_picked":["hexamod:AdvancingGuard","hexamod:ShieldOfDarkness"],"picked":"hexamod:SwordOfDarkness+1","floor":39},{"not_picked":["hexamod:SecondSeal","hexamod:Hexaguard"],"picked":"hexamod:ChargedBarrage","floor":40},{"not_picked":["hexamod:SkipABeat","hexamod:SpectralAdrenaline+1"],"picked":"hexamod:SearingWound","floor":42},{"not_picked":["hexamod:BacktrackSmack+1","hexamod:GhostLash+1"],"picked":"hexamod:AdvancingGuard+1","floor":44},{"not_picked":["hexamod:ThirdSeal","hexamod:SwordOfDarkness","hexamod:ParanormalForm"],"picked":"SKIP","floor":45},{"not_picked":["hexamod:ExtraCrispy","hexamod:SwordOfDarkness"],"picked":"hexamod:SoulSteal+1","floor":46},{"not_picked":["hexamod:AdvancingGuard+1","hexamod:BacktrackSmack+1"],"picked":"hexamod:ThermalTransfer","floor":47},{"not_picked":["hexamod:NightmareGuise","hexamod:SpectersWail+1","hexamod:SpectralAdrenaline"],"picked":"SKIP","floor":49}],"player_experience":320482,"relics_obtained":[{"floor":7,"key":"Bottled Lightning"},{"floor":10,"key":"Pantograph"},{"floor":12,"key":"Boot"},{"floor":22,"key":"Ice Cream"},{"floor":22,"key":"Kunai"},{"floor":24,"key":"Ornamental Fan"},{"floor":29,"key":"Bag of Preparation"},{"floor":31,"key":"PreservedInsect"},{"floor":37,"key":"StoneCalendar"},{"floor":38,"key":"downfall:GremlinWheel"},{"floor":40,"key":"MawBank"},{"floor":41,"key":"Gremlin Horn"},{"floor":45,"key":"MealTicket"},{"floor":47,"key":"Incense Burner"}],"event_choices":[{"damage_healed":0,"gold_gain":300,"player_choice":"Gold","damage_taken":0,"max_hp_gain":0,"max_hp_loss":0,"event_name":"Wheel of Change","floor":43,"gold_loss":0},{"damage_healed":0,"gold_gain":0,"player_choice":"Fight","damage_taken":0,"max_hp_gain":0,"max_hp_loss":0,"event_name":"Mysterious Sphere","floor":47,"gold_loss":0},{"damage_healed":0,"gold_gain":0,"player_choice":"Forge","damage_taken":0,"max_hp_gain":0,"max_hp_loss":0,"event_name":"Accursed Blacksmith","floor":48,"gold_loss":0,"cards_upgraded":["hexamod:BurningTouch"]}],"is_beta":false,"boss_relics":[{"not_picked":["Fusion Hammer","Tiny House"],"picked":"Sozu"},{"not_picked":["Velvet Choker","Astrolabe"],"picked":"hexamod:UnbrokenSoul"}],"items_purged_floors":[4,26],"is_endless":false,"potions_floor_spawned":[2,6,8,12,15,16,19,21,30,39,45,47,49],"killed_by":"IC_BLOCK_ARCHETYPE","ascension_level":0}}