{"host":"o7j6aatxjwpw1421","time":1611677163,"event":{"mods":["2.2 Compatiblity","AchievementEnabler","BaseMod","Colored Map","DeckTracker","Highlight Path","Keyboard Shortcuts","Minty Spire (QoL Compilation)","Permanent Neow","Quick Restart","StSLib","SuperFastMode","everything is the same but u backflip on backflip"],"gold_per_floor":[113,129,148,49,66,97,97,97,97],"floor_reached":8,"language":"KOR","playtime":893,"items_purged":["Defend_P"],"score":116,"play_id":"47a4a474-1ed4-4d5f-a6b4-a033bec21374","local_time":"20210127010603","is_ascension_mode":true,"campfire_choices":[{"data":"Eruption","floor":7.0,"key":"SMITH"}],"circlet_count":0,"master_deck":["AscendersBane","Strike_P","Strike_P","Strike_P","Strike_P","Defend_P","Defend_P","Defend_P","Eruption+1","Vigilance","TalkToTheHand","EmptyFist","EmptyBody"],"relics":["PureWater","NeowsBlessing","Mummified Hand"],"acts_visited":["Exordium"],"potions_floor_usage":[8],"damage_taken":[{"damage":0.0,"enemies":"Cultist","floor":1.0,"turns":1.0},{"damage":0.0,"enemies":"Jaw Worm","floor":2.0,"turns":1.0},{"damage":0.0,"enemies":"Small Slimes","floor":3.0,"turns":1.0},{"damage":3.0,"enemies":"2 Fungi Beasts","floor":5.0,"turns":5.0},{"damage":8.0,"enemies":"Gremlin Nob","floor":6.0,"turns":3.0},{"damage":44,"enemies":"3 Sentries","floor":8,"turns":10}],"seed_played":"-4137804760933554056","potions_obtained":[{"floor":1.0,"key":"BlessingOfTheForge"},{"floor":6.0,"key":"GamblersBrew"}],"is_trial":false,"path_per_floor":["M","M","M","$","M","E","R","E"],"character_chosen":"WATCHER","items_purchased":["EmptyBody"],"campfire_rested":0,"item_purchase_floors":[4],"current_hp_per_floor":[61,61,61,61,58,50,50,6,6],"gold":97,"neow_bonus":"THREE_ENEMY_KILL","is_daily":false,"chose_seed":false,"campfire_upgraded":1,"win_rate":0.0,"timestamp":1611677163,"path_taken":["M","?","?","$","M","E","R","E"],"items_purchased_type":["Card"],"build_version":"2020-12-22","purchased_purges":1,"victory":false,"max_hp_per_floor":[68,68,68,68,68,68,68,68,68],"card_choices":[{"not_picked":["ForeignInfluence","Collect"],"picked":"TalkToTheHand","floor":1.0},{"not_picked":["Vengeance","Pray","Evaluate"],"picked":"SKIP","floor":2.0},{"not_picked":["SandsOfTime","FlurryOfBlows"],"picked":"EmptyFist","floor":3.0},{"not_picked":["CrushJoints","Perseverance","BattleHymn"],"picked":"SKIP","floor":5.0},{"not_picked":["PathToVictory","CrushJoints","Halt"],"picked":"SKIP","floor":6.0}],"player_experience":622230,"relics_obtained":[{"floor":6.0,"key":"Mummified Hand"}],"event_choices":[],"is_beta":false,"boss_relics":[],"items_purged_floors":[4],"is_endless":false,"potions_floor_spawned":[1,6],"killed_by":"3 Sentries","ascension_level":20}}