{"host":"jt62yzdgnrkmwwqv","time":1611624576,"event":{"mods":["AchievementEnabler","Arknights The Spire","BaseMod","CapriCore","Colored Map","Colored Powertips","GungeonMod","Lobotomy","LobotomyExtend","Minty Spire (QoL Compilation)","Replay The Spire","StSLib","SuperFastMode","The Dragon Tamer"],"gold_per_floor":[116,126,126,76,89,123,139,139,139],"floor_reached":8,"language":"KOR","playtime":231,"items_purged":[],"score":61,"play_id":"f9b5684f-ec1d-4121-8d20-430fe378187d","local_time":"20210126102936","is_ascension_mode":true,"campfire_choices":[],"circlet_count":0,"master_deck":["ats:Strike C","ats:Strike G","ats:Strike S","ats:Strike V","ats:Defend","ats:Defend","ats:Emotion Absorption","ats:Strike S","ats:Soul Rend","ats:Literary Storm","ats:Explosion Area Strengthen","ats:Shadow Assault","ats:Closed Bolt Burst Fire"],"relics":["ats:Sanity","LetterFromLob","ReplayTheSpireMod:Ninjato","ats:Originium"],"acts_visited":["Exordium"],"potions_floor_usage":[8],"damage_taken":[{"damage":2,"enemies":"Small Slimes","floor":1,"turns":4},{"damage":13,"enemies":"Jaw Worm","floor":2,"turns":6},{"damage":5,"enemies":"Cultist","floor":5,"turns":4},{"damage":35,"enemies":"Gremlin Nob","floor":6,"turns":6},{"damage":18,"enemies":"Blue Slaver","floor":7,"turns":5},{"damage":31,"enemies":"Lagavulin","floor":8,"turns":3}],"seed_played":"7734356871405838542","potions_obtained":[{"floor":6,"key":"Explosive Potion"}],"is_trial":false,"path_per_floor":["M","M","?","?","M","E","M","E"],"character_chosen":"DOCTOR_CLASS","items_purchased":[],"campfire_rested":0,"item_purchase_floors":[],"current_hp_per_floor":[70,61,72,72,67,36,24,0,0],"gold":139,"neow_bonus":"THREE_RARE_CARDS","is_daily":false,"chose_seed":false,"campfire_upgraded":0,"win_rate":0.0,"timestamp":1611624576,"path_taken":["M","M","?","?","M","E","M","E"],"items_purchased_type":[],"build_version":"2020-12-22","purchased_purges":0,"victory":false,"max_hp_per_floor":[72,72,72,72,72,72,72,72,72],"card_choices":[{"not_picked":["ats:Volcano","ats:Dogmatic Field"],"picked":"ats:Soul Rend","floor":0},{"not_picked":["ats:Ignite","ats:Consecutive Shot Auto"],"picked":"ats:Literary Storm","floor":1},{"not_picked":["ats:Mental Burst","ats:Beaten Up","ats:Assault Order"],"picked":"SKIP","floor":2},{"not_picked":["ats:Mental Burst","ats:Charging Defense"],"picked":"ats:Explosion Area Strengthen","floor":5},{"not_picked":["ats:Leaping Hammer","ats:Cat Scratch"],"picked":"ats:Shadow Assault","floor":6},{"not_picked":["ats:Revitalization","ats:Burning Ground"],"picked":"ats:Closed Bolt Burst Fire","floor":7}],"player_experience":182983,"relics_obtained":[{"floor":1,"key":"LetterFromLob"},{"floor":6,"key":"ReplayTheSpireMod:Ninjato"},{"floor":6,"key":"ats:Originium"}],"event_choices":[{"cards_removed":["Defend_B"],"damage_healed":0,"gold_gain":0,"player_choice":"Card Removal","damage_taken":0,"max_hp_gain":0,"max_hp_loss":0,"event_name":"The Cleric","floor":4,"gold_loss":50}],"is_beta":false,"boss_relics":[],"items_purged_floors":[],"is_endless":false,"potions_floor_spawned":[6],"killed_by":"Lagavulin","ascension_level":1}}