{"host":"rj1j8apb2x4vafcu","time":1611687691,"event":{"mods":["AchievementEnabler","Act Like it!","BaseMod","Colored Map","Colored Powertips","Minty Spire (QoL Compilation)","Rare Cards Sparkle","StSLib"],"gold_per_floor":[117,131,131,15,28,28,46,72,72,72,91,101,101,112,112,208,208,220,237,237,253,108,128,128,143,222,238,248,248,248,260,260,361,361,376,392,169,182,32,58,58,58,58,58,74,85,85,104,104,104,104],"floor_reached":50,"language":"ENG","playtime":2624,"items_purged":["Strike_B","Strike_B","Strike_B","Defend_B"],"score":507,"play_id":"c0d05724-7979-4a1a-9e00-c7014e993e46","local_time":"20210126170131","is_ascension_mode":false,"campfire_choices":[{"data":"Zap","floor":6,"key":"SMITH"},{"data":"Defragment","floor":10,"key":"SMITH"},{"data":"Dualcast","floor":13,"key":"SMITH"},{"data":"Scrape","floor":15,"key":"SMITH"},{"data":"Redo","floor":24,"key":"SMITH"},{"data":"Conserve Battery","floor":29,"key":"SMITH"},{"floor":32,"key":"REST"},{"floor":44,"key":"REST"},{"floor":47,"key":"REST"},{"floor":49,"key":"REST"}],"circlet_count":0,"master_deck":["Strike_B","Defend_B","Defend_B","Zap+1","Dualcast+1","Scrape+1","Conserve Battery+1","Defragment+1","Leap","Go for the Eyes","Gash","Steam","Barrage","Gash","All For One","Ball Lightning+1","Redo+1","Self Repair+1","Gash","Gash+1","Loop+1","Gash+1","Chill+1","Echo Form","Gash","Loop+1","Defragment","Writhe","Defragment+1","Gash+1"],"relics":["Cracked Core","NeowsBlessing","Bottled Tornado","Singing Bowl","Philosopher\u0027s Stone","Gremlin Horn","SlaversCollar","Frozen Egg 2","Calipers"],"acts_visited":["Exordium","TheCity","TheBeyond"],"potions_floor_usage":[8,16,16,23,27,33,40,48],"damage_taken":[{"damage":0,"enemies":"Small Slimes","floor":1,"turns":1},{"damage":0,"enemies":"Cultist","floor":2,"turns":1},{"damage":0,"enemies":"Jaw Worm","floor":5,"turns":1},{"damage":12,"enemies":"3 Louse","floor":7,"turns":3},{"damage":10,"enemies":"Gremlin Nob","floor":8,"turns":4},{"damage":4,"enemies":"Looter","floor":11,"turns":3},{"damage":0,"enemies":"2 Fungi Beasts","floor":12,"turns":2},{"damage":2,"enemies":"Blue Slaver","floor":14,"turns":3},{"damage":31,"enemies":"The Guardian","floor":16,"turns":10},{"damage":0,"enemies":"Spheric Guardian","floor":18,"turns":2},{"damage":16,"enemies":"Shell Parasite","floor":19,"turns":6},{"damage":0,"enemies":"Snecko","floor":21,"turns":3},{"damage":24,"enemies":"Snake Plant","floor":23,"turns":3},{"damage":4,"enemies":"Centurion and Healer","floor":25,"turns":3},{"damage":5,"enemies":"Shelled Parasite and Fungi","floor":27,"turns":2},{"damage":7,"enemies":"3 Cultists","floor":28,"turns":5},{"damage":5,"enemies":"Chosen and Byrds","floor":31,"turns":5},{"damage":46,"enemies":"Automaton","floor":33,"turns":7},{"damage":13,"enemies":"3 Shapes","floor":35,"turns":3},{"damage":15,"enemies":"Orb Walker","floor":36,"turns":4},{"damage":43,"enemies":"4 Shapes","floor":38,"turns":4},{"damage":14,"enemies":"Reptomancer","floor":40,"turns":4},{"damage":7,"enemies":"Transient","floor":45,"turns":5},{"damage":19,"enemies":"Spire Growth","floor":46,"turns":4},{"damage":14,"enemies":"Jaw Worm Horde","floor":48,"turns":5},{"damage":97,"enemies":"Time Eater","floor":50,"turns":6}],"seed_played":"-7826063227200861604","potions_obtained":[{"floor":1,"key":"DistilledChaos"},{"floor":5,"key":"DuplicationPotion"},{"floor":7,"key":"DistilledChaos"},{"floor":19,"key":"PotionOfCapacity"},{"floor":21,"key":"ColorlessPotion"},{"floor":23,"key":"DistilledChaos"},{"floor":33,"key":"SteroidPotion"},{"floor":36,"key":"Ancient Potion"},{"floor":40,"key":"FearPotion"}],"is_trial":false,"path_per_floor":["M","M","?","$","M","R","M","E","T","R","M","M","R","M","R","B",null,"M","M","?","M","$","M","R","M","T","M","M","R","?","M","R","B",null,"M","M","$","M","$","E","?","?","T","R","M","M","R","M","R","B"],"character_chosen":"DEFECT","items_purchased":["Defragment","Gash","Go for the Eyes","Defragment"],"campfire_rested":4,"item_purchase_floors":[4,22,37,37],"current_hp_per_floor":[75,75,75,75,75,75,63,53,53,53,49,49,49,47,47,16,75,75,59,59,59,59,45,45,41,41,46,49,49,49,56,77,41,77,64,59,59,28,28,16,16,36,36,60,53,34,58,56,80,0,0],"gold":104,"neow_bonus":"THREE_ENEMY_KILL","is_daily":false,"chose_seed":false,"campfire_upgraded":6,"win_rate":0.0,"timestamp":1611687691,"path_taken":["M","M","?","$","M","R","?","E","T","R","M","M","R","M","R","BOSS","M","M","?","M","$","M","R","M","T","?","M","R","?","M","R","BOSS","M","M","$","M","$","E","?","?","T","R","M","M","R","M","R","BOSS"],"items_purchased_type":["Card","Card","Card","Card"],"build_version":"2020-12-22","purchased_purges":4,"victory":false,"max_hp_per_floor":[75,75,75,75,75,75,75,75,75,75,75,75,75,75,75,75,75,75,75,75,75,75,75,75,75,75,75,75,75,75,77,77,77,77,77,77,77,79,79,81,81,81,81,81,81,81,81,83,83,83,83],"card_choices":[{"not_picked":["Undo","Rebound"],"picked":"Scrape","floor":1},{"not_picked":["Rebound","Reprogram"],"picked":"Conserve Battery","floor":2},{"not_picked":["Hologram","Sunder"],"picked":"Leap","floor":5},{"not_picked":["Sweeping Beam","Lockon"],"picked":"Go for the Eyes","floor":7},{"not_picked":["Reprogram","Darkness"],"picked":"Gash","floor":8},{"not_picked":["Machine Learning","Turbo"],"picked":"Steam","floor":11},{"not_picked":["Leap","Auto Shields"],"picked":"Barrage","floor":12},{"not_picked":["Steam","Turbo"],"picked":"Gash","floor":14},{"not_picked":["Creative AI","Rainbow"],"picked":"All For One","floor":16},{"not_picked":["Steam","Cold Snap"],"picked":"Ball Lightning+1","floor":18},{"not_picked":["Consume+1","Cold Snap+1"],"picked":"Redo","floor":19},{"not_picked":["Cold Snap","Hologram"],"picked":"Self Repair+1","floor":21},{"not_picked":["Coolheaded","Glacier"],"picked":"Gash+1","floor":23},{"not_picked":["Capacitor","Conserve Battery"],"picked":"Loop+1","floor":25},{"not_picked":["Coolheaded","Rebound"],"picked":"Gash+1","floor":27},{"not_picked":["Self Repair","Multi-Cast"],"picked":"Chill+1","floor":28},{"not_picked":["Lockon","Streamline","Rebound"],"picked":"Singing Bowl","floor":31},{"not_picked":["Meteor Strike","Creative AI"],"picked":"Echo Form","floor":33},{"not_picked":["Stack","Conserve Battery+1"],"picked":"Gash","floor":35},{"not_picked":["Leap+1","Sweeping Beam"],"picked":"Loop+1","floor":36},{"not_picked":["Coolheaded+1","Redo","Steam"],"picked":"Singing Bowl","floor":38},{"not_picked":["Rebound","FTL+1","Cold Snap"],"picked":"Singing Bowl","floor":40},{"not_picked":["Steam Power+1","Auto Shields"],"picked":"Defragment+1","floor":45},{"not_picked":["Undo+1","Sweeping Beam"],"picked":"Gash+1","floor":46},{"not_picked":["Sunder","Sweeping Beam","Undo+1"],"picked":"Singing Bowl","floor":48}],"player_experience":130801,"relics_obtained":[{"floor":8,"key":"Bottled Tornado"},{"floor":9,"key":"Singing Bowl"},{"floor":26,"key":"Gremlin Horn"},{"floor":40,"key":"Frozen Egg 2"},{"floor":43,"key":"Calipers"}],"event_choices":[{"damage_healed":0,"gold_gain":0,"player_choice":"0 cards matched","damage_taken":0,"max_hp_gain":0,"max_hp_loss":0,"event_name":"Match and Keep!","floor":3,"gold_loss":0,"cards_obtained":[]},{"cards_removed":["Defend_B"],"damage_healed":0,"gold_gain":0,"player_choice":"Offered Basic","damage_taken":0,"max_hp_gain":0,"max_hp_loss":0,"event_name":"Bonfire Elementals","floor":20,"gold_loss":0},{"damage_healed":0,"gold_gain":0,"player_choice":"Ignored","damage_taken":0,"max_hp_gain":0,"max_hp_loss":0,"event_name":"Cursed Tome","floor":30,"gold_loss":0},{"cards_removed":["Go for the Eyes"],"damage_healed":0,"gold_gain":0,"player_choice":"Removed Attack","damage_taken":0,"max_hp_gain":0,"max_hp_loss":0,"event_name":"Falling","floor":41,"gold_loss":0},{"damage_healed":20,"gold_gain":0,"player_choice":"Writhe","damage_taken":0,"max_hp_gain":0,"max_hp_loss":0,"event_name":"Winding Halls","floor":42,"gold_loss":0,"cards_obtained":["Writhe"]}],"is_beta":false,"boss_relics":[{"not_picked":["Velvet Choker","Tiny House"],"picked":"Philosopher\u0027s Stone"},{"not_picked":["Cursed Key","Coffee Dripper"],"picked":"SlaversCollar"}],"items_purged_floors":[4,22,37,39],"is_endless":false,"potions_floor_spawned":[1,5,7,19,21,23,33,36,40],"killed_by":"Time Eater","ascension_level":0}}