{"host":"ncocfkoislda923u","time":1611669628,"event":{"mods":["BaseMod","Downfall","Googly Eyes","Minty Spire (QoL Compilation)","Spire Arcade","StSLib"],"gold_per_floor":[99,118,118,136,46,65,65,65,65,92,111,141,141,156,169,265,265,265,276,376,109,109,125,152,152,152,172,172,186,202,236,254,359,359,359,372,423,433,433,433,433],"floor_reached":39,"language":"ENG","playtime":5363,"items_purged":["champ:Strike","champ:HeavySlash"],"score":463,"play_id":"acddecea-aa51-48d9-a6d1-574c05b27984","local_time":"20210126150028","is_ascension_mode":false,"campfire_choices":[{"data":"champ:Taunt","floor":1,"key":"SMITH"},{"data":"champ:ArenaPreparation","floor":9,"key":"SMITH"},{"floor":13,"key":"REST"},{"data":"champ:Duel","floor":18,"key":"SMITH"},{"data":"champ:CalledShot","floor":26,"key":"SMITH"},{"data":"champ:PerfectedStrike","floor":28,"key":"SMITH"},{"floor":35,"key":"RECALL"}],"circlet_count":0,"master_deck":["champ:Strike","champ:Strike","champ:Strike","champ:Defend","champ:Defend","champ:Defend","champ:Defend","champ:Execute","champ:Taunt+1","champ:BladeFlurry","champ:ArenaPreparation+1","champ:PerfectedStrike","champ:BladeFlurry","champ:ShieldThrow","champ:CalledShot+1","champ:Duel+1","champ:PerfectedStrike+1","champ:PerfectedStrike","champ:VampiricStrike","champ:PerfectedStrike+1","champ:BringItOn","champ:VampiricStrike","champ:CrookedStrike+1","champ:Improvising+1","champ:Lariat","champ:GladiatorForm+1","champ:PerfectedStrike","champ:Lariat+1","champ:DefensiveShout+1"],"relics":["champ:ChampionCrown","Frozen Egg 2","champ:DefensiveTrainingManual","bronze:MakeshiftBattery","downfall:GremlinWheel","DollysMirror","downfall:RedIOU","Pen Nib","Potion Belt","Fusion Hammer","Incense Burner"],"acts_visited":["Exordium","TheCity","TheBeyond"],"potions_floor_usage":[12,12,14,20,25,31,37,37,39],"damage_taken":[{"damage":21,"enemies":"Cultist","floor":2,"turns":4},{"damage":1,"enemies":"2 Louse","floor":4,"turns":3},{"damage":30,"enemies":"downfall:FleeingMerchant","floor":5,"turns":4},{"damage":11,"enemies":"Jaw Worm","floor":6,"turns":3},{"damage":16,"enemies":"Gremlin Nob","floor":10,"turns":4},{"damage":10,"enemies":"Exordium Thugs","floor":11,"turns":3},{"damage":23,"enemies":"Lagavulin","floor":12,"turns":4},{"damage":0,"enemies":"3 Louse","floor":14,"turns":3},{"damage":27,"enemies":"Exordium Thugs","floor":15,"turns":3},{"damage":36,"enemies":"SI_SHIV_ARCHETYPE","floor":16,"turns":5},{"damage":10,"enemies":"Spheric Guardian","floor":19,"turns":3},{"damage":10,"enemies":"Spheric Guardian","floor":20,"turns":3},{"damage":15,"enemies":"downfall:FleeingMerchant","floor":21,"turns":4},{"damage":2,"enemies":"Shell Parasite","floor":23,"turns":2},{"damage":30,"enemies":"Centurion and Healer","floor":27,"turns":4},{"damage":5,"enemies":"Snake Plant","floor":29,"turns":3},{"damage":6,"enemies":"3 Cultists","floor":30,"turns":3},{"damage":2,"enemies":"Book of Stabbing","floor":31,"turns":2},{"damage":11,"enemies":"Shelled Parasite and Fungi","floor":32,"turns":3},{"damage":77,"enemies":"IC_MUSHROOM_ARCHETYPE","floor":33,"turns":7},{"damage":18,"enemies":"3 Darklings","floor":36,"turns":7},{"damage":92,"enemies":"2 Orb Walkers","floor":37,"turns":6},{"damage":18,"enemies":"Orb Walker","floor":38,"turns":2},{"damage":19,"enemies":"Sphere and 2 Shapes","floor":39,"turns":2}],"seed_played":"-175747006812468072","potions_obtained":[{"floor":4,"key":"SpeedPotion"},{"floor":10,"key":"PowerPotion"},{"floor":11,"key":"SteroidPotion"},{"floor":16,"key":"hexamod:SoulburnPotion"},{"floor":20,"key":"Strength Potion"},{"floor":25,"key":"Fruit Juice"},{"floor":25,"key":"FearPotion"},{"floor":25,"key":"bronze:BurnAndBuffPotion"},{"floor":31,"key":"hexamod:SoulburnPotion"},{"floor":33,"key":"Block Potion"},{"floor":36,"key":"PowerPotion"}],"is_trial":false,"path_per_floor":["R","M","?","M","$","M","T","?","R","E","M","E","R","M","M","B",null,"R","M","?","$","?","M","T","?","R","M","R","M","M","E","M","B",null,"R","M","?","M","M"],"character_chosen":"THE_CHAMP","items_purchased":["DollysMirror"],"campfire_rested":1,"item_purchase_floors":[21],"current_hp_per_floor":[90,89,89,88,83,77,77,77,77,61,51,33,60,60,33,17,90,90,90,90,90,90,88,88,93,93,78,78,78,77,75,64,17,95,95,92,10,10,0,0,0],"gold":433,"neow_bonus":"ONE_RANDOM_RARE_CARD","is_daily":false,"chose_seed":false,"campfire_upgraded":5,"win_rate":0.0,"timestamp":1611669628,"path_taken":["R","M","?","M","$","M","T","?","R","E","M","E","R","M","M","BOSS","R","M","?","?","?","M","T","?","R","M","R","M","M","E","M","BOSS","R","M","?","M","M"],"items_purchased_type":["Relic"],"build_version":"2020-12-22","purchased_purges":2,"victory":false,"max_hp_per_floor":[90,90,90,90,90,90,90,90,90,90,90,90,90,90,90,90,90,90,90,90,90,90,90,90,95,95,95,95,95,95,95,95,95,95,95,95,95,95,95,95,95],"card_choices":[{"not_picked":["champ:Haymaker","champ:Circumvent"],"picked":"champ:BladeFlurry","floor":2},{"not_picked":["champ:BladeFlurry","champ:EnGarde"],"picked":"champ:ArenaPreparation","floor":4},{"not_picked":["champ:EnGarde","champ:BladeFlurry"],"picked":"champ:PerfectedStrike","floor":5},{"not_picked":["champ:Haymaker","champ:TornadoPunch"],"picked":"champ:BladeFlurry","floor":6},{"not_picked":["champ:Haymaker","champ:PreciseThrust"],"picked":"champ:ShieldThrow","floor":10},{"not_picked":["champ:Haymaker","champ:PerfectedStrike"],"picked":"champ:CalledShot","floor":11},{"not_picked":["champ:BringItOn","champ:Haymaker"],"picked":"champ:Duel","floor":12},{"not_picked":["champ:ArenaPreparation","champ:Parry"],"picked":"champ:PerfectedStrike","floor":14},{"not_picked":["champ:TornadoPunch","champ:Backstep"],"picked":"champ:PerfectedStrike","floor":15},{"not_picked":["champ:UltimateStance","champ:SteelEdge"],"picked":"champ:VampiricStrike","floor":16},{"not_picked":["champ:BladeFlurry","champ:AdrenalArmor"],"picked":"champ:PerfectedStrike+1","floor":19},{"not_picked":["champ:PreemptiveStrike","champ:BladeFlurry"],"picked":"champ:BringItOn","floor":21},{"not_picked":["champ:GladiatorStyle+1","champ:Encircle"],"picked":"champ:CrookedStrike+1","floor":23},{"not_picked":["champ:Parry","champ:RapidStrikes","champ:EndlessRage+1"],"picked":"SKIP","floor":27},{"not_picked":["champ:RapidStrikes","champ:FanOfKnives","champ:Circumvent"],"picked":"SKIP","floor":29},{"not_picked":["champ:Duel","champ:Haymaker"],"picked":"champ:Improvising+1","floor":30},{"not_picked":["champ:FancyFootwork","champ:TornadoPunch+1"],"picked":"champ:Lariat","floor":31},{"not_picked":["champ:BladeFlurry","champ:Shatter","champ:TornadoPunch"],"picked":"SKIP","floor":32},{"not_picked":["champ:UltimateStance","champ:HoldFirm"],"picked":"champ:GladiatorForm+1","floor":33},{"not_picked":["champ:Backstep+1","champ:BerserkersShout"],"picked":"champ:PerfectedStrike","floor":36},{"not_picked":["champ:IronFortress+1","champ:FanOfKnives+1"],"picked":"champ:Lariat+1","floor":37},{"not_picked":["champ:FancyFootwork","champ:EndlessRage+1"],"picked":"champ:DefensiveShout+1","floor":38}],"player_experience":1479532,"relics_obtained":[{"floor":7,"key":"Frozen Egg 2"},{"floor":10,"key":"Bronze Scales"},{"floor":12,"key":"champ:DefensiveTrainingManual"},{"floor":20,"key":"downfall:GremlinWheel"},{"floor":24,"key":"Pen Nib"},{"floor":31,"key":"Potion Belt"},{"floor":37,"key":"Incense Burner"}],"event_choices":[{"damage_healed":0,"gold_gain":0,"player_choice":"Got Potions","damage_taken":0,"max_hp_gain":0,"max_hp_loss":0,"event_name":"Lab","floor":25,"gold_loss":0},{"damage_healed":0,"gold_gain":0,"player_choice":"Fight","damage_taken":0,"max_hp_gain":0,"max_hp_loss":0,"event_name":"Mysterious Sphere","floor":37,"gold_loss":0}],"is_beta":false,"boss_relics":[{"not_picked":["Tiny House","Empty Cage"],"picked":"bronze:MakeshiftBattery"},{"not_picked":["Snecko Eye","Pandora\u0027s Box"],"picked":"Fusion Hammer"}],"items_purged_floors":[5,21],"is_endless":false,"potions_floor_spawned":[4,10,11,16,20,29,31,33,36],"killed_by":"Sphere and 2 Shapes","ascension_level":0}}