{"host":"qq27suot6m8koe0b","time":1611664742,"event":{"mods":["Act Like it!","BaseMod","CapriCore","Downfall","GifTheSpireLib","Minty Spire (QoL Compilation)","StSLib"],"gold_per_floor":[99,113,113,113,123,123,149,159,189,201,101,119,29,40,58,161,161,161,178,278,378,395,395,395,427,427,427,442,462,262,291,302,401,401,401,415,432,149,149,160,160,160,172,172,172,203,135,205,221,221,221,246,51,51,51,51,51,51],"floor_reached":56,"language":"ZHS","playtime":3467,"items_purged":["Regret","Pain"],"score":744,"play_id":"19722207-e32c-46c6-96a2-e139f75591b6","local_time":"20210126203902","is_ascension_mode":false,"campfire_choices":[{"floor":1.0,"key":"RECALL"},{"data":"bronze:WhirlingStrike","floor":11.0,"key":"SMITH"},{"data":"bronze:AlphaBuild","floor":18.0,"key":"SMITH"},{"data":"bronze:Repulsor","floor":23.0,"key":"SMITH"},{"data":"bronze:BurnOut","floor":30.0,"key":"SMITH"},{"data":"bronze:Break","floor":35.0,"key":"SMITH"},{"floor":54,"key":"REST"}],"circlet_count":0,"master_deck":["bronze:Strike","bronze:Strike+1","bronze:Strike","bronze:Defend","bronze:Defend","bronze:Defend","bronze:Replicate+1","bronze:Goto","bronze:WhirlingStrike+1","bronze:Repair","bronze:DelayedGuard","bronze:FineTuning","bronze:ItsAFeature","bronze:Repulsor+1","bronze:DigitalCarnage","bronze:Iterate","bronze:AlphaBuild+1","bronze:ClassDefault","J.A.X.","bronze:Frontload","bronze:Deprecate","bronze:BronzeOrb","bronze:BurnOut+1","Enlightenment","bronze:ForceShield+1","bronze:Branch+1","Necronomicurse","bronze:Optimize+1","bronze:Break+1","expansioncontent:StudyTheSpire","bronze:ShipIt","Parasite","bronze:ForceShield+1","bronze:BurnOut"],"relics":["bronze:BronzeCore","Meat on the Bone","Juzu Bracelet","downfall:HeartBlessingRed","bronze:MakeshiftBattery","MutagenicStrength","downfall:GremlinSack","Shovel","downfall:RedIOU","Necronomicon","downfall:HeartBlessingGreen","downfall:HeartBlessingBlue","Shuriken","Black Star","Bottled Flame","bronze:CableSpool","Darkstone Periapt","Sundial","InkBottle","Centennial Puzzle","Akabeko"],"acts_visited":["Exordium","TheCity","TheBeyond","TheEnding"],"potions_floor_usage":[52,52,56,56],"damage_taken":[{"damage":2.0,"enemies":"2 Louse","floor":2.0,"turns":3.0},{"damage":6.0,"enemies":"Small Slimes","floor":5.0,"turns":3.0},{"damage":3.0,"enemies":"Cultist","floor":8.0,"turns":3.0},{"damage":5.0,"enemies":"Gremlin Nob","floor":9.0,"turns":4.0},{"damage":5.0,"enemies":"Blue Slaver","floor":10.0,"turns":3.0},{"damage":6.0,"enemies":"Large Slime","floor":12.0,"turns":4.0},{"damage":7.0,"enemies":"downfall:FleeingMerchant","floor":13.0,"turns":4.0},{"damage":7.0,"enemies":"2 Fungi Beasts","floor":14.0,"turns":2.0},{"damage":22.0,"enemies":"Gremlin Gang","floor":15.0,"turns":4.0},{"damage":28.0,"enemies":"IC_STATUS_ARCHETYPE","floor":16.0,"turns":7.0},{"damage":0.0,"enemies":"Spheric Guardian","floor":19.0,"turns":2.0},{"damage":57.0,"enemies":"downfall:Augmenter","floor":20.0,"turns":6.0},{"damage":0.0,"enemies":"downfall:Augmenter","floor":21.0,"turns":3.0},{"damage":11.0,"enemies":"Snecko","floor":22.0,"turns":3.0},{"damage":13.0,"enemies":"Slavers","floor":25.0,"turns":5.0},{"damage":0.0,"enemies":"Cultist and Chosen","floor":28.0,"turns":3.0},{"damage":15.0,"enemies":"Shelled Parasite and Fungi","floor":29.0,"turns":4.0},{"damage":7.0,"enemies":"Book of Stabbing","floor":31.0,"turns":3.0},{"damage":0.0,"enemies":"Centurion and Healer","floor":32.0,"turns":2.0},{"damage":11.0,"enemies":"WA_ARCHETYPE_CALM","floor":33.0,"turns":7.0},{"damage":4.0,"enemies":"3 Darklings","floor":36.0,"turns":2.0},{"damage":10.0,"enemies":"3 Shapes","floor":37.0,"turns":2.0},{"damage":3.0,"enemies":"downfall:FleeingMerchant","floor":38.0,"turns":4.0},{"damage":28.0,"enemies":"Maw","floor":40.0,"turns":6.0},{"damage":47.0,"enemies":"Transient","floor":43.0,"turns":5.0},{"damage":34.0,"enemies":"Giant Head","floor":46.0,"turns":8.0},{"damage":0.0,"enemies":"downfall:FleeingMerchant","floor":47.0,"turns":1.0},{"damage":0.0,"enemies":"Writhing Mass","floor":49.0,"turns":3.0},{"damage":35,"enemies":"SI_POISON_ARCHETYPE","floor":50,"turns":7},{"damage":81,"enemies":"downfall:CharBossMerchant","floor":52,"turns":8},{"damage":30,"enemies":"downfall:NeowBoss","floor":55,"turns":11},{"damage":75,"enemies":"downfall:NeowBossFinal","floor":56,"turns":5}],"seed_played":"-2515877159037402469","potions_obtained":[{"floor":4.0,"key":"DuplicationPotion"},{"floor":4.0,"key":"Fire Potion"},{"floor":4.0,"key":"FairyPotion"},{"floor":12.0,"key":"Block Potion"},{"floor":15.0,"key":"Dexterity Potion"},{"floor":16.0,"key":"GamblersBrew"},{"floor":20.0,"key":"Swift Potion"},{"floor":29.0,"key":"Strength Potion"},{"floor":37.0,"key":"Energy Potion"},{"floor":43.0,"key":"DistilledChaos"},{"floor":46.0,"key":"Fire Potion"},{"floor":52,"key":"DuplicationPotion"}],"is_trial":false,"path_per_floor":["R","M","?","?","M","?","T","M","E","M","R","M","$","M","M","B",null,"R","M","?","?","M","R","T","E","?","?","M","M","R","E","M","B",null,"R","M","M","$","?","M","T","?","M","?","?","E","$","?","M","B",null,"E","$","R","B","B"],"character_chosen":"THE_AUTOMATON","items_purchased":["expansioncontent:StudyTheSpire","Sundial","bronze:ShipIt","bronze:BurnOut","Fire Potion"],"campfire_rested":1,"item_purchase_floors":[38,47,47,53,53],"current_hp_per_floor":[77,75,75,75,69,69,69,73,72,67,67,68,68,61,47,31,77,77,77,32,39,40,40,40,39,39,23,35,39,49,54,54,50,87,87,83,77,74,69,48,48,40,38,38,38,23,35,35,53,37,93,31,31,58,47,0,0,0],"gold":51,"neow_bonus":"TEN_PERCENT_HP_BONUS","is_daily":false,"chose_seed":false,"campfire_upgraded":5,"win_rate":0.0,"timestamp":1611664742,"path_taken":["R","M","?","?","?","?","T","M","E","M","R","M","$","M","M","BOSS","R","M","?","?","M","R","T","E","?","?","M","M","R","E","M","BOSS","R","M","M","$","?","M","T","?","M","?","?","E","?","?","M","BOSS","E","$","R","BOSS","BOSS"],"items_purchased_type":["Card","Relic","Card","Card","Potion"],"build_version":"2020-12-22","purchased_purges":2,"victory":false,"max_hp_per_floor":[77,77,77,77,77,77,77,77,77,77,77,77,77,77,77,77,77,77,77,77,77,77,77,77,77,77,77,77,77,87,87,87,87,87,87,87,87,87,87,87,87,87,87,87,87,87,87,87,93,93,93,93,93,93,93,93,93,93],"card_choices":[{"not_picked":["bronze:ForceShield","bronze:FollowUp"],"picked":"bronze:WhirlingStrike","floor":2.0},{"not_picked":["bronze:Invalidate","bronze:Shield"],"picked":"bronze:Repair","floor":5.0},{"not_picked":["bronze:FollowUp","bronze:Fortify"],"picked":"bronze:DelayedGuard","floor":8.0},{"not_picked":["bronze:BugBarrage","bronze:CloningBeam"],"picked":"bronze:FineTuning","floor":9.0},{"not_picked":["bronze:Overheat","bronze:Turbo"],"picked":"bronze:ItsAFeature","floor":10.0},{"not_picked":["bronze:Overheat","bronze:CutThrough"],"picked":"bronze:Repulsor","floor":12.0},{"not_picked":["bronze:BitShift","bronze:FindAndReplace"],"picked":"bronze:DigitalCarnage","floor":13.0},{"not_picked":["bronze:BugBarrage","bronze:DigitalCarnage","bronze:BronzeArmor"],"picked":"SKIP","floor":14.0},{"not_picked":["bronze:Turbo","bronze:BuggyMess"],"picked":"bronze:Iterate","floor":15.0},{"not_picked":["bronze:ThunderWave","bronze:HyperBeam"],"picked":"bronze:AlphaBuild","floor":16.0},{"not_picked":["bronze:BuggyMess","bronze:Invalidate+1","bronze:OilSpill"],"picked":"SKIP","floor":19.0},{"not_picked":[],"picked":"J.A.X.","floor":20.0},{"not_picked":["bronze:BurnOut","bronze:WildBeam"],"picked":"bronze:Frontload","floor":20.0},{"not_picked":["bronze:WhirlingStrike","bronze:ClassDefault"],"picked":"bronze:ForceShield+1","floor":22.0},{"not_picked":["bronze:WildBeam","bronze:BugBarrage"],"picked":"bronze:Branch+1","floor":25.0},{"not_picked":["bronze:Invalidate+1","bronze:ThunderWave","bronze:ItsAFeature"],"picked":"SKIP","floor":28.0},{"not_picked":["bronze:Backtrace","bronze:BronzeArmor"],"picked":"bronze:Optimize+1","floor":29.0},{"not_picked":["bronze:WildBeam","bronze:DelayedGuard","bronze:BitShift"],"picked":"SKIP","floor":31.0},{"not_picked":["bronze:WildBeam","bronze:FineTuning","bronze:BitShift"],"picked":"SKIP","floor":32.0},{"not_picked":["bronze:CleanCode","bronze:HardenedForm"],"picked":"bronze:Break","floor":33.0},{"not_picked":["bronze:Turbo+1","bronze:Deprecate","bronze:FineTuning+1"],"picked":"SKIP","floor":36.0},{"not_picked":["bronze:ClassDefault+1","bronze:FineTuning","bronze:Return"],"picked":"SKIP","floor":37.0},{"not_picked":["bronze:ChosenStrike+1","bronze:WildBeam","bronze:ClassDefault+1"],"picked":"SKIP","floor":38.0},{"not_picked":["expansioncontent:GuardianWhirl","expansioncontent:LastStand"],"picked":"expansioncontent:YouAreMine","floor":39.0},{"not_picked":["bronze:Fortify","bronze:Return","bronze:Backtrace+1"],"picked":"SKIP","floor":40.0},{"not_picked":["bronze:DelayedGuard+1","bronze:Overheat+1","bronze:CutThrough+1"],"picked":"SKIP","floor":43.0},{"not_picked":["bronze:BronzeOrb+1","bronze:Iterate","bronze:Deprecate"],"picked":"SKIP","floor":46.0},{"not_picked":["bronze:Optimize","bronze:Shield","bronze:Shell"],"picked":"SKIP","floor":47.0},{"not_picked":["bronze:Branch","bronze:Invalidate+1","bronze:OilSpill+1"],"picked":"SKIP","floor":49.0},{"not_picked":["bronze:Overheat+1","bronze:CutThrough"],"picked":"bronze:ForceShield+1","floor":52}],"player_experience":362012,"relics_obtained":[{"floor":7.0,"key":"Whetstone"},{"floor":9.0,"key":"Juzu Bracelet"},{"floor":20.0,"key":"MutagenicStrength"},{"floor":21.0,"key":"downfall:GremlinSack"},{"floor":25.0,"key":"Shovel"},{"floor":27.0,"key":"Necronomicon"},{"floor":31.0,"key":"Shuriken"},{"floor":41.0,"key":"Bottled Flame"},{"floor":46.0,"key":"bronze:CableSpool"},{"floor":46.0,"key":"Darkstone Periapt"},{"floor":48.0,"key":"InkBottle"},{"floor":52,"key":"Centennial Puzzle"},{"floor":52,"key":"Akabeko"}],"event_choices":[{"damage_healed":0.0,"max_hp_gain":0.0,"max_hp_loss":0.0,"gold_gain":0.0,"event_name":"Big Fish","player_choice":"Box","floor":3.0,"gold_loss":0.0,"damage_taken":0.0,"relics_obtained":["Meat on the Bone"],"cards_obtained":["Regret"]},{"damage_healed":0.0,"max_hp_gain":0.0,"max_hp_loss":0.0,"gold_gain":0.0,"event_name":"Lab","player_choice":"Got Potions","floor":4.0,"gold_loss":0.0,"damage_taken":0.0},{"cards_removed":["expansioncontent:YouAreMine"],"damage_healed":0.0,"max_hp_gain":0.0,"max_hp_loss":0.0,"gold_gain":0.0,"event_name":"Falling","player_choice":"Removed Skill","floor":44.0,"gold_loss":0.0,"damage_taken":0.0}],"is_beta":false,"boss_relics":[{"not_picked":["Velvet Choker","Pandora\u0027s Box"],"picked":"bronze:MakeshiftBattery"},{"not_picked":["Coffee Dripper","Snecko Eye"],"picked":"Black Star"}],"items_purged_floors":[13,38],"is_endless":false,"potions_floor_spawned":[5,12,15,16,20,28,29,37,43,46,52],"killed_by":"downfall:NeowBossFinal","ascension_level":0}}