{"host":"gquo1rsrdiuo0hhv","time":1611694465,"event":{"mods":["Act Like it!","BaseMod","Colored Powertips","Minty Spire (QoL Compilation)","Quick Restart","StSLib"],"gold_per_floor":[119,135,155,155,155,155,183,202,202,202,218,65,84,109,109,210,210,223,66,66,66,66,99,99,116,142,142,142,159,177,191,191,296,296,316,166,180,195,212,212,232,252,275,275,275,294,314,330,330,330,330],"floor_reached":50,"language":"ENG","playtime":2944,"items_purged":["Strike_P","SignatureMove"],"score":504,"play_id":"80617146-a98a-40a3-876f-d54f6ecc3607","local_time":"20210127035425","is_ascension_mode":true,"campfire_choices":[{"data":"LikeWater","floor":6,"key":"SMITH"},{"floor":10,"key":"RECALL"},{"data":"SpiritShield","floor":15,"key":"SMITH"},{"floor":27,"key":"REST"},{"floor":32,"key":"REST"},{"floor":40,"key":"REST"},{"data":"LikeWater","floor":45,"key":"SMITH"},{"floor":49,"key":"REST"}],"circlet_count":0,"master_deck":["Strike_P","Defend_P","Defend_P","Defend_P+1","Eruption","Vigilance+1","LikeWater+1","BattleHymn","FollowUp","SpiritShield+1","ThirdEye","Alpha+1","LikeWater+1","Wireheading","Establishment","Sanctity","LessonLearned","LikeWater+1","DeusExMachina"],"relics":["PureWater","NeowsBlessing","Omamori","StoneCalendar","Bottled Lightning","War Paint","Busted Crown","Vajra","Smiling Mask","Damaru","Calling Bell","Blood Vial","Meat on the Bone","Torii","Happy Flower"],"acts_visited":["Exordium","TheCity","TheBeyond"],"potions_floor_usage":[23,25,38,47,50,50],"damage_taken":[{"damage":0.0,"enemies":"Small Slimes","floor":1.0,"turns":1.0},{"damage":0,"enemies":"2 Louse","floor":2,"turns":1},{"damage":0,"enemies":"Cultist","floor":3,"turns":1},{"damage":1,"enemies":"Gremlin Nob","floor":7,"turns":3},{"damage":7,"enemies":"Looter","floor":8,"turns":3},{"damage":0,"enemies":"Blue Slaver","floor":11,"turns":3},{"damage":2,"enemies":"Large Slime","floor":13,"turns":5},{"damage":1,"enemies":"3 Sentries","floor":14,"turns":7},{"damage":19,"enemies":"Hexaghost","floor":16,"turns":6},{"damage":4,"enemies":"Chosen","floor":18,"turns":5},{"damage":29,"enemies":"Gremlin Leader","floor":23,"turns":6},{"damage":6,"enemies":"3 Byrds","floor":25,"turns":4},{"damage":16,"enemies":"Snake Plant","floor":29,"turns":4},{"damage":0,"enemies":"Cultist and Chosen","floor":30,"turns":6},{"damage":13,"enemies":"Shelled Parasite and Fungi","floor":31,"turns":5},{"damage":3,"enemies":"Automaton","floor":33,"turns":8},{"damage":16,"enemies":"3 Darklings","floor":35,"turns":5},{"damage":2,"enemies":"Orb Walker","floor":37,"turns":5},{"damage":26,"enemies":"Transient","floor":38,"turns":5},{"damage":9,"enemies":"Spire Growth","floor":39,"turns":6},{"damage":0,"enemies":"Maw","floor":41,"turns":7},{"damage":1,"enemies":"Jaw Worm Horde","floor":42,"turns":5},{"damage":16,"enemies":"Sphere and 2 Shapes","floor":46,"turns":7},{"damage":27,"enemies":"Transient","floor":47,"turns":5},{"damage":43,"enemies":"Jaw Worm Horde","floor":48,"turns":4},{"damage":56,"enemies":"Awakened One","floor":50,"turns":10}],"seed_played":"-7977308731081158205","potions_obtained":[{"floor":2,"key":"Block Potion"},{"floor":7,"key":"Ancient Potion"},{"floor":8,"key":"BlessingOfTheForge"},{"floor":11,"key":"Fire Potion"},{"floor":23,"key":"Block Potion"},{"floor":31,"key":"DuplicationPotion"},{"floor":33,"key":"LiquidMemories"},{"floor":42,"key":"AttackPotion"},{"floor":48,"key":"Swift Potion"}],"is_trial":false,"path_per_floor":["M","M","M","?","?","R","E","M","T","R","M","$","M","E","R","B",null,"M","$","?","?","?","E","?","M","T","R","T","M","M","M","R","B",null,"M","$","M","M","M","R","M","M","T","?","R","M","M","M","R","B"],"character_chosen":"WATCHER","items_purchased":["Alpha","Sanctity","FairyPotion"],"campfire_rested":4,"item_purchase_floors":[12,19,36],"current_hp_per_floor":[72,72,72,69,69,69,68,61,61,61,61,61,59,58,58,39,72,68,68,68,68,68,39,39,33,33,54,54,38,38,25,46,43,72,56,56,56,44,37,58,60,61,61,61,61,47,34,33,54,0,0],"gold":330,"neow_bonus":"THREE_ENEMY_KILL","is_daily":false,"chose_seed":false,"campfire_upgraded":3,"win_rate":0.0,"timestamp":1611694465,"path_taken":["M","M","M","?","?","R","E","M","T","R","?","$","M","E","R","BOSS","M","$","?","?","?","E","?","M","T","R","?","M","M","?","R","BOSS","M","$","M","M","M","R","M","M","T","?","R","?","M","?","R","BOSS"],"items_purchased_type":["Card","Card","Potion"],"build_version":"2020-12-22","purchased_purges":2,"victory":false,"max_hp_per_floor":[72,72,72,72,72,72,72,72,72,72,72,72,72,72,72,72,72,72,72,72,72,72,72,72,72,72,72,72,72,72,72,72,72,72,72,72,72,72,72,72,72,72,72,72,72,72,72,72,72,72,72],"card_choices":[{"not_picked":["EmptyFist","Evaluate"],"picked":"LikeWater","floor":1},{"not_picked":["FlyingSleeves","WreathOfFlame"],"picked":"BattleHymn","floor":2},{"not_picked":["CutThroughFate","FlurryOfBlows"],"picked":"FollowUp","floor":3},{"not_picked":["Wireheading","FearNoEvil"],"picked":"SpiritShield","floor":7},{"not_picked":["Halt","Fasting2"],"picked":"ThirdEye","floor":8},{"not_picked":["Crescendo","CrushJoints","FlyingSleeves"],"picked":"SKIP","floor":11},{"not_picked":["Crescendo","Consecrate"],"picked":"LikeWater","floor":13},{"not_picked":["Crescendo","Prostrate"],"picked":"Wireheading","floor":14},{"not_picked":["Devotion","DeusExMachina"],"picked":"Establishment","floor":16},{"not_picked":["Consecrate"],"picked":"SKIP","floor":18},{"not_picked":["FollowUp"],"picked":"SKIP","floor":23},{"not_picked":["Consecrate"],"picked":"SKIP","floor":25},{"not_picked":[],"picked":"LikeWater+1","floor":29},{"not_picked":["JustLucky+1"],"picked":"SKIP","floor":30},{"not_picked":["TalkToTheHand"],"picked":"SKIP","floor":31},{"not_picked":[],"picked":"DeusExMachina","floor":33},{"not_picked":["JustLucky"],"picked":"SKIP","floor":35},{"not_picked":["Consecrate"],"picked":"SKIP","floor":37},{"not_picked":["Wireheading"],"picked":"SKIP","floor":38},{"not_picked":["Halt+1"],"picked":"SKIP","floor":39},{"not_picked":["JustLucky+1"],"picked":"SKIP","floor":41},{"not_picked":["FlurryOfBlows"],"picked":"SKIP","floor":42},{"not_picked":["Wallop"],"picked":"SKIP","floor":46},{"not_picked":["BowlingBash"],"picked":"SKIP","floor":47},{"not_picked":["Protect"],"picked":"SKIP","floor":48}],"player_experience":390846,"relics_obtained":[{"floor":7,"key":"StoneCalendar"},{"floor":9,"key":"Bottled Lightning"},{"floor":14,"key":"War Paint"},{"floor":23,"key":"Smiling Mask"},{"floor":28,"key":"Damaru"},{"floor":34,"key":"Blood Vial"},{"floor":34,"key":"Meat on the Bone"},{"floor":34,"key":"Torii"},{"floor":43,"key":"Happy Flower"}],"event_choices":[{"damage_healed":0,"gold_gain":0,"player_choice":"Success","damage_taken":3,"relics_obtained":["Omamori"],"max_hp_gain":0,"max_hp_loss":0,"event_name":"Scrap Ooze","floor":4,"gold_loss":0},{"cards_removed":["Strike_P"],"damage_healed":0,"gold_gain":0,"player_choice":"Offered Basic","damage_taken":0,"max_hp_gain":0,"max_hp_loss":0,"event_name":"Bonfire Elementals","floor":5,"gold_loss":0},{"damage_healed":0,"gold_gain":0,"player_choice":"Opened","damage_taken":0,"relics_obtained":["Vajra"],"max_hp_gain":0,"max_hp_loss":0,"event_name":"The Mausoleum","floor":20,"gold_loss":0,"cards_obtained":["Writhe"]},{"damage_healed":0,"gold_gain":0,"cards_transformed":["Strike_P","Defend_P"],"player_choice":"Became Test Subject","damage_taken":0,"max_hp_gain":0,"max_hp_loss":0,"event_name":"Drug Dealer","floor":21,"gold_loss":0,"cards_obtained":["SignatureMove","LessonLearned"]},{"damage_healed":0,"gold_gain":0,"player_choice":"Ignored","damage_taken":0,"max_hp_gain":0,"max_hp_loss":0,"event_name":"Ghosts","floor":22,"gold_loss":0},{"damage_healed":0,"gold_gain":0,"player_choice":"Ignored","damage_taken":0,"max_hp_gain":0,"max_hp_loss":0,"event_name":"Vampires","floor":24,"gold_loss":0},{"damage_healed":0,"gold_gain":0,"player_choice":"Bought 0 Potions","damage_taken":0,"max_hp_gain":0,"max_hp_loss":0,"event_name":"The Woman in Blue","floor":44,"gold_loss":0}],"is_beta":false,"boss_relics":[{"not_picked":["Ectoplasm","Velvet Choker"],"picked":"Busted Crown"},{"not_picked":["Cursed Key","Snecko Eye"],"picked":"Calling Bell"}],"items_purged_floors":[19,36],"is_endless":false,"potions_floor_spawned":[2,7,8,11,18,23,31,33,35,37,42,48],"killed_by":"Awakened One","ascension_level":1}}