{"host":"3e3mwsgb9gfqiuxm","time":1611648591,"event":{"mods":["Act Like it!","BaseMod","Colored Map","Colored Powertips","Downfall","Gensokyo","Hermit","Marisa????????","Minty Spire (QoL Compilation)","Replay The Spire","StSLib","The Animator","The Bug Knight","The Cursed","The Servant 0.9.4"],"gold_per_floor":[152,152,0,53,96,96,182,182,251,297,297,343,386,460,460,584,584,628,671,185,185,230,230,273,292,345,345,379,379,379,441,441,639,639,697,717,735,823,823,889,957,982,1035,1083,1132,1163,1181,1247,1247,1247],"floor_reached":51,"language":"ENG","playtime":2391,"items_purged":["Defend_MRS"],"score":961,"play_id":"8f7c1eb2-88b8-4ea9-a768-a6c381c6238b","local_time":"20210126030951","is_ascension_mode":false,"campfire_choices":[{"data":"HandOfGreed","floor":6.0,"key":"SMITH"},{"data":"MillisecondPulsars","floor":15.0,"key":"SMITH"},{"data":"AlicesGift","floor":23.0,"key":"SMITH"},{"data":"FinalSpark","floor":30.0,"key":"SMITH"},{"data":"FinalSpark","floor":49.0,"key":"SMITH"},{"data":"OortCloud","floor":49.0,"key":"SMITH"}],"circlet_count":0,"master_deck":["Strike_MRS+1","Defend_MRS","MasterSpark+1","UpSweep","HandOfGreed+1","OortCloud+1","MysteriousBeam","MillisecondPulsars+1","GalacticHalo","AlicesGift+1","ChargingUp","RefractionSpark","SporeBomb","EventHorizon","FinalSpark+1","LuminesStrike+1","FinalSpark+1","EventHorizon","GalacticHalo","OortCloud","Acceleration","MysteriousBeam","BinaryStars","AsteroidBelt+1","EarthLightRay+1","AlicesGift","Acceleration","AsteroidBelt+1"],"relics":["MiniHakkero","Golden Idol","Vajra","Whetstone","Replay:WaspNest","Onion Ring","ExperimentalFamiliar","Bronze Scales","Bottled Flame","Replay:Baseball","Pen Nib","Strawberry","Pet Ghost","Painkiller Herb","Replay:Arrowhead","Juzu Bracelet","Potion Belt","Eternal Feather","Toy Ornithopter"],"acts_visited":["Exordium","TheCity","TheBeyond"],"potions_floor_usage":[50,50],"damage_taken":[{"damage":5.0,"enemies":"Small Slimes","floor":1.0,"turns":4.0},{"damage":0.0,"enemies":"2 Louse","floor":4.0,"turns":5.0},{"damage":1.0,"enemies":"Jaw Worm","floor":5.0,"turns":3.0},{"damage":9.0,"enemies":"3 Sentries","floor":7.0,"turns":5.0},{"damage":0.0,"enemies":"Red Slaver","floor":10.0,"turns":3.0},{"damage":0.0,"enemies":"2 Fungi Beasts","floor":12.0,"turns":4.0},{"damage":0.0,"enemies":"Lagavulin","floor":13.0,"turns":5.0},{"damage":0.0,"enemies":"Large Slime","floor":14.0,"turns":5.0},{"damage":1.0,"enemies":"The Guardian","floor":16.0,"turns":7.0},{"damage":10.0,"enemies":"Chosen","floor":18.0,"turns":2.0},{"damage":14.0,"enemies":"Shell Parasite","floor":19.0,"turns":4.0},{"damage":2.0,"enemies":"Centurion and Healer","floor":22.0,"turns":4.0},{"damage":4.0,"enemies":"HollowMod:Nosk","floor":24.0,"turns":4.0},{"damage":0.0,"enemies":"Chosen and Byrds","floor":25.0,"turns":4.0},{"damage":9.0,"enemies":"Replay:Snechameleon","floor":28.0,"turns":2.0},{"damage":0.0,"enemies":"Gremlin Leader","floor":31.0,"turns":4.0},{"damage":10.0,"enemies":"Champ","floor":33.0,"turns":4.0},{"damage":3.0,"enemies":"3 Shapes","floor":35.0,"turns":2.0},{"damage":0.0,"enemies":"Orb Walker","floor":36.0,"turns":1.0},{"damage":0.0,"enemies":"Writhing Mass","floor":37.0,"turns":1.0},{"damage":0.0,"enemies":"Mind Bloom Boss Battle","floor":38.0,"turns":2.0},{"damage":9.0,"enemies":"4 Shapes","floor":40.0,"turns":5.0},{"damage":11.0,"enemies":"Giant Head","floor":41.0,"turns":4.0},{"damage":0.0,"enemies":"Jaw Worm Horde","floor":42.0,"turns":1.0},{"damage":0.0,"enemies":"Sphere and 2 Shapes","floor":44.0,"turns":3.0},{"damage":0.0,"enemies":"4 Shapes","floor":45.0,"turns":2.0},{"damage":0.0,"enemies":"Reptomancer","floor":46.0,"turns":3.0},{"damage":0.0,"enemies":"Jaw Worm Horde","floor":47.0,"turns":2.0},{"damage":0.0,"enemies":"HollowMod:StalkingDevout","floor":48.0,"turns":2.0},{"damage":12,"enemies":"Donu and Deca","floor":50,"turns":2}],"seed_played":"5979305420128325846","potions_obtained":[{"floor":5.0,"key":"Fire Potion"},{"floor":7.0,"key":"Swift Potion"},{"floor":13.0,"key":"DistilledChaos"},{"floor":19.0,"key":"Adrenaline Potion"},{"floor":21.0,"key":"Explosive Potion"},{"floor":21.0,"key":"SkillPotion"},{"floor":21.0,"key":"sneckomod:MuddlingPotion"},{"floor":22.0,"key":"SneckoOil"},{"floor":25.0,"key":"DistilledChaos"},{"floor":31.0,"key":"Weak Potion"},{"floor":36.0,"key":"DuplicationPotion"},{"floor":38.0,"key":"GamblersBrew"},{"floor":42.0,"key":"SkillPotion"},{"floor":44.0,"key":"FairyPotion"},{"floor":46.0,"key":"Toxic Potion"}],"is_trial":false,"path_per_floor":["M","?","$","M","M","R","E","?","T","M","?","M","E","M","R","B",null,"M","M","$","?","M","R","E","M","T","?","E","?","R","E","R_BF","B",null,"?","?","?","?","?","?","E","?","T","?","?","E","?","E","T","B",null],"character_chosen":"MARISA","items_purchased":["Vajra","Bronze Scales","Bottled Flame"],"campfire_rested":0,"item_purchase_floors":[3,20,20],"current_hp_per_floor":[63,46,46,46,45,45,36,36,36,36,36,36,36,36,36,35,68,58,44,44,44,42,42,38,38,38,38,36,61,61,61,61,51,75,72,72,72,72,72,69,64,64,64,70,75,75,75,75,75,75],"gold":1247,"neow_bonus":"RANDOM_COLORLESS_2","is_daily":false,"chose_seed":false,"campfire_upgraded":6,"win_rate":0.0,"timestamp":1611648591,"path_taken":["M","?","$","M","M","R","E","?","T","?","?","M","E","M","R","BOSS","M","M","$","?","?","R","E","M","T","?","E","?","R","E","R_BF","BOSS","?","?","?","?","?","?","E","?","T","?","?","E","?","E","T","BOSS"],"items_purchased_type":["Relic","Relic","Relic"],"build_version":"2020-12-22","purchased_purges":1,"victory":true,"max_hp_per_floor":[68,68,68,68,68,68,68,68,68,68,68,68,68,68,68,68,68,68,68,68,68,68,68,68,68,68,68,75,75,75,75,75,75,75,75,75,75,75,75,75,75,75,75,75,75,75,75,75,75,75],"card_choices":[{"not_picked":["Secret Weapon","Crow Ritual"],"picked":"HandOfGreed","floor":0.0},{"not_picked":["NonDirectionalLaser","SporeBomb"],"picked":"OortCloud","floor":1.0},{"not_picked":["PowerUp","AsteroidBelt"],"picked":"MysteriousBeam","floor":4.0},{"not_picked":["WitchLeyline","DC"],"picked":"MillisecondPulsars","floor":5.0},{"not_picked":["RefractionSpark","EnergyRecoil"],"picked":"GalacticHalo","floor":7.0},{"not_picked":["MilkyWay","OrrerysSun"],"picked":"AlicesGift","floor":10.0},{"not_picked":["IllusionStar","OpenUniverse"],"picked":"RefractionSpark","floor":12.0},{"not_picked":["6A","MysteriousBeam"],"picked":"SporeBomb","floor":13.0},{"not_picked":["Acceleration","MilkyWay"],"picked":"EventHorizon","floor":14.0},{"not_picked":["ManaRampage","SatelliteIllusion"],"picked":"FinalSpark","floor":16.0},{"not_picked":["OneTimeOff","NonDirectionalLaser"],"picked":"LuminesStrike+1","floor":18.0},{"not_picked":["NonDirectionalLaser","Acceleration"],"picked":"Robbery","floor":19.0},{"not_picked":["DragonMeteor","StarBarrage","PowerUp"],"picked":"SKIP","floor":22.0},{"not_picked":["Singularity+1","ShootingEcho+1"],"picked":"FinalSpark","floor":24.0},{"not_picked":["RefractionSpark","PowerUp","IllusionStar+1"],"picked":"SKIP","floor":25.0},{"not_picked":["OrrerysSun+1","ShootingEcho"],"picked":"OortCloud","floor":28.0},{"not_picked":["LuminesStrike","MilkyWay"],"picked":"Acceleration","floor":31.0},{"not_picked":["BigCrunch","AbsoluteMagnitude"],"picked":"BinaryStars","floor":33.0},{"not_picked":["SporeBomb+1","WitchLeyline","StarBarrage"],"picked":"SKIP","floor":35.0},{"not_picked":["DeepEcoloBomb+1","OpenUniverse+1"],"picked":"AsteroidBelt+1","floor":36.0},{"not_picked":["DarkSpark","UnstableBomb"],"picked":"EarthLightRay+1","floor":37.0},{"not_picked":["ChargeUpSpray+1","ShootingEcho","SporeBomb+1"],"picked":"SKIP","floor":40.0},{"not_picked":["DC+1","PulseMagic","PowerUp+1"],"picked":"SKIP","floor":41.0},{"not_picked":["GravityBeat+1","EnergyFlow"],"picked":"AlicesGift","floor":42.0},{"not_picked":["PowerUp+1","CollectingQuirk","DeepEcoloBomb"],"picked":"SKIP","floor":44.0},{"not_picked":["PropBag","UnstableBomb+1"],"picked":"Acceleration","floor":45.0},{"not_picked":["GravityBeat+1","WitchLeyline","6A+1"],"picked":"SKIP","floor":46.0},{"not_picked":["ManaRampage","LuminesStrike+1"],"picked":"AsteroidBelt+1","floor":47.0},{"not_picked":["ShootingEcho+1","LuminesStrike+1","MillisecondPulsars"],"picked":"SKIP","floor":48.0}],"player_experience":1318070,"relics_obtained":[{"floor":7.0,"key":"Whetstone"},{"floor":9.0,"key":"Replay:WaspNest"},{"floor":13.0,"key":"Onion Ring"},{"floor":24.0,"key":"Replay:Baseball"},{"floor":26.0,"key":"Pen Nib"},{"floor":28.0,"key":"Strawberry"},{"floor":31.0,"key":"Pet Ghost"},{"floor":38.0,"key":"Replay:Arrowhead"},{"floor":41.0,"key":"Juzu Bracelet"},{"floor":43.0,"key":"Potion Belt"},{"floor":46.0,"key":"Eternal Feather"},{"floor":48.0,"key":"Toy Ornithopter"}],"event_choices":[{"damage_healed":0.0,"max_hp_gain":0.0,"max_hp_loss":0.0,"gold_gain":0.0,"event_name":"Golden Idol","player_choice":"Take Damage","floor":2.0,"gold_loss":0.0,"damage_taken":17.0,"relics_obtained":["Golden Idol"]},{"cards_removed":["Strike_MRS"],"damage_healed":0.0,"max_hp_gain":0.0,"max_hp_loss":0.0,"gold_gain":0.0,"event_name":"Bonfire Elementals","player_choice":"Offered Basic","floor":8.0,"gold_loss":0.0,"damage_taken":0.0},{"damage_healed":0.0,"max_hp_gain":0.0,"max_hp_loss":0.0,"gold_gain":0.0,"cards_transformed":["Strike_MRS"],"event_name":"Living Wall","player_choice":"Change","floor":11.0,"gold_loss":0.0,"damage_taken":0.0,"cards_obtained":["ChargingUp"]},{"damage_healed":0.0,"max_hp_gain":0.0,"max_hp_loss":0.0,"gold_gain":0.0,"event_name":"Lab","player_choice":"Got Potions","floor":21.0,"gold_loss":0.0,"damage_taken":0.0},{"damage_healed":0.0,"max_hp_gain":0.0,"max_hp_loss":0.0,"gold_gain":0.0,"cards_transformed":["Strike_MRS","Defend_MRS"],"event_name":"Drug Dealer","player_choice":"Became Test Subject","floor":27.0,"gold_loss":0.0,"damage_taken":0.0,"cards_obtained":["EventHorizon","GalacticHalo"]},{"damage_healed":25.0,"max_hp_gain":0.0,"max_hp_loss":0.0,"gold_gain":0.0,"event_name":"The Library","player_choice":"Heal","floor":29.0,"gold_loss":0.0,"damage_taken":0.0},{"damage_healed":0.0,"max_hp_gain":0.0,"max_hp_loss":0.0,"gold_gain":0.0,"event_name":"MindBloom","player_choice":"Fight","floor":38.0,"gold_loss":0.0,"damage_taken":0.0},{"cards_removed":["Robbery"],"damage_healed":0.0,"max_hp_gain":0.0,"max_hp_loss":0.0,"gold_gain":0.0,"event_name":"Falling","player_choice":"Removed Attack","floor":39.0,"gold_loss":0.0,"damage_taken":0.0}],"is_beta":false,"boss_relics":[{"not_picked":["Cursed Key","Sozu"],"picked":"ExperimentalFamiliar"},{"not_picked":["Ring of Chaos","Tiny House"],"picked":"Painkiller Herb"}],"items_purged_floors":[20],"is_endless":false,"potions_floor_spawned":[5,7,13,19,22,25,31,36,38,41,42,44,46],"ascension_level":0}}