{"host":"njb27ds59h4j3ikk","time":1611621036,"event":{"mods":["AchievementEnabler","BaseMod","Better Altar","Better Match","Better Note","Better Sensory Stone","Better Skull","Better Third Choice","BetterRewards","Downfall","Hermit","Hubris","Minty Spire (QoL Compilation)","Permanent Neow","Quarter Circle Forward PUNCH!","Quick Restart","Rare Cards Sparkle","Shop Mod","StSLib","Trackpad","Transform Curses"],"gold_per_floor":[112,128,143,156,156,179,206,206,206,219,257,257,286,14,14,125,125,270,117,127,244,244,272,295,325,325,359,368,20,20,139,132,132,132,132],"floor_reached":33,"language":"ENG","playtime":2988,"items_purged":[],"score":350,"play_id":"87f788b7-6863-4600-9485-9ff01985d9b7","local_time":"20210125193036","is_ascension_mode":false,"campfire_choices":[{"data":"sneckomod:RainOfDice","floor":12.0,"key":"SMITH"},{"data":"sneckomod:UnendingSupply","floor":15.0,"key":"SMITH"},{"data":"sneckomod:SnekBite","floor":26.0,"key":"SMITH"},{"data":"sneckomod:Cheat","floor":30.0,"key":"SMITH"}],"circlet_count":0,"master_deck":["sneckomod:Strike","sneckomod:Strike","sneckomod:Strike","sneckomod:Defend","sneckomod:Defend","sneckomod:Defend","sneckomod:TailWhip","sneckomod:SnekBite+1","sneckomod:Unknown","sneckomod:Unknown","sneckomod:UnknownColorless","sneckomod:IronFang+1","sneckomod:GlitteringGambit","sneckomod:SnakeSap","sneckomod:RainOfDice+1","sneckomod:UnknownClassBLUE","sneckomod:SnakeSap+1","sneckomod:UnknownBoss","sneckomod:QuickBite","sneckomod:UnendingSupply+1","sneckomod:Cheat+1","sneckomod:SlitherStrike","sneckomod:WideSting+1","Madness","sneckomod:UnknownColorless+1","sneckomod:QuickBite+1","hermit:HeroicBravado+1","sneckomod:DiceBlock","sneckomod:Nope+1","sneckomod:UnknownStrength+1","sneckomod:PureSnecko","sneckomod:SoulDraw+1","sneckomod:QuickBite+1","sneckomod:UnknownCommonSkill","sneckomod:RainOfDice","sneckomod:SoulCleanse+1"],"relics":["sneckomod:SneckoSoul","Omamori","hubris:Icosahedron","PreservedInsect","qcfpunch:Red_Headband","Tiny Chest","Calling Bell","MawBank","Question Card","sneckomod:CleanMud","ClockworkSouvenir","Kunai","Potion Belt","trackpad:WondrousWand","Whetstone"],"acts_visited":["Exordium","TheCity"],"potions_floor_usage":[],"damage_taken":[{"damage":0.0,"enemies":"Cultist","floor":1.0,"turns":3.0},{"damage":5.0,"enemies":"2 Louse","floor":2.0,"turns":3.0},{"damage":8.0,"enemies":"Jaw Worm","floor":3.0,"turns":4.0},{"damage":0.0,"enemies":"2 Fungi Beasts","floor":4.0,"turns":3.0},{"damage":19.0,"enemies":"Blue Slaver","floor":6.0,"turns":3.0},{"damage":6.0,"enemies":"3 Louse","floor":10.0,"turns":5.0},{"damage":7.0,"enemies":"2 Fungi Beasts","floor":11.0,"turns":3.0},{"damage":0.0,"enemies":"Gremlin Nob","floor":13.0,"turns":2.0},{"damage":15.0,"enemies":"downfall:FleeingMerchant","floor":14.0,"turns":4.0},{"damage":57.0,"enemies":"DF_ARCHETYPE_STREAMLINE","floor":16.0,"turns":8.0},{"damage":8.0,"enemies":"3 Byrds","floor":18.0,"turns":6.0},{"damage":3.0,"enemies":"downfall:FleeingMerchant","floor":19.0,"turns":4.0},{"damage":25.0,"enemies":"Spheric Guardian","floor":20.0,"turns":5.0},{"damage":35.0,"enemies":"Centurion and Healer","floor":21.0,"turns":5.0},{"damage":71.0,"enemies":"Gremlin Leader","floor":23.0,"turns":7.0},{"damage":38.0,"enemies":"3 Cultists","floor":25.0,"turns":6.0},{"damage":21.0,"enemies":"Chosen and Byrds","floor":27.0,"turns":7.0},{"damage":15.0,"enemies":"Snake Plant","floor":28.0,"turns":5.0},{"damage":9.0,"enemies":"downfall:FleeingMerchant","floor":29.0,"turns":4.0},{"damage":19.0,"enemies":"Cultist and Chosen","floor":31.0,"turns":7.0},{"damage":26.0,"enemies":"Centurion and Healer","floor":32.0,"turns":7.0},{"damage":108,"enemies":"WA_ARCHETYPE_CALM","floor":33,"turns":8}],"seed_played":"-4046998908677639369","potions_obtained":[{"floor":3.0,"key":"Ancient Potion"},{"floor":4.0,"key":"sneckomod:DiceRollPotion"},{"floor":10.0,"key":"Strength Potion"},{"floor":16.0,"key":"Block Potion"},{"floor":21.0,"key":"Explosive Potion"},{"floor":25.0,"key":"Fire Potion"},{"floor":27.0,"key":"DistilledChaos"},{"floor":31.0,"key":"PowerPotion"},{"floor":32.0,"key":"Weak Potion"}],"is_trial":false,"path_per_floor":["M","M","M","M","?","M","T","?","?","M","M","R","E","$","R","B",null,"M","$","M","M","?","E","T","M","R","M","M","$","R","M","M","B"],"character_chosen":"THE_SNECKO","items_purchased":["sneckomod:QuickBite","sneckomod:UnendingSupply","Tiny Chest","ClockworkSouvenir","sneckomod:QuickBite","trackpad:WondrousWand","sneckomod:UnknownCommonSkill"],"campfire_rested":0,"item_purchase_floors":[14,14,14,19,29,29,29],"current_hp_per_floor":[81,76,68,68,45,26,26,26,26,102,95,95,95,90,90,33,108,104,101,76,41,41,37,37,70,70,49,93,84,84,65,39,0,0,0],"gold":132,"neow_bonus":"TWENTY_PERCENT_HP_BONUS","is_daily":false,"chose_seed":false,"campfire_upgraded":4,"win_rate":0.0,"timestamp":1611621036,"path_taken":["M","M","M","?","?","?","T","?","?","M","M","R","E","?","R","BOSS","M","$","M","M","?","E","T","M","R","M","M","$","R","M","M","BOSS"],"items_purchased_type":["Card","Card","Relic","Relic","Card","Relic","Card"],"build_version":"2020-12-22","purchased_purges":0,"victory":false,"max_hp_per_floor":[108,108,108,108,108,108,108,108,108,108,108,108,108,108,108,108,108,108,108,108,108,108,108,108,108,108,108,108,108,108,108,108,108,108,108],"card_choices":[{"not_picked":["sneckomod:DiceBoulder","sneckomod:TrashToTreasure"],"picked":"sneckomod:UnknownColorless","floor":1.0},{"not_picked":["sneckomod:UnknownDexterity","sneckomod:TrashToTreasure"],"picked":"sneckomod:IronFang","floor":2.0},{"not_picked":["sneckomod:UnknownUncommonPower","sneckomod:UnknownCommonSkill"],"picked":"sneckomod:UnknownCommonAttack","floor":3.0},{"not_picked":["sneckomod:UnknownX","sneckomod:SoulRoll"],"picked":"sneckomod:GlitteringGambit","floor":4.0},{"not_picked":["sneckomod:UnknownCommonSkill","sneckomod:Nope"],"picked":"sneckomod:SnakeSap","floor":6.0},{"not_picked":["sneckomod:Restock","sneckomod:UnknownWeak"],"picked":"sneckomod:RainOfDice","floor":10.0},{"not_picked":["sneckomod:TrashToTreasure","sneckomod:DiceBoulder"],"picked":"sneckomod:UnknownClassBLUE","floor":11.0},{"not_picked":["sneckomod:SoulRoll","sneckomod:DiceBlock"],"picked":"sneckomod:SnakeSap","floor":13.0},{"not_picked":["sneckomod:UnknownClassHEXA_GHOST_PURPLE","sneckomod:UnknownCommonSkill"],"picked":"sneckomod:UnknownBoss","floor":14.0},{"not_picked":["sneckomod:UnknownRareAttack","sneckomod:UnknownRarePower"],"picked":"sneckomod:Cheat","floor":16.0},{"not_picked":["sneckomod:UnknownVulnerable+1","sneckomod:SoulDraw+1","sneckomod:UnknownCommonSkill"],"picked":"sneckomod:SlitherStrike","floor":18.0},{"not_picked":["sneckomod:UnknownBlock","sneckomod:Rotation","sneckomod:SoulCleanse"],"picked":"sneckomod:WideSting+1","floor":19.0},{"not_picked":["sneckomod:QuickMove","sneckomod:UnknownUncommonPower","sneckomod:Nope"],"picked":"sneckomod:UnknownColorless+1","floor":20.0},{"not_picked":["sneckomod:Nope","sneckomod:QuickMove","sneckomod:Unknown1Cost"],"picked":"sneckomod:QuickBite+1","floor":21.0},{"not_picked":["sneckomod:MixItUp","sneckomod:UnknownVulnerable","sneckomod:UnknownCommonAttack"],"picked":"sneckomod:DiceBlock","floor":23.0},{"not_picked":["sneckomod:SerpentMind","sneckomod:SoulDraw","sneckomod:UnknownUncommonSkill"],"picked":"sneckomod:Nope+1","floor":25.0},{"not_picked":["sneckomod:UnknownUncommonAttack","sneckomod:UnknownBlock","sneckomod:ImprovisedAttack"],"picked":"sneckomod:UnknownStrength+1","floor":27.0},{"not_picked":["sneckomod:TrashToTreasure","sneckomod:UnknownX+1","sneckomod:UnknownStrength"],"picked":"sneckomod:PureSnecko","floor":28.0},{"not_picked":["sneckomod:UnknownVulnerable","sneckomod:RainOfDice","sneckomod:IronFang"],"picked":"sneckomod:SoulDraw+1","floor":29.0},{"not_picked":["sneckomod:SnakeSap","sneckomod:SoulDraw","sneckomod:UnknownCommonSkill+1"],"picked":"sneckomod:RainOfDice","floor":31.0},{"not_picked":["sneckomod:SoulRoll","sneckomod:UnknownDexterity","sneckomod:WideSting"],"picked":"sneckomod:SoulCleanse+1","floor":32.0}],"player_experience":1314722,"relics_obtained":[{"floor":7.0,"key":"Whetstone"},{"floor":13.0,"key":"qcfpunch:Red_Headband"},{"floor":17.0,"key":"MawBank"},{"floor":17.0,"key":"Question Card"},{"floor":17.0,"key":"sneckomod:CleanMud"},{"floor":23.0,"key":"Kunai"},{"floor":24.0,"key":"Potion Belt"},{"floor":32.0,"key":"Whetstone"}],"event_choices":[{"damage_healed":0.0,"max_hp_gain":0.0,"max_hp_loss":0.0,"gold_gain":0.0,"event_name":"betterSkull:BetterSkull","player_choice":"RE ","floor":5.0,"gold_loss":0.0,"damage_taken":25.0,"cards_upgraded":[],"relics_obtained":["Omamori"]},{"cards_removed":["sneckomod:WideSting"],"damage_healed":0.0,"max_hp_gain":0.0,"max_hp_loss":0.0,"gold_gain":0.0,"event_name":"betterNote:BetterNote","player_choice":"Take \u0026 Give","floor":22.0,"gold_loss":0.0,"damage_taken":0.0,"cards_obtained":["hermit:HeroicBravado"]}],"is_beta":false,"boss_relics":[{"not_picked":["Philosopher\u0027s Stone","Coffee Dripper"],"picked":"Calling Bell"}],"items_purged_floors":[],"is_endless":false,"potions_floor_spawned":[3,4,10,11,16,21,25,27,31,32],"killed_by":"WA_ARCHETYPE_CALM","ascension_level":0}}