{"host":"njo8qgvy2a57fcny","time":1611627466,"event":{"mods":["Aspiration","BaseMod","BetterRewards","CCEM","Colored Map","Colored Powertips","Conspire","Custom Start","Downfall","Energized Spire","GifTheSpireLib","Halation","Hermit","Hubris","Infinite Spire","Jedi Mod","Jorbs\u0027s Wanderer Trilogy","Mimic Mod","Minty Spire (QoL Compilation)","Quick Restart","Random Character Button","Random Character Mod","Rare Cards Sparkle","Relic Sorter","Replay The Spire","Shop Mod","StSLib","Stuff the Spire","The Animator","The Jungle","The Runesmith","The Servant 0.9.4","Unceasing Turn Reminder","thorton"],"gold_per_floor":[99,116,135,145,145,145,145,145,145,165,65,81,21,50,67,100,115,115,115,115],"floor_reached":18,"language":"ENG","playtime":1340,"items_purged":[],"score":298,"play_id":"079772ed-db4c-4634-a0df-4b3c698b4644","local_time":"20210126131746","is_ascension_mode":true,"campfire_choices":[{"floor":8,"key":"RECALL"},{"data":"Slimebound:Split","floor":11,"key":"SMITH"}],"circlet_count":0,"master_deck":["AscendersBane","Slimebound:Strike_Slimebound","Slimebound:Strike_Slimebound","Slimebound:Strike_Slimebound","Slimebound:Tackle","Slimebound:Defend_Slimebound","Slimebound:Defend_Slimebound","Slimebound:Defend_Slimebound","Slimebound:Defend_Slimebound","Slimebound:Split+1","Slimebound:CorrosiveSpit","Slimebound:SplitLeeching","Slimebound:Prepare","Slimebound:LivingWall","Slimebound:LivingWall","Slimebound:LeechingTouch","Slimebound:MassRepurpose","Slimebound:GrowthPunch","Slimebound:DisruptingSlam","Slimebound:Prepare","Slimebound:SplitMire","Slimebound:SplitMire","Slimebound:AcidTongue","Slimebound:LivingWall"],"relics":["Slimebound:AbsorbEndCombat","aspiration:DSix","downfall:HeartBlessingRed","StrikeDummy","CCEMRelics:SpiritsEdge"],"acts_visited":["Exordium"],"potions_floor_usage":[14,18,18],"damage_taken":[{"damage":11,"enemies":"2 Louse","floor":2,"turns":3},{"damage":6,"enemies":"Jaw Worm","floor":3,"turns":3},{"damage":0,"enemies":"Cultist","floor":4,"turns":4},{"damage":23,"enemies":"Lots of Slimes","floor":10,"turns":7},{"damage":1,"enemies":"Blue Slaver","floor":12,"turns":5},{"damage":3,"enemies":"downfall:FleeingMerchant","floor":13,"turns":4},{"damage":11,"enemies":"3 Sentries","floor":14,"turns":6},{"damage":12,"enemies":"Large Slime","floor":15,"turns":3},{"damage":0,"enemies":"Lagavulin","floor":16,"turns":5},{"damage":2,"enemies":"Gremlin Gang","floor":17,"turns":5},{"damage":50,"enemies":"SI_SHIV_ARCHETYPE","floor":18,"turns":10}],"seed_played":"5517645476932037597","potions_obtained":[{"floor":10,"key":"jedi:hoardpotion"},{"floor":14,"key":"Dexterity Potion"},{"floor":15,"key":"ColorlessPotion"}],"is_trial":false,"path_per_floor":["R_BF","M","M","M","PTL","PTL","?","R","T","M","R","M","$","E","M","E","M","B"],"character_chosen":"SLIMEBOUND","items_purchased":["Slimebound:GrowthPunch"],"campfire_rested":0,"item_purchase_floors":[13],"current_hp_per_floor":[64,53,53,61,61,61,61,61,61,46,46,49,50,41,31,35,41,0,0,0],"gold":115,"neow_bonus":"TEN_PERCENT_HP_BONUS","is_daily":false,"chose_seed":false,"campfire_upgraded":1,"win_rate":0.0,"timestamp":1611627466,"path_taken":["R_BF","M","M","M","PTL","PTL","?","R","T","M","R","M","?","E","?","E","M","BOSS"],"items_purchased_type":["Card"],"build_version":"2020-12-22","purchased_purges":0,"victory":false,"max_hp_per_floor":[64,64,64,64,64,64,64,64,64,64,64,64,64,64,64,64,64,64,64,64],"card_choices":[{"not_picked":["Slimebound:SlimeSpikes","Slimebound:Replication"],"picked":"Slimebound:SplitLeeching","floor":2},{"not_picked":["Slimebound:GoopSpray","Slimebound:Nibble"],"picked":"Slimebound:Prepare","floor":3},{"not_picked":["Slimebound:RollThrough","Slimebound:ItLooksTasty"],"picked":"Slimebound:LivingWall","floor":4},{"not_picked":["Slimebound:FlameTackle","Slimebound:LeechingTouch"],"picked":"Slimebound:LivingWall","floor":10},{"not_picked":["Slimebound:SplitBruiser","Slimebound:FinishingTackle"],"picked":"Slimebound:LeechingTouch","floor":12},{"not_picked":["Slimebound:SlimeBarrage","Slimebound:FlameTackle"],"picked":"Slimebound:MassRepurpose","floor":13},{"not_picked":["Slimebound:RollThrough","Slimebound:Prepare"],"picked":"Slimebound:SplitMire","floor":15},{"not_picked":["Slimebound:MegaLick","Slimebound:HauntingLick"],"picked":"Slimebound:AcidTongue","floor":16},{"not_picked":["Slimebound:HauntingLick","Slimebound:ComboTackle"],"picked":"Slimebound:LivingWall","floor":17}],"player_experience":703687,"relics_obtained":[{"floor":9,"key":"aspiration:DSix"},{"floor":14,"key":"StrikeDummy"},{"floor":16,"key":"CCEMRelics:SpiritsEdge"}],"event_choices":[],"is_beta":false,"boss_relics":[],"items_purged_floors":[],"is_endless":false,"potions_floor_spawned":[10,14,15,16],"killed_by":"SI_SHIV_ARCHETYPE","ascension_level":20}}