{"host":"y89x8uui45kcjy42","time":1611660978,"event":{"mods":["2.2 Compatiblity","BaseMod","CapriCore","Colored Map","Colored Powertips","Custom Start","Friendly Minions","Keyboard Shortcuts","Minty Spire (QoL Compilation)","Relic Stats","Slay the Relics Exporter","StSLib","SuperFastMode","Uncapped"],"gold_per_floor":[117,42,57,75,75,108,108,135,160,160,173,173,173,173,173,247,247,267,317,317,317,217,217,242,242,242,342,355,375,403,420,420,498,498,511,564,564,271,296,330,330,377,377,377,58,92,110,110,110,110,110,110,110,139,172,172],"floor_reached":57,"language":"KOR","playtime":1960,"items_purged":["Defend_P","Alpha","Alpha","Defend_P+1"],"score":3025,"play_id":"05855fe9-cea1-4ed7-a52a-58ea77efed52","local_time":"20210126203618","is_ascension_mode":true,"campfire_choices":[{"data":"ClearTheMind","floor":7,"key":"SMITH"},{"data":"Prostrate","floor":10,"key":"SMITH"},{"data":"EmptyBody","floor":12,"key":"SMITH"},{"data":"Vigilance","floor":15,"key":"SMITH"},{"data":"Collect","floor":23,"key":"SMITH"},{"data":"DeusExMachina","floor":25,"key":"SMITH"},{"data":"Scrawl","floor":32,"key":"SMITH"},{"data":"WaveOfTheHand","floor":41,"key":"SMITH"},{"floor":44,"key":"RECALL"},{"floor":49,"key":"DIG"},{"data":"EmptyBody","floor":53,"key":"SMITH"}],"circlet_count":0,"master_deck":["Vigilance+1","Alpha+1","Alpha","Ghostly+1","Prostrate+1","ClearTheMind+1","EmptyBody+1","DeusExMachina+1","EmptyBody+1","Collect+1","InnerPeace+1","Scrawl+1","WaveOfTheHand+1","Evaluate+1","LikeWater+1","Purity"],"relics":["HolyWater","Damaru","Juzu Bracelet","Dream Catcher","War Paint","Bird Faced Urn","VioletLotus","Toy Ornithopter","Lantern","CloakClasp","Letter Opener","Nunchaku","Runic Pyramid","Calipers","Bronze Scales","Shovel","Unceasing Top","HornCleat","Chemical X","Ancient Tea Set","InkBottle","Centennial Puzzle"],"acts_visited":["TheCity","TheBeyond","TheEnding"],"potions_floor_usage":[16,16,27,56,56],"damage_taken":[{"damage":0,"enemies":"Jaw Worm","floor":1,"turns":3},{"damage":0,"enemies":"2 Louse","floor":3,"turns":3},{"damage":4,"enemies":"Small Slimes","floor":4,"turns":3},{"damage":5,"enemies":"3 Sentries","floor":6,"turns":3},{"damage":0,"enemies":"Lagavulin","floor":8,"turns":4},{"damage":1,"enemies":"Blue Slaver","floor":11,"turns":3},{"damage":4,"enemies":"Hexaghost","floor":16,"turns":6},{"damage":6,"enemies":"Spheric Guardian","floor":18,"turns":3},{"damage":31,"enemies":"Gremlin Leader","floor":24,"turns":5},{"damage":0,"enemies":"Colosseum Slavers","floor":27,"turns":3},{"damage":16,"enemies":"Colosseum Nobs","floor":27,"turns":3},{"damage":0,"enemies":"2 Thieves","floor":28,"turns":4},{"damage":7,"enemies":"Centurion and Healer","floor":29,"turns":4},{"damage":7,"enemies":"Book of Stabbing","floor":30,"turns":4},{"damage":0,"enemies":"Snake Plant","floor":31,"turns":3},{"damage":12,"enemies":"Champ","floor":33,"turns":7},{"damage":0,"enemies":"3 Shapes","floor":35,"turns":3},{"damage":0,"enemies":"2 Orb Walkers","floor":36,"turns":3},{"damage":0,"enemies":"Mind Bloom Boss Battle","floor":39,"turns":6},{"damage":0,"enemies":"Nemesis","floor":40,"turns":5},{"damage":0,"enemies":"Reptomancer","floor":46,"turns":4},{"damage":0,"enemies":"Orb Walker","floor":47,"turns":4},{"damage":7,"enemies":"Awakened One","floor":50,"turns":9},{"damage":0,"enemies":"Donu and Deca","floor":51,"turns":5},{"damage":0,"enemies":"Shield and Spear","floor":55,"turns":4},{"damage":4,"enemies":"The Heart","floor":56,"turns":8}],"seed_played":"-8784283483888718881","potions_obtained":[{"floor":4,"key":"LiquidBronze"},{"floor":6,"key":"Weak Potion"},{"floor":18,"key":"SneckoOil"},{"floor":24,"key":"AttackPotion"},{"floor":29,"key":"Explosive Potion"},{"floor":35,"key":"PowerPotion"}],"is_trial":false,"path_per_floor":["M","$","M","M","?","E","R","E","T","R","M","R","?","?","R","B",null,"M","?","?","?","$","R","E","R","T","?","M","M","E","M","R","B",null,"M","?","?","$","?","E","R","T","T","R","$","E","M","?","R","B","B",null,"R","$","E","B",null],"character_chosen":"WATCHER","items_purchased":["Bronze Scales","Chemical X","LiquidMemories","Purity"],"campfire_rested":0,"item_purchase_floors":[38,45,54,54],"current_hp_per_floor":[67,67,67,63,63,58,58,58,58,58,57,57,62,44,44,46,71,69,69,69,69,69,69,42,42,42,37,41,38,37,43,43,37,69,71,75,75,75,79,79,79,79,79,79,79,79,79,79,79,78,79,79,79,79,79,79],"gold":172,"neow_bonus":"TEN_PERCENT_HP_BONUS","is_daily":false,"chose_seed":false,"campfire_upgraded":9,"win_rate":0.0,"timestamp":1611660978,"path_taken":["M","$","M","M","?","E","R","E","T","R","M","R","?","?","R","BOSS","M","?","?","?","$","R","E","R","T","?","M","M","E","M","R","BOSS","M","?","?","$","?","E","R","?","T","R","$","E","M","?","R","BOSS","BOSS","R","$","E","BOSS"],"items_purchased_type":["Relic","Relic","Potion","Card"],"build_version":"2020-12-22","purchased_purges":4,"victory":true,"max_hp_per_floor":[74,74,74,74,74,74,74,74,74,74,74,74,79,79,79,79,79,79,79,79,79,79,79,79,79,79,79,79,79,79,79,79,79,79,79,79,79,79,79,79,79,79,79,79,79,79,79,79,79,79,79,79,79,79,79,79],"relic_stats":{"counters":[26,112],"Juzu Bracelet":1,"CloakClasp":[348],"Letter Opener":[869],"War Paint":["Defend_P","Alpha"],"Dream Catcher":0,"Nunchaku":[0],"Centennial Puzzle":[3],"Shovel":1,"Bird Faced Urn":[67],"Bronze Scales":[224],"VioletLotus":[53],"Chemical X":[7],"obtain_stats":[{"Lantern":26,"Calipers":36,"Damaru":2,"Juzu Bracelet":6,"CloakClasp":27,"Letter Opener":27,"War Paint":9,"Ancient Tea Set":46,"Dream Catcher":8,"Nunchaku":30,"Centennial Puzzle":55,"Shovel":39,"HornCleat":43,"Bird Faced Urn":14,"Bronze Scales":38,"HolyWater":0,"VioletLotus":17,"Chemical X":45,"PureWater":0,"Toy Ornithopter":24,"Unceasing Top":40,"InkBottle":49,"Runic Pyramid":34},{"Lantern":9,"Calipers":18,"Damaru":1,"Juzu Bracelet":4,"CloakClasp":11,"Letter Opener":11,"War Paint":5,"Ancient Tea Set":21,"Dream Catcher":5,"Nunchaku":14,"Centennial Puzzle":25,"Shovel":19,"HornCleat":20,"Bird Faced Urn":6,"Bronze Scales":18,"HolyWater":0,"VioletLotus":7,"Chemical X":20,"PureWater":0,"Toy Ornithopter":9,"Unceasing Top":20,"InkBottle":22,"Runic Pyramid":16},{"Lantern":33,"Calipers":67,"Damaru":3,"Juzu Bracelet":12,"CloakClasp":39,"Letter Opener":39,"War Paint":16,"Ancient Tea Set":82,"Dream Catcher":16,"Nunchaku":51,"Centennial Puzzle":104,"Shovel":73,"HornCleat":78,"Bird Faced Urn":19,"Bronze Scales":67,"HolyWater":0,"VioletLotus":25,"Chemical X":78,"PureWater":0,"Toy Ornithopter":33,"Unceasing Top":78,"InkBottle":86,"Runic Pyramid":61}],"Toy Ornithopter":5,"Unceasing Top":[0],"InkBottle":[19]},"card_choices":[{"not_picked":["Nirvana","BowlingBash"],"picked":"Prostrate","floor":1},{"not_picked":["FlyingSleeves","JustLucky","BowlingBash"],"picked":"SKIP","floor":3},{"not_picked":["Perseverance","JustLucky","Crescendo"],"picked":"SKIP","floor":4},{"not_picked":["Omniscience","ReachHeaven"],"picked":"ClearTheMind","floor":6},{"not_picked":["Consecrate","ThirdEye","Indignation"],"picked":"SKIP","floor":8},{"not_picked":["Protect","Sanctity"],"picked":"EmptyBody","floor":11},{"not_picked":["LessonLearned","Ragnarok"],"picked":"DeusExMachina","floor":16},{"not_picked":["Perseverance","Consecrate","CarveReality"],"picked":"SKIP","floor":18},{"not_picked":["Halt+1","ThirdEye"],"picked":"InnerPeace+1","floor":24},{"not_picked":["Prostrate","ClearTheMind"],"picked":"Scrawl","floor":27},{"not_picked":["Protect","CrushJoints+1","BowlingBash+1"],"picked":"SKIP","floor":28},{"not_picked":["BowlingBash","Nirvana","ThirdEye"],"picked":"SKIP","floor":29},{"not_picked":["WheelKick+1","Nirvana"],"picked":"WaveOfTheHand","floor":30},{"not_picked":["WindmillStrike","Sanctity"],"picked":"Evaluate","floor":31},{"not_picked":["Crescendo","BowlingBash","JustLucky"],"picked":"SKIP","floor":35},{"not_picked":["Conclude","Vengeance"],"picked":"LikeWater+1","floor":39},{"not_picked":["Evaluate","FollowUp+1","LessonLearned"],"picked":"SKIP","floor":40},{"not_picked":["SpiritShield","DeceiveReality","Prostrate+1"],"picked":"SKIP","floor":46},{"not_picked":["Prostrate","CrushJoints+1","ClearTheMind"],"picked":"SKIP","floor":47},{"not_picked":["BowlingBash+1","FlyingSleeves+1","FollowUp"],"picked":"SKIP","floor":55}],"player_experience":658401,"relics_obtained":[{"floor":6,"key":"Juzu Bracelet"},{"floor":8,"key":"Dream Catcher"},{"floor":9,"key":"War Paint"},{"floor":24,"key":"Toy Ornithopter"},{"floor":26,"key":"Lantern"},{"floor":27,"key":"CloakClasp"},{"floor":27,"key":"Letter Opener"},{"floor":30,"key":"Nunchaku"},{"floor":36,"key":"Calipers"},{"floor":39,"key":"Shovel"},{"floor":40,"key":"Unceasing Top"},{"floor":43,"key":"HornCleat"},{"floor":46,"key":"Ancient Tea Set"},{"floor":49,"key":"InkBottle"},{"floor":55,"key":"Centennial Puzzle"}],"event_choices":[{"damage_healed":0,"gold_gain":0,"player_choice":"Grow","damage_taken":0,"max_hp_gain":0,"max_hp_loss":0,"event_name":"Living Wall","floor":5,"gold_loss":0,"cards_upgraded":["Ghostly"]},{"damage_healed":0,"gold_gain":0,"player_choice":"Donut","damage_taken":0,"max_hp_gain":5,"max_hp_loss":0,"event_name":"Big Fish","floor":13,"gold_loss":0},{"damage_healed":0,"gold_gain":0,"player_choice":"Success","damage_taken":18,"relics_obtained":["Bird Faced Urn"],"max_hp_gain":0,"max_hp_loss":0,"event_name":"Scrap Ooze","floor":14,"gold_loss":0},{"damage_healed":0,"gold_gain":50,"player_choice":"Pray","damage_taken":0,"max_hp_gain":0,"max_hp_loss":0,"event_name":"Golden Shrine","floor":19,"gold_loss":0},{"damage_healed":0,"gold_gain":0,"cards_transformed":["Defend_P","Defend_P"],"player_choice":"Became Test Subject","damage_taken":0,"max_hp_gain":0,"max_hp_loss":0,"event_name":"Drug Dealer","floor":20,"gold_loss":0,"cards_obtained":["EmptyBody","Wireheading"]},{"damage_healed":0,"gold_gain":0,"player_choice":"Read","damage_taken":0,"max_hp_gain":0,"max_hp_loss":0,"event_name":"The Library","floor":21,"gold_loss":0,"cards_obtained":["Collect"]},{"damage_healed":0,"gold_gain":0,"player_choice":"Fight","damage_taken":0,"max_hp_gain":0,"max_hp_loss":0,"event_name":"Colosseum","floor":27,"gold_loss":0},{"damage_healed":0,"gold_gain":0,"player_choice":"Fought Nobs","damage_taken":0,"max_hp_gain":0,"max_hp_loss":0,"event_name":"Colosseum","floor":27,"gold_loss":0},{"damage_healed":0,"gold_gain":0,"player_choice":"Fight","damage_taken":0,"max_hp_gain":0,"max_hp_loss":0,"event_name":"Mysterious Sphere","floor":36,"gold_loss":0},{"cards_removed":["Wireheading"],"damage_healed":0,"gold_gain":0,"player_choice":"Removed Power","damage_taken":0,"max_hp_gain":0,"max_hp_loss":0,"event_name":"Falling","floor":37,"gold_loss":0},{"damage_healed":0,"gold_gain":0,"player_choice":"Fight","damage_taken":0,"max_hp_gain":0,"max_hp_loss":0,"event_name":"MindBloom","floor":39,"gold_loss":0},{"damage_healed":0,"gold_gain":0,"player_choice":"Upgraded","damage_taken":0,"max_hp_gain":0,"max_hp_loss":0,"event_name":"Upgrade Shrine","floor":48,"gold_loss":0,"cards_upgraded":["Evaluate"]}],"is_beta":false,"boss_relics":[{"not_picked":["Sozu","SlaversCollar"],"picked":"VioletLotus"},{"not_picked":["Philosopher\u0027s Stone","Astrolabe"],"picked":"Runic Pyramid"}],"items_purged_floors":[2,22,38,45],"is_endless":false,"potions_floor_spawned":[4,6,8,18,24,27,29,35,39],"ascension_level":20}}