{"host":"yzlg3mitc00v31o1","time":1611630960,"event":{"mods":["AchievementEnabler","BaseMod","BetterRewards","DeckTracker","Gold Saver","KOR Keyword Fix","Minty Spire (QoL Compilation)","Remove Card Discount Mod","Spicy Shops","StSLib","SuperFastMode"],"gold_per_floor":[834,834,845,863,244,244,254,268,268,568,588,619,619,635,635,737,737,756,771,795,807,839,851,876,402,402,435,435,462,462,476,476,572,572,590,590,606,881,531,565,565,581,581,581,581,606,4,16,16,16],"floor_reached":51,"language":"KOR","playtime":3768,"items_purged":["Decay","Strike_P","Strike_P","Strike_P","Defend_P","Defend_P","Regret","Strike_P+1"],"score":1147,"play_id":"e02b3815-2df2-4933-8389-4dda9a0f5e53","local_time":"20210126121600","is_ascension_mode":false,"campfire_choices":[{"data":"LikeWater","floor":6,"key":"SMITH"},{"floor":10,"key":"DIG"},{"floor":15,"key":"REST"},{"floor":23,"key":"REST"},{"data":"DevaForm","floor":30,"key":"SMITH"},{"floor":32,"key":"DIG"},{"floor":41,"key":"DIG"},{"floor":44,"key":"DIG"},{"floor":45,"key":"DIG"},{"floor":49,"key":"DIG"}],"circlet_count":0,"master_deck":["Defend_P+1","Defend_P+1","Eruption+1","Vigilance","Master of Strategy+1","Worship","WindmillStrike","EmptyBody+1","LikeWater+1","Prostrate","Consecrate+1","FearNoEvil","EmptyBody","DeusExMachina+1","TalkToTheHand","Scrawl","LikeWater+1","DevaForm+1","CurseOfTheBell","FlurryOfBlows+1","TalkToTheHand+1","InnerPeace+1","FlurryOfBlows+1","WreathOfFlame+1","JustLucky+1"],"relics":["PureWater","Vajra","Pear","Membership Card","Bag of Marbles","Nunchaku","White Beast Statue","Shovel","Old Coin","Gambling Chip","VioletLotus","MawBank","Nilry\u0027s Codex","PreservedInsect","Shuriken","Lee\u0027s Waffle","Letter Opener","HandDrill","Dream Catcher","The Courier","Mummified Hand","Mercury Hourglass","Bottled Tornado","Calling Bell","Toy Ornithopter","Frozen Egg 2","Du-Vu Doll","WingedGreaves","Matryoshka","Bronze Scales","Orrery","Question Card","Bottled Lightning","Regal Pillow","Eternal Feather","Ancient Tea Set","Anchor","Happy Flower","Orichalcum","Sling","Lantern","Oddly Smooth Stone","Ice Cream","Blue Candle","Centennial Puzzle","Calipers","Incense Burner"],"acts_visited":["Exordium","TheCity","TheBeyond"],"potions_floor_usage":[12,16,16,19],"damage_taken":[{"damage":12,"enemies":"Cultist","floor":1,"turns":3},{"damage":0,"enemies":"2 Louse","floor":3,"turns":3},{"damage":0,"enemies":"Small Slimes","floor":4,"turns":3},{"damage":5,"enemies":"Blue Slaver","floor":7,"turns":3},{"damage":16,"enemies":"Exordium Thugs","floor":8,"turns":9},{"damage":19,"enemies":"Gremlin Gang","floor":11,"turns":3},{"damage":2,"enemies":"Gremlin Nob","floor":12,"turns":4},{"damage":0,"enemies":"Exordium Wildlife","floor":14,"turns":6},{"damage":16,"enemies":"The Guardian","floor":16,"turns":9},{"damage":9,"enemies":"Shell Parasite","floor":18,"turns":9},{"damage":6,"enemies":"Chosen","floor":19,"turns":7},{"damage":40,"enemies":"Snake Plant","floor":22,"turns":4},{"damage":18,"enemies":"3 Cultists","floor":24,"turns":6},{"damage":29,"enemies":"Slavers","floor":27,"turns":4},{"damage":0,"enemies":"Gremlin Leader","floor":29,"turns":5},{"damage":3,"enemies":"Cultist and Chosen","floor":31,"turns":6},{"damage":5,"enemies":"Champ","floor":33,"turns":6},{"damage":9,"enemies":"3 Shapes","floor":35,"turns":3},{"damage":0,"enemies":"Orb Walker","floor":37,"turns":1},{"damage":0,"enemies":"Giant Head","floor":40,"turns":3},{"damage":10,"enemies":"Maw","floor":42,"turns":5},{"damage":0,"enemies":"Reptomancer","floor":46,"turns":2},{"damage":1,"enemies":"Transient","floor":48,"turns":5},{"damage":1,"enemies":"Donu and Deca","floor":50,"turns":4}],"seed_played":"7078562739424546443","potions_obtained":[{"floor":3,"key":"Weak Potion"},{"floor":7,"key":"Strength Potion"},{"floor":8,"key":"DuplicationPotion"},{"floor":11,"key":"SteroidPotion"},{"floor":12,"key":"Dexterity Potion"},{"floor":14,"key":"SkillPotion"},{"floor":16,"key":"PowerPotion"},{"floor":18,"key":"Weak Potion"},{"floor":19,"key":"Dexterity Potion"},{"floor":24,"key":"SteroidPotion"},{"floor":27,"key":"DuplicationPotion"},{"floor":29,"key":"FairyPotion"},{"floor":40,"key":"Explosive Potion"},{"floor":46,"key":"Regen Potion"}],"is_trial":false,"path_per_floor":["M","?","M","M","$","R","M","M","T","R","M","E","?","M","R","B",null,"M","M","T","?","M","R","M","$","T","E","?","E","R","M","R","B",null,"M","?","M","?","$","E","R","M","T","R","R","E","$","M","R","B",null],"character_chosen":"WATCHER","items_purchased":["Vajra","Pear","Master of Strategy","LikeWater","Membership Card","Bag of Marbles","LessonLearned","Nunchaku","White Beast Statue","PreservedInsect","Shuriken","Lee\u0027s Waffle","Letter Opener","Scrawl","HandDrill","Dream Catcher","WingedGreaves","Matryoshka","Bronze Scales","Orrery","Orichalcum","Sling","Lantern","Oddly Smooth Stone","Ice Cream","Blue Candle","Centennial Puzzle","Calipers"],"campfire_rested":2,"item_purchase_floors":[0,0,0,5,5,5,5,5,5,25,25,25,25,25,25,25,39,39,39,39,47,47,47,47,47,47,47,47],"current_hp_per_floor":[49,49,49,49,49,49,44,28,28,28,9,7,7,7,31,15,82,73,67,67,51,11,35,17,89,89,60,60,60,60,57,57,52,89,80,99,99,99,99,99,99,89,89,99,99,99,99,98,99,98],"gold":16,"neow_bonus":"","is_daily":false,"chose_seed":false,"campfire_upgraded":2,"win_rate":0.0,"timestamp":1611630960,"path_taken":["M","?","M","M","$","R","M","M","T","R","M","E","?","M","R","BOSS","M","?","?","?","M","R","M","$","T","E","?","E","R","M","R","BOSS","M","?","?","?","$","E","R","?","T","R","R","E","$","M","R","BOSS"],"items_purchased_type":["Relic","Relic","Card","Card","Relic","Relic","Card","Relic","Relic","Relic","Relic","Relic","Relic","Card","Relic","Relic","Relic","Relic","Relic","Relic","Relic","Relic","Relic","Relic","Relic","Relic","Relic","Relic"],"build_version":"2020-12-22","purchased_purges":8,"victory":true,"max_hp_per_floor":[82,82,82,82,82,82,82,82,82,82,82,82,82,82,82,82,82,82,82,82,82,82,82,82,89,89,89,89,89,89,89,89,89,89,89,99,99,99,99,99,99,99,99,99,99,99,99,99,99,99],"card_choices":[{"not_picked":["ClearTheMind","FollowUp"],"picked":"Worship","floor":1},{"not_picked":["Consecrate","WheelKick"],"picked":"WindmillStrike","floor":3},{"not_picked":["InnerPeace","Fasting2"],"picked":"EmptyBody","floor":4},{"not_picked":["BowlingBash","Fasting2"],"picked":"Prostrate","floor":7},{"not_picked":["Study","Halt"],"picked":"Consecrate","floor":8},{"not_picked":["FlyingSleeves","ThirdEye"],"picked":"FearNoEvil","floor":11},{"not_picked":["BowlingBash","Indignation"],"picked":"EmptyBody","floor":12},{"not_picked":["CutThroughFate","Weave","WreathOfFlame"],"picked":"SKIP","floor":14},{"not_picked":["Brilliance","Establishment"],"picked":"DeusExMachina","floor":16},{"not_picked":["FollowUp","Crescendo","SashWhip+1"],"picked":"SKIP","floor":18},{"not_picked":["ThirdEye","WheelKick+1","BowlingBash"],"picked":"SKIP","floor":19},{"not_picked":["Meditate+1","ClearTheMind+1","Crescendo"],"picked":"SKIP","floor":22},{"not_picked":["CutThroughFate","JustLucky+1"],"picked":"TalkToTheHand","floor":24},{"not_picked":["BowlingBash","ThirdEye","FlyingSleeves"],"picked":"SKIP","floor":27},{"not_picked":["FlyingSleeves","WindmillStrike"],"picked":"DevaForm","floor":29},{"not_picked":["FlyingSleeves","ReachHeaven","Tantrum"],"picked":"SKIP","floor":31},{"not_picked":["CrushJoints","Meditate"],"picked":"FlurryOfBlows+1","floor":35},{"not_picked":["ClearTheMind+1","Indignation","Tantrum+1"],"picked":"SKIP","floor":37},{"not_picked":["EmptyFist","FollowUp+1"],"picked":"TalkToTheHand+1","floor":39},{"not_picked":["Perseverance","EmptyBody+1"],"picked":"InnerPeace+1","floor":39},{"not_picked":["WheelKick","DevaForm+1"],"picked":"FlurryOfBlows+1","floor":39},{"not_picked":["Study+1","LikeWater+1"],"picked":"WreathOfFlame+1","floor":39},{"not_picked":["EmptyFist+1","CutThroughFate"],"picked":"JustLucky+1","floor":39},{"not_picked":["Tantrum+1","Weave+1","Crescendo"],"picked":"SKIP","floor":40},{"not_picked":["Sanctity","BowlingBash+1","Pray","SashWhip"],"picked":"SKIP","floor":42},{"not_picked":["CutThroughFate+1","BowlingBash","ClearTheMind+1","InnerPeace"],"picked":"SKIP","floor":46},{"not_picked":["Brilliance","CutThroughFate+1","ThirdEye+1","SashWhip"],"picked":"SKIP","floor":48}],"player_experience":86210,"relics_obtained":[{"floor":9,"key":"Shovel"},{"floor":10,"key":"Old Coin"},{"floor":12,"key":"Gambling Chip"},{"floor":20,"key":"MawBank"},{"floor":21,"key":"Nilry\u0027s Codex"},{"floor":26,"key":"The Courier"},{"floor":27,"key":"Mummified Hand"},{"floor":29,"key":"Mercury Hourglass"},{"floor":32,"key":"Bottled Tornado"},{"floor":34,"key":"Toy Ornithopter"},{"floor":34,"key":"Frozen Egg 2"},{"floor":34,"key":"Du-Vu Doll"},{"floor":40,"key":"Question Card"},{"floor":41,"key":"Bottled Lightning"},{"floor":43,"key":"Regal Pillow"},{"floor":43,"key":"Eternal Feather"},{"floor":44,"key":"Ancient Tea Set"},{"floor":45,"key":"Anchor"},{"floor":46,"key":"Happy Flower"},{"floor":49,"key":"Incense Burner"}],"event_choices":[{"damage_healed":0,"gold_gain":0,"player_choice":"Grow","damage_taken":0,"max_hp_gain":0,"max_hp_loss":0,"event_name":"Living Wall","floor":2,"gold_loss":0,"cards_upgraded":["Master of Strategy"]},{"damage_healed":0,"gold_gain":0,"player_choice":"Ignored","damage_taken":0,"max_hp_gain":0,"max_hp_loss":0,"event_name":"NoteForYourself","floor":13,"gold_loss":0},{"damage_healed":0,"gold_gain":0,"player_choice":"Obtained Book","damage_taken":16,"max_hp_gain":0,"max_hp_loss":0,"event_name":"Cursed Tome","floor":21,"gold_loss":0},{"damage_healed":0,"gold_gain":0,"player_choice":"Copied","damage_taken":0,"max_hp_gain":0,"max_hp_loss":0,"event_name":"Duplicator","floor":28,"gold_loss":0,"cards_obtained":["LikeWater"]},{"cards_removed":["LessonLearned"],"damage_healed":9,"gold_gain":0,"player_choice":"Offered Rare","damage_taken":0,"max_hp_gain":10,"max_hp_loss":0,"event_name":"Bonfire Elementals","floor":36,"gold_loss":0},{"damage_healed":0,"gold_gain":275,"player_choice":"Desecrate","damage_taken":0,"max_hp_gain":0,"max_hp_loss":0,"event_name":"Golden Shrine","floor":38,"gold_loss":0,"cards_obtained":["Regret"]}],"is_beta":false,"boss_relics":[{"not_picked":["Runic Dome","Empty Cage"],"picked":"VioletLotus"},{"not_picked":["Sozu","Busted Crown"],"picked":"Calling Bell"}],"items_purged_floors":[25,25,25,25,25,25,39,39],"is_endless":false,"potions_floor_spawned":[3,7,8,11,12,14,16,18,19,22,24,27,29,31,33,35,37,40,42,46,48],"ascension_level":0}}