{"host":"8is2j71l4wmybkoi","time":1611662981,"event":{"mods":["AchievementEnabler","BaseMod","Colored Map","Minty Spire (QoL Compilation)","Rare Cards Sparkle","StSLib","SuperFastMode"],"gold_per_floor":[117,117,117,131,143,143,155,165,189,189,200,200,215,245,245,322,322,339,351,9,26,26,26],"floor_reached":22,"language":"KOR","playtime":2206,"items_purged":[],"score":380,"play_id":"e0c2f792-179e-4b9c-a8b7-0394e979a7ab","local_time":"20210126210941","is_ascension_mode":true,"campfire_choices":[{"floor":6.0,"key":"REST"},{"data":"Zap","floor":10.0,"key":"SMITH"},{"floor":12,"key":"REST"},{"data":"Defragment","floor":15,"key":"SMITH"}],"circlet_count":0,"master_deck":["AscendersBane","Strike_B","Strike_B","Defend_B","Defend_B","Defend_B","Zap+1","Dualcast","Core Surge","Barrage","Streamline","Reinforced Body","Cold Snap","Turbo","Sunder","Defragment+1","Core Surge","Echo Form+1","Melter+1","Aggregate+1","Turbo+1","Force Field+1","Heatsinks","Capacitor"],"relics":["Cracked Core","DataDisk","Vajra","Akabeko","Astrolabe","Mummified Hand"],"acts_visited":["Exordium","TheCity"],"potions_floor_usage":[12,16,21],"damage_taken":[{"damage":13.0,"enemies":"2 Louse","floor":1.0,"turns":3.0},{"damage":4.0,"enemies":"Jaw Worm","floor":4.0,"turns":3.0},{"damage":1.0,"enemies":"Cultist","floor":5.0,"turns":3.0},{"damage":14.0,"enemies":"Lots of Slimes","floor":7.0,"turns":4.0},{"damage":14.0,"enemies":"Red Slaver","floor":8.0,"turns":3.0},{"damage":0.0,"enemies":"Blue Slaver","floor":11.0,"turns":2.0},{"damage":1,"enemies":"2 Fungi Beasts","floor":13,"turns":3},{"damage":29,"enemies":"Lagavulin","floor":14,"turns":6},{"damage":12,"enemies":"Hexaghost","floor":16,"turns":8},{"damage":12,"enemies":"2 Thieves","floor":18,"turns":4},{"damage":29,"enemies":"Shell Parasite","floor":19,"turns":4},{"damage":8,"enemies":"Cultist and Chosen","floor":21,"turns":6},{"damage":32,"enemies":"Centurion and Healer","floor":22,"turns":2}],"seed_played":"3982310537330729412","potions_obtained":[{"floor":5.0,"key":"Energy Potion"},{"floor":7.0,"key":"FairyPotion"},{"floor":8.0,"key":"Fruit Juice"},{"floor":11.0,"key":"SteroidPotion"},{"floor":13,"key":"Fruit Juice"},{"floor":16,"key":"SteroidPotion"}],"is_trial":false,"path_per_floor":["M","?","?","M","M","R","M","M","T","R","M","R","M","E","R","B",null,"M","M","$","M","M"],"character_chosen":"DEFECT","items_purchased":["Mummified Hand","Heatsinks"],"campfire_rested":2,"item_purchase_floors":[20,20],"current_hp_per_floor":[51,16,6,2,1,22,8,21,21,21,21,48,47,18,18,11,64,52,23,23,15,0,0],"gold":26,"neow_bonus":"ONE_RANDOM_RARE_CARD","is_daily":false,"chose_seed":false,"campfire_upgraded":2,"win_rate":0.0,"timestamp":1611662981,"path_taken":["M","?","?","?","M","R","M","M","T","R","M","R","M","E","R","BOSS","M","M","?","M","M"],"items_purchased_type":["Relic","Card"],"build_version":"2020-12-22","purchased_purges":0,"victory":false,"max_hp_per_floor":[71,71,71,71,71,71,71,71,71,71,71,76,76,76,76,81,81,81,81,81,81,81,81],"card_choices":[{"not_picked":["Redo","Heatsinks"],"picked":"Barrage","floor":1.0},{"not_picked":["Blizzard","Compile Driver"],"picked":"Streamline","floor":4.0},{"not_picked":["Coolheaded","Doom and Gloom"],"picked":"Reinforced Body","floor":5.0},{"not_picked":["Go for the Eyes","Undo"],"picked":"Cold Snap","floor":7.0},{"not_picked":["Streamline","Lockon"],"picked":"Turbo","floor":8.0},{"not_picked":["Sunder","Steam Power","Barrage"],"picked":"SKIP","floor":11.0},{"not_picked":["Conserve Battery","Turbo"],"picked":"Sunder","floor":13},{"not_picked":["White Noise","Stack"],"picked":"Defragment","floor":14},{"not_picked":["Thunder Strike","Multi-Cast"],"picked":"Core Surge","floor":16},{"not_picked":["Redo","Hologram"],"picked":"Turbo+1","floor":18},{"not_picked":["Loop","Conserve Battery"],"picked":"Force Field+1","floor":19},{"not_picked":["Stack","Darkness"],"picked":"Capacitor","floor":21}],"player_experience":818469,"relics_obtained":[{"floor":9.0,"key":"Vajra"},{"floor":14,"key":"Akabeko"}],"event_choices":[{"damage_healed":0.0,"max_hp_gain":0.0,"max_hp_loss":0.0,"gold_gain":0.0,"event_name":"Scrap Ooze","player_choice":"Success","floor":2.0,"gold_loss":0.0,"damage_taken":35.0,"relics_obtained":["DataDisk"]},{"damage_healed":0.0,"max_hp_gain":0.0,"max_hp_loss":0.0,"gold_gain":0.0,"event_name":"Wheel of Change","player_choice":"Damaged","floor":3.0,"gold_loss":0.0,"damage_taken":10.0}],"is_beta":false,"boss_relics":[{"not_picked":["Runic Dome","Empty Cage"],"picked":"Astrolabe"}],"items_purged_floors":[],"is_endless":false,"potions_floor_spawned":[5,7,8,11,13,16],"killed_by":"Centurion and Healer","ascension_level":20}}