{"host":"kxbvub3a5s21lqnr","time":1611661864,"event":{"mods":["Bard","BaseMod","Dota2Spire","Minty Spire (QoL Compilation)","MostiFishMod","Reimu£®≤©¿ˆ¡È√Œ£©","Remilia£®¿Ÿ√◊¿Ú—«£©","StSLib","The Cursed","The Hierophant","Yakumo Yukari mod","Youmu£®ªÍ∆«—˝√Œ£©","Yuyuko"],"gold_per_floor":[209,61,61,79,39,70,84,84,84,84,34,63,63,91,91,186,186,206,121,140,156,156,156,170,198,221,246,273,301,330,330,330,441,441,463,486,486,545,545,585,585,77,77,2,40,78,117,147,147,147,147,147,72,108,138],"floor_reached":56,"language":"ZHS","playtime":3595,"items_purged":[],"score":1804,"play_id":"3a834983-b1d5-440e-803f-c171ba6bfd9c","local_time":"20210126195104","is_ascension_mode":true,"campfire_choices":[{"floor":8,"key":"RECALL"},{"floor":10,"key":"REST"},{"data":"Genetic Algorithm","floor":13,"key":"SMITH"},{"data":"Heatsinks","floor":15,"key":"SMITH"},{"data":"Streamline","floor":23,"key":"SMITH"},{"data":"Genetic Algorithm","floor":32,"key":"SMITH"},{"data":"MostiFishMod:DawningShadow","floor":41,"key":"SMITH"},{"data":"MostiFishMod:MusicBox","floor":49,"key":"SMITH"},{"data":"MostiFishMod:IntelligentEquipment","floor":52,"key":"SMITH"}],"circlet_count":0,"master_deck":["Strike_B","Strike_B","Strike_B","Strike_B","Defend_B","Defend_B","Zap","Dualcast","Sweeping Beam","Genetic Algorithm+1","Genetic Algorithm+1","Heatsinks+1","Conserve Battery+1","Double Energy+1","Core Surge","Coolheaded+1","Streamline+1","MostiFishMod:GatherIntelligence+1","Turbo+1","Rebound","Skim+1","White Noise+1","Sweeping Beam+1","MostiFishMod:DawningShadow+1","Gash+1","MostiFishMod:PushDownKick","Fusion+1","Ball Lightning+1","Sunder","MostiFishMod:MusicBox+1","MostiFishMod:InterfaceCompatibility","Rebound+1","MostiFishMod:IntelligentEquipment+1","Go for the Eyes+1","Hologram+1","Double Energy+1","All For One"],"relics":["Cracked Core","DaveBox","xbg","SynthV:TestCard","Civilization","PaintedHorse:ReiMu","Dota2Spire:MantaStyle","Bag of Marbles","Toxic Egg 2","Dota2Spire:Dagon","ShadowXiaoBlade","Dota2Spire:Vanguard","MutagenicStrength","Dota2Spire:Satanic","Dota2Spire:MagicBottle","Centennial Puzzle","CeramicFish","JellyFishMachine","Prayer Wheel","Dota2Spire:MaskOfMadness","Incense Burner","Letter Opener","Orichalcum","Dota2Spire:HandOfMidas"],"acts_visited":["Exordium","TheCity","TheBeyond","TheEnding"],"potions_floor_usage":[25,33,36,45,46,55,55],"damage_taken":[{"damage":1,"enemies":"Cultist","floor":1,"turns":3},{"damage":2,"enemies":"Jaw Worm","floor":4,"turns":3},{"damage":30,"enemies":"Lagavulin","floor":6,"turns":6},{"damage":0,"enemies":"2 Louse","floor":7,"turns":2},{"damage":20,"enemies":"3 Sentries","floor":12,"turns":3},{"damage":0,"enemies":"Gremlin Nob","floor":14,"turns":3},{"damage":0,"enemies":"Slime Boss","floor":16,"turns":6},{"damage":2,"enemies":"2 Thieves","floor":18,"turns":3},{"damage":0,"enemies":"Chosen","floor":20,"turns":3},{"damage":0,"enemies":"Sentry and Sphere","floor":21,"turns":2},{"damage":0,"enemies":"Snake Plant","floor":24,"turns":2},{"damage":10,"enemies":"Book of Stabbing","floor":25,"turns":3},{"damage":27,"enemies":"Gremlin Leader","floor":27,"turns":3},{"damage":0,"enemies":"Cultist and Chosen","floor":29,"turns":3},{"damage":0,"enemies":"3 Cultists","floor":30,"turns":3},{"damage":0,"enemies":"Automaton","floor":33,"turns":4},{"damage":11,"enemies":"Orb Walker","floor":35,"turns":2},{"damage":0,"enemies":"3 Shapes","floor":36,"turns":2},{"damage":0,"enemies":"Mind Bloom Boss Battle","floor":38,"turns":2},{"damage":0,"enemies":"Giant Head","floor":40,"turns":5},{"damage":7,"enemies":"Nemesis","floor":45,"turns":4},{"damage":4,"enemies":"Transient","floor":46,"turns":5},{"damage":0,"enemies":"Giant Head","floor":47,"turns":4},{"damage":0,"enemies":"Writhing Mass","floor":48,"turns":3},{"damage":7,"enemies":"Donu and Deca","floor":50,"turns":2},{"damage":0,"enemies":"Shield and Spear","floor":54,"turns":3},{"damage":86,"enemies":"The Heart","floor":55,"turns":6}],"seed_played":"5823853318889553245","potions_obtained":[{"floor":4,"key":"Swift Potion"},{"floor":7,"key":"ZuzhouPotion:ReiMu"},{"floor":18,"key":"FearPotion"},{"floor":25,"key":"Fruit Juice"},{"floor":33,"key":"FocusPotion"},{"floor":35,"key":"Strength Potion"},{"floor":36,"key":"BlessingOfTheForge"},{"floor":46,"key":"ZuzhouPotion:ReiMu"}],"is_trial":false,"path_per_floor":["M","$","?","M","?","E","M","R","T","R","?","E","R","E","R","B",null,"M","?","M","M","?","R","M","E","T","E","T","M","M","?","R","B",null,"M","M","?","?","?","E","R","$","T","$","E","M","E","M","R","B",null,"R","$","E","B",null],"character_chosen":"DEFECT","items_purchased":["Civilization","Incense Burner","Sunder","MostiFishMod:MusicBox"],"campfire_rested":1,"item_purchase_floors":[2,42,42,42],"current_hp_per_floor":[74,74,74,73,73,45,49,49,49,73,73,58,58,63,63,68,97,100,100,105,110,110,110,115,115,115,93,93,98,103,103,103,145,147,141,146,146,151,151,156,156,156,156,156,154,155,160,165,165,163,184,184,184,189,108],"gold":138,"neow_bonus":"HUNDRED_GOLD","is_daily":false,"chose_seed":false,"campfire_upgraded":7,"win_rate":0.0,"timestamp":1611661864,"path_taken":["M","$","?","?","?","E","M","R","T","R","?","E","R","E","R","BOSS","M","?","M","M","?","R","M","E","T","E","?","M","M","?","R","BOSS","M","M","?","?","?","E","R","$","T","$","E","M","E","M","R","BOSS","R","$","E","BOSS"],"items_purchased_type":["Relic","Relic","Card","Card"],"build_version":"2020-12-22","purchased_purges":0,"victory":true,"max_hp_per_floor":[75,75,75,76,76,78,82,82,82,82,82,87,87,92,92,97,97,102,102,107,112,112,112,117,127,127,132,132,137,142,142,142,147,147,152,157,157,162,154,159,159,159,159,159,164,169,174,179,179,184,184,184,184,189,194],"card_choices":[{"not_picked":["Redo","Ball Lightning"],"picked":"Sweeping Beam","floor":1},{"not_picked":["Gash","MostiFishMod:LinkProtocol","Rebound","Redo"],"picked":"Genetic Algorithm","floor":4},{"not_picked":["Compile Driver","Leap","Steam","Go for the Eyes"],"picked":"Genetic Algorithm","floor":6},{"not_picked":["Force Field","Sweeping Beam","Lockon","MostiFishMod:DeathFromBelow"],"picked":"Heatsinks","floor":7},{"not_picked":["Barrage","MostiFishMod:PushDownKick","Gash","Rebound"],"picked":"Conserve Battery+1","floor":12},{"not_picked":["Chaos+1","Conserve Battery+1","Compile Driver","Blizzard"],"picked":"Double Energy+1","floor":14},{"not_picked":["Electrodynamics","Meteor Strike","MostiFishMod:IceShield+1","All For One"],"picked":"Core Surge","floor":16},{"not_picked":["Stack+1","Hologram+1","Reinforced Body+1","Leap+1"],"picked":"Coolheaded+1","floor":18},{"not_picked":["Beam Cell","Sweeping Beam","Conserve Battery+1","Auto Shields+1"],"picked":"Streamline","floor":20},{"not_picked":["Chaos+1","Ball Lightning+1","Steam+1","Gash"],"picked":"MostiFishMod:GatherIntelligence+1","floor":21},{"not_picked":["Undo+1","Barrage","MostiFishMod:PushDownKick+1","Fission+1"],"picked":"Turbo+1","floor":24},{"not_picked":["Redo+1","Leap+1","Gash","Glacier+1"],"picked":"Rebound","floor":25},{"not_picked":["Sweeping Beam","MostiFishMod:PushDownKick","MostiFishMod:IceShield+1","Seek+1"],"picked":"Skim+1","floor":27},{"not_picked":["MostiFishMod:PushDownKick+1","Beam Cell","Ball Lightning+1","Hologram+1"],"picked":"White Noise+1","floor":29},{"not_picked":["Gash","Streamline","Skim+1","Steam+1"],"picked":"Sweeping Beam+1","floor":30},{"not_picked":["Core Surge","Buffer","Machine Learning","MostiFishMod:GoodWordForIt"],"picked":"MostiFishMod:DawningShadow","floor":33},{"not_picked":["Ball Lightning+1","Barrage+1","Streamline","Melter"],"picked":"Gash+1","floor":35},{"not_picked":["Defragment","Beam Cell","Barrage+1","Steam+1"],"picked":"MostiFishMod:PushDownKick","floor":36},{"not_picked":["Redo+1","MostiFishMod:Impulse+1","Blizzard","Barrage+1"],"picked":"Fusion+1","floor":38},{"not_picked":["Steam+1","Coolheaded+1","Stack+1","Recycle+1"],"picked":"Ball Lightning+1","floor":40},{"not_picked":["Coolheaded+1","Storm","Chill+1","MostiFishMod:StrandedSiren"],"picked":"MostiFishMod:InterfaceCompatibility","floor":45},{"not_picked":["Gash","Chaos+1","Cold Snap","Streamline"],"picked":"Rebound+1","floor":46},{"not_picked":["Turbo+1","Recycle+1","Steam Power+1","Gash"],"picked":"MostiFishMod:IntelligentEquipment","floor":46},{"not_picked":["Force Field+1","MostiFishMod:PushDownKick","Tempest+1","Auto Shields+1"],"picked":"Go for the Eyes+1","floor":47},{"not_picked":["Beam Cell","Hello World","Compile Driver+1","MostiFishMod:GatherIntelligence+1"],"picked":"Hologram+1","floor":48},{"not_picked":["Cold Snap+1","Stack+1","FTL+1","Redo+1"],"picked":"Double Energy+1","floor":48},{"not_picked":["MostiFishMod:Impulse+1","Sweeping Beam+1","MostiFishMod:GatherIntelligence+1","Ball Lightning+1"],"picked":"All For One","floor":54}],"player_experience":79685,"relics_obtained":[{"floor":1,"key":"SynthV:TestCard"},{"floor":6,"key":"Dota2Spire:MantaStyle"},{"floor":9,"key":"Bag of Marbles"},{"floor":12,"key":"Toxic Egg 2"},{"floor":14,"key":"Dota2Spire:Dagon"},{"floor":25,"key":"Dota2Spire:Satanic"},{"floor":26,"key":"Dota2Spire:MagicBottle"},{"floor":27,"key":"Centennial Puzzle"},{"floor":28,"key":"CeramicFish"},{"floor":38,"key":"Prayer Wheel"},{"floor":40,"key":"Dota2Spire:MaskOfMadness"},{"floor":45,"key":"Letter Opener"},{"floor":47,"key":"Orichalcum"},{"floor":54,"key":"Dota2Spire:HandOfMidas"}],"event_choices":[{"cards_removed":["Defend_B"],"damage_healed":0,"gold_gain":0,"player_choice":"Card Removal","damage_taken":0,"max_hp_gain":0,"max_hp_loss":0,"event_name":"Wheel of Change","floor":3,"gold_loss":0},{"damage_healed":0,"gold_gain":0,"player_choice":"»˚«Æ","damage_taken":0,"relics_obtained":["PaintedHorse:ReiMu"],"max_hp_gain":0,"max_hp_loss":0,"event_name":"yidonshenshe","floor":5,"gold_loss":40},{"cards_removed":["Defend_B"],"damage_healed":0,"gold_gain":0,"player_choice":"Card Removal","damage_taken":0,"max_hp_gain":0,"max_hp_loss":0,"event_name":"The Cleric","floor":11,"gold_loss":50},{"damage_healed":0,"gold_gain":0,"player_choice":"Obtained Relic","damage_taken":0,"relics_obtained":["Dota2Spire:Vanguard"],"max_hp_gain":0,"max_hp_loss":0,"event_name":"Addict","floor":19,"gold_loss":85},{"damage_healed":0,"gold_gain":0,"player_choice":"Inject Mutagens","damage_taken":0,"relics_obtained":["MutagenicStrength"],"max_hp_gain":0,"max_hp_loss":0,"event_name":"Drug Dealer","floor":22,"gold_loss":0},{"damage_healed":0,"gold_gain":0,"player_choice":"Ignored","damage_taken":0,"max_hp_gain":0,"max_hp_loss":0,"event_name":"Tomb of Lord Red Mask","floor":37,"gold_loss":0},{"damage_healed":0,"gold_gain":0,"player_choice":"Fight","damage_taken":0,"max_hp_gain":0,"max_hp_loss":0,"event_name":"MindBloom","floor":38,"gold_loss":0},{"damage_healed":0,"gold_gain":0,"player_choice":"Max HP","damage_taken":0,"max_hp_gain":0,"max_hp_loss":8,"event_name":"Winding Halls","floor":39,"gold_loss":0}],"is_beta":false,"boss_relics":[{"not_picked":["MostiFishMod:Hod","NightmareShop"],"picked":"ShadowXiaoBlade"},{"not_picked":["Velvet Choker","FixedStarFall"],"picked":"JellyFishMachine"}],"items_purged_floors":[],"is_endless":false,"potions_floor_spawned":[4,7,18,21,25,33,35,36,46],"ascension_level":4}}