{"host":"vyjryxuuuxkt43k4","time":1611670412,"event":{"mods":["AchievementEnabler","BaseMod","Colored Map","DeckTracker","Keyboard Shortcuts","Minty Spire (QoL Compilation)","Permanent Neow","Quick Restart","Rare Cards Sparkle","StSLib","SuperFastMode","everything is the same but u backflip on backflip"],"gold_per_floor":[216,5,23,36,48,48,76,76,76,76,76,23,23,47,47,138,138,162,162,162,180,192,192,219,15,15,43,43,69,83,93,93,169,169,181,181,196,210,210,240,257,283,309,339,364,364,100,113,113,113,113,113],"floor_reached":51,"language":"KOR","playtime":2940,"items_purged":["Strike_R","Strike_R"],"score":1865,"play_id":"5342a78f-ac66-4913-bbc2-fe8395088d26","local_time":"20210126231332","is_ascension_mode":true,"campfire_choices":[{"data":"Wild Strike","floor":6.0,"key":"SMITH"},{"floor":10.0,"key":"REST"},{"data":"Shrug It Off","floor":13.0,"key":"SMITH"},{"data":"Carnage","floor":15.0,"key":"SMITH"},{"data":"Battle Trance","floor":23.0,"key":"SMITH"},{"data":"Strike_R","floor":32.0,"key":"PURGE"},{"data":"Ghostly","floor":46.0,"key":"SMITH"},{"floor":49.0,"key":"RECALL"}],"circlet_count":0,"master_deck":["AscendersBane","Strike_R","Defend_R","Defend_R","Defend_R","Defend_R","Bash","Disarm","Combust","Spot Weakness","Wild Strike+1","Flame Barrier","Impervious","Shrug It Off+1","Carnage+1","Corruption","Sentinel","Battle Trance+1","Flex+1","Burning Pact","Feel No Pain","Body Slam+1","Ghostly+1","Ghostly","Ghostly","Barricade","Juggernaut","Havoc","Madness","Madness","Second Wind+1","Sentinel","Metamorphosis","Shockwave+1","Reckless Charge+1","Limit Break","Fire Breathing+1","Evolve","Body Slam"],"relics":["Burning Blood","Medical Kit","Pantograph","Bloody Idol","CaptainsWheel","Snecko Eye","Nilry\u0027s Codex","Torii","Sundial","Peace Pipe","Akabeko","SlaversCollar","Oddly Smooth Stone","Letter Opener","Bag of Preparation","Shovel"],"acts_visited":["Exordium","TheCity","TheBeyond"],"potions_floor_usage":[51],"damage_taken":[{"damage":10.0,"enemies":"Small Slimes","floor":1.0,"turns":5.0},{"damage":2.0,"enemies":"2 Louse","floor":3.0,"turns":4.0},{"damage":20.0,"enemies":"Jaw Worm","floor":4.0,"turns":4.0},{"damage":18.0,"enemies":"3 Louse","floor":5.0,"turns":4.0},{"damage":37.0,"enemies":"Lagavulin","floor":7.0,"turns":6.0},{"damage":0.0,"enemies":"Looter","floor":14.0,"turns":3.0},{"damage":38.0,"enemies":"Hexaghost","floor":16.0,"turns":9.0},{"damage":9.0,"enemies":"Shell Parasite","floor":18.0,"turns":4.0},{"damage":0.0,"enemies":"Spheric Guardian","floor":21.0,"turns":4.0},{"damage":0.0,"enemies":"3 Cultists","floor":22.0,"turns":5.0},{"damage":43.0,"enemies":"Gremlin Leader","floor":24.0,"turns":7.0},{"damage":11.0,"enemies":"Book of Stabbing","floor":27.0,"turns":4.0},{"damage":0.0,"enemies":"Gremlin Leader","floor":29.0,"turns":6.0},{"damage":0.0,"enemies":"Snecko","floor":30.0,"turns":3.0},{"damage":0.0,"enemies":"Shelled Parasite and Fungi","floor":31.0,"turns":5.0},{"damage":0.0,"enemies":"Champ","floor":33.0,"turns":6.0},{"damage":0.0,"enemies":"Orb Walker","floor":35.0,"turns":5.0},{"damage":0.0,"enemies":"3 Shapes","floor":37.0,"turns":7.0},{"damage":0.0,"enemies":"Spire Growth","floor":38.0,"turns":5.0},{"damage":0.0,"enemies":"Giant Head","floor":40.0,"turns":6.0},{"damage":0.0,"enemies":"Writhing Mass","floor":41.0,"turns":6.0},{"damage":17.0,"enemies":"Reptomancer","floor":42.0,"turns":6.0},{"damage":0.0,"enemies":"Nemesis","floor":44.0,"turns":5.0},{"damage":11.0,"enemies":"Mind Bloom Boss Battle","floor":45.0,"turns":5.0},{"damage":1.0,"enemies":"Sphere and 2 Shapes","floor":48.0,"turns":7.0},{"damage":17,"enemies":"Donu and Deca","floor":50,"turns":8},{"damage":43,"enemies":"Time Eater","floor":51,"turns":5}],"seed_played":"-2394468691328647426","potions_obtained":[{"floor":4.0,"key":"FearPotion"},{"floor":5.0,"key":"GamblersBrew"},{"floor":7.0,"key":"ColorlessPotion"},{"floor":21.0,"key":"Explosive Potion"},{"floor":22.0,"key":"Energy Potion"},{"floor":27.0,"key":"Block Potion"},{"floor":29.0,"key":"Strength Potion"},{"floor":33.0,"key":"Explosive Potion"},{"floor":35.0,"key":"HeartOfIron"},{"floor":40.0,"key":"CultistPotion"},{"floor":41.0,"key":"EntropicBrew"},{"floor":45.0,"key":"Weak Potion"}],"is_trial":false,"path_per_floor":["M","$","M","M","M","R","E","?","T","R","?","$","R","M","R","B",null,"M","?","?","M","M","R","E","$","T","E","?","E","M","M","R","B",null,"M","?","M","M","?","E","M","E","T","E","?","R","$","M","R","B","B"],"character_chosen":"IRONCLAD","items_purchased":["Medical Kit","Disarm","Shrug It Off","Feel No Pain","Energy Potion","Evolve","LiquidBronze"],"campfire_rested":1,"item_purchase_floors":[2,2,12,25,25,47,47],"current_hp_per_floor":[64,64,68,54,42,42,11,11,11,31,31,31,31,37,37,30,59,56,35,35,46,57,57,25,25,25,25,25,34,34,34,34,34,34,34,28,34,34,34,34,34,28,33,34,34,34,34,34,34,23,0,0],"gold":113,"neow_bonus":"HUNDRED_GOLD","is_daily":false,"chose_seed":false,"campfire_upgraded":5,"win_rate":0.0,"timestamp":1611670412,"path_taken":["M","$","M","M","M","R","E","?","T","R","?","$","R","M","R","BOSS","M","?","?","M","M","R","E","$","T","E","?","E","M","M","R","BOSS","M","?","M","M","?","E","M","E","T","E","?","R","$","M","R","BOSS","BOSS"],"items_purchased_type":["Relic","Card","Card","Card","Potion","Card","Potion"],"build_version":"2020-12-22","purchased_purges":2,"victory":false,"max_hp_per_floor":[75,75,75,75,75,75,75,68,68,68,68,68,68,68,68,68,68,68,68,68,68,68,68,68,68,68,68,34,34,34,34,34,34,34,34,34,34,34,34,34,34,34,34,34,34,34,34,34,34,34,34,34],"card_choices":[{"not_picked":["Thunderclap","True Grit","Havoc"],"picked":"SKIP","floor":1.0},{"not_picked":["Headbutt","Havoc"],"picked":"Combust","floor":3.0},{"not_picked":["Flex","Power Through"],"picked":"Spot Weakness","floor":4.0},{"not_picked":["Flex","Iron Wave"],"picked":"Wild Strike","floor":5.0},{"not_picked":["Headbutt","Body Slam"],"picked":"Flame Barrier","floor":7.0},{"not_picked":["Uppercut","Warcry"],"picked":"Carnage","floor":14.0},{"not_picked":["Juggernaut","Reaper"],"picked":"Corruption","floor":16.0},{"not_picked":["Intimidate","Armaments"],"picked":"Sentinel","floor":18.0},{"not_picked":["Twin Strike","Flame Barrier"],"picked":"Battle Trance","floor":21.0},{"not_picked":["Heavy Blade","Clash"],"picked":"Flex+1","floor":22.0},{"not_picked":["Warcry","Combust"],"picked":"Burning Pact","floor":24.0},{"not_picked":["Disarm","Wild Strike"],"picked":"Body Slam+1","floor":27.0},{"not_picked":["Iron Wave","Evolve"],"picked":"Barricade","floor":29.0},{"not_picked":["Warcry","Headbutt","Perfected Strike"],"picked":"SKIP","floor":30.0},{"not_picked":["Bloodletting","Wild Strike","Warcry"],"picked":"SKIP","floor":31.0},{"not_picked":["Berserk","Exhume"],"picked":"Juggernaut","floor":33.0},{"not_picked":["Anger","Armaments"],"picked":"Havoc","floor":35.0},{"not_picked":["Dual Wield+1","Warcry"],"picked":"Second Wind+1","floor":37.0},{"not_picked":["Pummel","Flex+1"],"picked":"Sentinel","floor":38.0},{"not_picked":["Deep Breath","Enlightenment"],"picked":"Metamorphosis","floor":39.0},{"not_picked":["Warcry","Bludgeon"],"picked":"Shockwave+1","floor":40.0},{"not_picked":["Armaments","Uppercut"],"picked":"Reckless Charge+1","floor":41.0},{"not_picked":["Iron Wave","Sword Boomerang","Clash"],"picked":"SKIP","floor":42.0},{"not_picked":["Carnage+1","Thunderclap"],"picked":"Limit Break","floor":44.0},{"not_picked":["Anger","Heavy Blade"],"picked":"Fire Breathing+1","floor":45.0},{"not_picked":["Whirlwind","Fire Breathing"],"picked":"Body Slam","floor":48.0}],"player_experience":377850,"relics_obtained":[{"floor":7.0,"key":"Pantograph"},{"floor":9.0,"key":"CaptainsWheel"},{"floor":19.0,"key":"Nilry\u0027s Codex"},{"floor":24.0,"key":"Torii"},{"floor":26.0,"key":"Sundial"},{"floor":27.0,"key":"Peace Pipe"},{"floor":29.0,"key":"Akabeko"},{"floor":40.0,"key":"Oddly Smooth Stone"},{"floor":42.0,"key":"Letter Opener"},{"floor":44.0,"key":"Bag of Preparation"},{"floor":45.0,"key":"Shovel"}],"event_choices":[{"damage_healed":0.0,"max_hp_gain":0.0,"max_hp_loss":7.0,"gold_gain":0.0,"event_name":"Golden Idol","player_choice":"Lose Max HP","floor":8.0,"gold_loss":0.0,"damage_taken":0.0,"relics_obtained":["Golden Idol"]},{"damage_healed":0.0,"max_hp_gain":0.0,"max_hp_loss":0.0,"gold_gain":0.0,"cards_transformed":["Strike_R"],"event_name":"Living Wall","player_choice":"Change","floor":11.0,"gold_loss":0.0,"damage_taken":0.0,"cards_obtained":["Impervious"]},{"damage_healed":0.0,"max_hp_gain":0.0,"max_hp_loss":0.0,"gold_gain":0.0,"event_name":"Cursed Tome","player_choice":"Obtained Book","floor":19.0,"gold_loss":0.0,"damage_taken":21.0},{"damage_healed":0.0,"max_hp_gain":0.0,"max_hp_loss":0.0,"gold_gain":0.0,"event_name":"Forgotten Altar","player_choice":"Gave Idol","floor":20.0,"relics_lost":["Golden Idol"],"gold_loss":0.0,"damage_taken":0.0,"relics_obtained":["Bloody Idol"]},{"damage_healed":0.0,"max_hp_gain":0.0,"max_hp_loss":34.0,"gold_gain":0.0,"event_name":"Ghosts","player_choice":"Became a Ghost","floor":28.0,"gold_loss":0.0,"damage_taken":0.0,"cards_obtained":["Ghostly","Ghostly","Ghostly"]},{"damage_healed":0.0,"max_hp_gain":0.0,"max_hp_loss":0.0,"gold_gain":0.0,"event_name":"Winding Halls","player_choice":"Embrace Madness","floor":36.0,"gold_loss":0.0,"damage_taken":6.0,"cards_obtained":["Madness","Madness"]},{"damage_healed":0.0,"max_hp_gain":0.0,"max_hp_loss":0.0,"gold_gain":0.0,"event_name":"SensoryStone","player_choice":"Memory 1","floor":39.0,"gold_loss":0.0,"damage_taken":0.0},{"damage_healed":0.0,"max_hp_gain":0.0,"max_hp_loss":0.0,"gold_gain":0.0,"event_name":"MindBloom","player_choice":"Fight","floor":45.0,"gold_loss":0.0,"damage_taken":0.0}],"is_beta":false,"boss_relics":[{"not_picked":["Runic Pyramid","Runic Cube"],"picked":"Snecko Eye"},{"not_picked":["Tiny House","Velvet Choker"],"picked":"SlaversCollar"}],"items_purged_floors":[25,47],"is_endless":false,"potions_floor_spawned":[4,5,7,21,22,27,29,33,35,40,41,45],"killed_by":"Time Eater","ascension_level":20}}