{"host":"6xsbn6ynqlzwllfm","time":1611687752,"event":{"mods":["2.2 Compatiblity","BaseMod","Bestiary","Colored Map","Colored Powertips","Curses Come First","Highlight Path","Keyboard Shortcuts","Minty Spire (QoL Compilation)","Relic Stats","Slay the Relics Exporter","StSLib","SuperFastMode"],"gold_per_floor":[113,130,146,146,146,146,181,181,208,239,239,309,328,328,328,328,328],"floor_reached":16,"language":"ENG","playtime":516,"items_purged":[],"score":200,"play_id":"2e130ee6-1338-4365-a7cd-e0ae06605af1","local_time":"20210126140232","is_ascension_mode":true,"campfire_choices":[{"data":"Rip and Tear","floor":6,"key":"SMITH"},{"data":"Sweeping Beam","floor":8,"key":"SMITH"},{"data":"Coolheaded","floor":11,"key":"SMITH"},{"data":"Biased Cognition","floor":15,"key":"SMITH"}],"circlet_count":0,"master_deck":["AscendersBane","Strike_B","Strike_B","Strike_B","Strike_B","Defend_B","Defend_B","Defend_B","Defend_B","Zap","Dualcast","Sweeping Beam+1","Rip and Tear+1","Glacier","White Noise","Coolheaded+1","Compile Driver","Biased Cognition+1"],"relics":["Cracked Core","Golden Idol","Akabeko","Orichalcum","Juzu Bracelet","StrikeDummy","Question Card"],"acts_visited":["Exordium"],"potions_floor_usage":[7,12],"damage_taken":[{"damage":0,"enemies":"2 Louse","floor":1,"turns":2},{"damage":1,"enemies":"Cultist","floor":2,"turns":3},{"damage":0,"enemies":"Small Slimes","floor":3,"turns":2},{"damage":4,"enemies":"Lagavulin","floor":7,"turns":8},{"damage":7,"enemies":"Gremlin Nob","floor":10,"turns":3},{"damage":4,"enemies":"Gremlin Nob","floor":12,"turns":3},{"damage":14,"enemies":"Exordium Thugs","floor":13,"turns":4},{"damage":21,"enemies":"Hexaghost","floor":16,"turns":9}],"seed_played":"4644720844376399963","potions_obtained":[{"floor":1,"key":"Explosive Potion"},{"floor":2,"key":"BlessingOfTheForge"}],"is_trial":false,"path_per_floor":["M","M","M","?","?","R","E","R","T","E","R","?","M","T","R","B"],"character_chosen":"DEFECT","items_purchased":[],"campfire_rested":0,"item_purchase_floors":[],"current_hp_per_floor":[71,70,70,75,46,46,42,42,42,35,35,31,17,17,17,0,0],"gold":328,"neow_bonus":"TEN_PERCENT_HP_BONUS","is_daily":false,"chose_seed":false,"campfire_upgraded":4,"win_rate":0.0,"timestamp":1611687752,"path_taken":["M","M","M","?","?","R","E","R","T","E","R","?","M","?","R","BOSS"],"items_purchased_type":[],"build_version":"2020-12-22","purchased_purges":0,"victory":false,"max_hp_per_floor":[78,78,78,83,83,83,83,83,83,83,83,83,83,83,83,83,83],"relic_stats":{"counters":[8,34],"Golden Idol":25,"Juzu Bracelet":0,"Orichalcum":[36],"Question Card":0,"obtain_stats":[{"Golden Idol":5,"Juzu Bracelet":10,"Orichalcum":9,"Cracked Core":0,"StrikeDummy":12,"Question Card":14,"Akabeko":7},{"Golden Idol":3,"Juzu Bracelet":5,"Orichalcum":4,"Cracked Core":0,"StrikeDummy":6,"Question Card":7,"Akabeko":4},{"Golden Idol":7,"Juzu Bracelet":18,"Orichalcum":15,"Cracked Core":0,"StrikeDummy":21,"Question Card":25,"Akabeko":15}]},"card_choices":[{"not_picked":["Force Field","Tempest"],"picked":"Sweeping Beam","floor":1},{"not_picked":["Turbo","Beam Cell"],"picked":"Rip and Tear","floor":2},{"not_picked":["Beam Cell","Go for the Eyes"],"picked":"Glacier","floor":3},{"not_picked":["Fusion","Multi-Cast"],"picked":"White Noise","floor":7},{"not_picked":["Leap","Streamline"],"picked":"Coolheaded","floor":10},{"not_picked":["Steam","Conserve Battery"],"picked":"Compile Driver","floor":12},{"not_picked":["Leap","Go for the Eyes"],"picked":"Biased Cognition","floor":13}],"player_experience":1134280,"relics_obtained":[{"floor":7,"key":"Akabeko"},{"floor":9,"key":"Orichalcum"},{"floor":10,"key":"Juzu Bracelet"},{"floor":12,"key":"StrikeDummy"},{"floor":14,"key":"Question Card"}],"event_choices":[{"damage_healed":0,"gold_gain":0,"player_choice":"Donut","damage_taken":0,"max_hp_gain":5,"max_hp_loss":0,"event_name":"Big Fish","floor":4,"gold_loss":0},{"damage_healed":0,"gold_gain":0,"player_choice":"Take Damage","damage_taken":29,"relics_obtained":["Golden Idol"],"max_hp_gain":0,"max_hp_loss":0,"event_name":"Golden Idol","floor":5,"gold_loss":0},{"damage_healed":0,"gold_gain":30,"player_choice":"Searched \u00272\u0027 times","damage_taken":0,"max_hp_gain":0,"max_hp_loss":0,"event_name":"Dead Adventurer","floor":12,"gold_loss":0}],"is_beta":false,"boss_relics":[],"items_purged_floors":[],"is_endless":false,"potions_floor_spawned":[1,2],"killed_by":"Hexaghost","ascension_level":17}}