{"host":"uxq2rly8rxtwffuf","time":1611671437,"event":{"mods":["BaseMod","Koishi","Minty Spire (QoL Compilation)","StSLib","The Servant 0.9.4"],"gold_per_floor":[114,114,114,2,2,38,58,58,58,58,71,84,84,120,120,245,245,258,357,357,377,19,19,40,54,78,101,101,117,130,5,5,129,129,150,165,165,498,113,113,125,125,196,246,246,96,111,138,138,138],"floor_reached":51,"language":"ENG","playtime":2153,"items_purged":["Writhe","Strike_G","Strike_G","Strike_G"],"score":1116,"play_id":"2971d7a2-dba6-47c7-8699-bab76a396d9e","local_time":"20210126173037","is_ascension_mode":true,"campfire_choices":[{"floor":8,"key":"REST"},{"floor":10,"key":"REST"},{"data":"The Bomb","floor":13,"key":"SMITH"},{"data":"Dash","floor":15,"key":"SMITH"},{"floor":23,"key":"RECALL"},{"floor":28,"key":"REST"},{"floor":32,"key":"REST"},{"data":"Tools of the Trade","floor":40,"key":"SMITH"},{"data":"Footwork","floor":42,"key":"SMITH"},{"data":"A Thousand Cuts","floor":45,"key":"SMITH"},{"floor":49,"key":"REST"}],"circlet_count":0,"master_deck":["AscendersBane","Strike_G+1","Defend_G+1","Defend_G+1","Defend_G","Defend_G","Defend_G","Survivor","Neutralize","The Bomb+1","Dash+1","Bullet Time+1","Caltrops","Cloak And Dagger","Noxious Fumes","Malaise","A Thousand Cuts+1","Footwork+1","Deflect","Tools of the Trade+1","The Bomb+1"],"relics":["Ring of the Serpent","Gremlin Horn","HornCleat","White Beast Statue","Singing Bowl","War Paint","HoveringKite","DollysMirror","Ninja Scroll","Eternal Feather","Du-Vu Doll","Ornamental Fan"],"acts_visited":["Exordium","TheCity","TheBeyond"],"potions_floor_usage":[6,14,24,27,30,33,33,41,41,44,47,48,50],"damage_taken":[{"damage":4,"enemies":"Jaw Worm","floor":1,"turns":3},{"damage":26,"enemies":"Gremlin Nob","floor":6,"turns":4},{"damage":0,"enemies":"2 Louse","floor":7,"turns":2},{"damage":2,"enemies":"Cultist","floor":11,"turns":4},{"damage":0,"enemies":"2 Fungi Beasts","floor":12,"turns":3},{"damage":2,"enemies":"Lagavulin","floor":14,"turns":5},{"damage":30,"enemies":"Slime Boss","floor":16,"turns":7},{"damage":0,"enemies":"Chosen","floor":18,"turns":3},{"damage":7,"enemies":"Shell Parasite","floor":21,"turns":7},{"damage":9,"enemies":"Centurion and Healer","floor":24,"turns":7},{"damage":10,"enemies":"Snecko","floor":25,"turns":6},{"damage":13,"enemies":"Snake Plant","floor":27,"turns":6},{"damage":0,"enemies":"3 Cultists","floor":29,"turns":3},{"damage":4,"enemies":"Centurion and Healer","floor":30,"turns":6},{"damage":55,"enemies":"Collector","floor":33,"turns":10},{"damage":2,"enemies":"3 Shapes","floor":35,"turns":3},{"damage":0,"enemies":"Orb Walker","floor":36,"turns":4},{"damage":14,"enemies":"Maw","floor":41,"turns":7},{"damage":0,"enemies":"Mind Bloom Boss Battle","floor":44,"turns":6},{"damage":0,"enemies":"3 Darklings","floor":47,"turns":3},{"damage":49,"enemies":"Giant Head","floor":48,"turns":9},{"damage":52,"enemies":"Donu and Deca","floor":50,"turns":9}],"seed_played":"-2630516054442546135","potions_obtained":[{"floor":1,"key":"SneckoOil"},{"floor":12,"key":"DuplicationPotion"},{"floor":16,"key":"Strength Potion"},{"floor":18,"key":"Ancient Potion"},{"floor":24,"key":"CunningPotion"},{"floor":27,"key":"ColorlessPotion"},{"floor":30,"key":"EssenceOfSteel"},{"floor":33,"key":"Regen Potion"},{"floor":35,"key":"GamblersBrew"},{"floor":36,"key":"DuplicationPotion"},{"floor":41,"key":"DistilledChaos"},{"floor":44,"key":"SneckoOil"},{"floor":47,"key":"ColorlessPotion"},{"floor":48,"key":"Dexterity Potion"}],"is_trial":false,"path_per_floor":["M","?","?","$","?","E","M","R","T","R","M","M","R","E","R","B",null,"M","?","?","M","$","R","M","M","T","M","R","M","M","$","R","B",null,"M","M","?","?","$","R","M","R","T","?","R","$","M","E","R","B",null],"character_chosen":"THE_SILENT","items_purchased":["Dash","Singing Bowl","DollysMirror","Ninja Scroll"],"campfire_rested":5,"item_purchase_floors":[4,22,39,39],"current_hp_per_floor":[59,42,47,47,32,6,6,28,28,50,48,48,48,46,46,16,60,60,60,60,53,53,53,44,36,36,23,46,48,46,46,70,15,65,65,67,67,67,67,67,67,67,67,69,81,81,83,36,75,23],"gold":138,"neow_bonus":"RANDOM_COLORLESS_2","is_daily":false,"chose_seed":false,"campfire_upgraded":5,"win_rate":0.0,"timestamp":1611671437,"path_taken":["M","?","?","$","?","E","M","R","T","R","M","M","R","E","R","BOSS","M","?","?","M","$","R","M","M","T","M","R","?","M","$","R","BOSS","M","M","?","?","$","R","?","R","T","?","R","$","M","E","R","BOSS"],"items_purchased_type":["Card","Relic","Relic","Relic"],"build_version":"2020-12-22","purchased_purges":4,"victory":true,"max_hp_per_floor":[70,70,75,75,75,75,75,75,75,75,75,75,75,75,75,75,75,75,75,75,75,75,75,75,77,77,77,77,79,81,81,81,81,81,83,85,85,85,85,85,87,87,87,89,89,89,91,93,93,93],"card_choices":[{"not_picked":["Magnetism","HandOfGreed"],"picked":"The Bomb","floor":0},{"not_picked":["Deadly Poison","Underhanded Strike"],"picked":"Sucker Punch","floor":1},{"not_picked":["Dash","Concentrate"],"picked":"Bullet Time","floor":6},{"not_picked":["Dagger Spray","Crippling Poison","Distraction"],"picked":"SKIP","floor":7},{"not_picked":["Reflex","Catalyst"],"picked":"Caltrops","floor":11},{"not_picked":["Underhanded Strike","Slice"],"picked":"Cloak And Dagger","floor":12},{"not_picked":["Eviscerate","Acrobatics"],"picked":"Noxious Fumes","floor":14},{"not_picked":["Wraith Form v2","After Image"],"picked":"Malaise","floor":16},{"not_picked":["Eviscerate","Bane","Acrobatics"],"picked":"SKIP","floor":18},{"not_picked":["Poisoned Stab","Bane","Dodge and Roll"],"picked":"SKIP","floor":21},{"not_picked":["Dodge and Roll","Slice"],"picked":"Footwork","floor":24},{"not_picked":["Backstab","Flying Knee","Slice"],"picked":"Singing Bowl","floor":25},{"not_picked":["Predator","Backflip"],"picked":"Deflect","floor":27},{"not_picked":["Sucker Punch","Tactician","Flying Knee+1"],"picked":"Singing Bowl","floor":29},{"not_picked":["Slice","Dagger Spray","Deflect"],"picked":"Singing Bowl","floor":30},{"not_picked":["Doppelganger","After Image"],"picked":"Tools of the Trade","floor":33},{"not_picked":["Dodge and Roll","Riddle With Holes+1","Dagger Throw"],"picked":"Singing Bowl","floor":35},{"not_picked":["Underhanded Strike+1","Poisoned Stab+1","Slice"],"picked":"Singing Bowl","floor":36},{"not_picked":["Crippling Poison+1","Acrobatics","Backflip"],"picked":"Singing Bowl","floor":41},{"not_picked":["Poisoned Stab","Dagger Throw+1","Dodge and Roll"],"picked":"Singing Bowl","floor":44},{"not_picked":["Poisoned Stab","Eviscerate","Dagger Throw+1"],"picked":"Singing Bowl","floor":47},{"not_picked":["Slice","Phantasmal Killer","Backflip"],"picked":"Singing Bowl","floor":48}],"player_experience":1423358,"relics_obtained":[{"floor":6,"key":"Gremlin Horn"},{"floor":9,"key":"HornCleat"},{"floor":14,"key":"White Beast Statue"},{"floor":26,"key":"War Paint"},{"floor":43,"key":"Eternal Feather"},{"floor":44,"key":"Du-Vu Doll"},{"floor":48,"key":"Ornamental Fan"}],"event_choices":[{"damage_healed":0,"gold_gain":0,"player_choice":"Take Damage","damage_taken":17,"relics_obtained":["Golden Idol"],"max_hp_gain":0,"max_hp_loss":0,"event_name":"Golden Idol","floor":2,"gold_loss":0},{"damage_healed":0,"gold_gain":0,"player_choice":"Donut","damage_taken":0,"max_hp_gain":5,"max_hp_loss":0,"event_name":"Big Fish","floor":3,"gold_loss":0},{"damage_healed":0,"gold_gain":0,"player_choice":"Entered Light","damage_taken":15,"max_hp_gain":0,"max_hp_loss":0,"event_name":"Shining Light","floor":5,"gold_loss":0,"cards_upgraded":["Strike_G","Defend_G"]},{"damage_healed":0,"gold_gain":99,"player_choice":"Stole From Cult","damage_taken":0,"max_hp_gain":0,"max_hp_loss":0,"event_name":"Nest","floor":19,"gold_loss":0},{"damage_healed":0,"gold_gain":0,"cards_transformed":["Strike_G"],"player_choice":"Transformed","damage_taken":0,"max_hp_gain":0,"max_hp_loss":0,"event_name":"Transmorgrifier","floor":20,"gold_loss":0,"cards_obtained":["A Thousand Cuts"]},{"cards_removed":["Sucker Punch"],"damage_healed":0,"gold_gain":0,"player_choice":"Removed Attack","damage_taken":0,"max_hp_gain":0,"max_hp_loss":0,"event_name":"Falling","floor":37,"gold_loss":0},{"damage_healed":0,"gold_gain":333,"player_choice":"Gave Idol","damage_taken":0,"max_hp_gain":0,"max_hp_loss":0,"event_name":"The Moai Head","floor":38,"relics_lost":["Golden Idol"],"gold_loss":0},{"damage_healed":0,"gold_gain":0,"player_choice":"Fight","damage_taken":0,"max_hp_gain":0,"max_hp_loss":0,"event_name":"MindBloom","floor":44,"gold_loss":0}],"is_beta":false,"boss_relics":[{"not_picked":["Black Star","Sozu"],"picked":"Ring of the Serpent"},{"not_picked":["Runic Dome","Coffee Dripper"],"picked":"HoveringKite"}],"items_purged_floors":[4,22,31,46],"is_endless":false,"potions_floor_spawned":[1,12,16,18,21,24,25,27,29,30,33,35,36,41,44,47,48],"ascension_level":12}}