{"host":"pgm1p3lvdjflie30","time":1611634516,"event":{"mods":["100% Spire Juice","AchievementEnabler","Act Like it!","Bard","BaseMod","Block Reminder","Colored Map","Colored Powertips","Conspire","Downfall","Energized Spire","Gremlin Mod","GungeonMod","Hermit","HornydragonMod","Minty Spire (QoL Compilation)","Nova Terra(?娃·泰拉)","Quarter Circle Forward PUNCH!","Reimu（博???）","Robot Space Explorer","SOS（斯巴?之子）","StSLib","The Bug Knight","The Cursed","The Dragon Tamer","The Gatherer","The Hierophant","The IronCluck","The Jungle","The Mystic","The Runesmith","The Saiyan","The Senshi","The Servant 0.9.4","TheHeartMod","Waifu the Spire","【功能Mod】混沌之?修复?丁","【?物卡牌】REMEMod"],"gold_per_floor":[116,41,41,41,116,116,147,147,147,147,167,179,198,24,24,127,127,138,38,38,50,70,70,70,70,70,95,25,25,39,39,39,39,39],"floor_reached":33,"language":"ZHS","playtime":1516,"items_purged":["Defend_Lin:ReiMu","Strike_Lin:ReiMu"],"score":286,"play_id":"a16130c5-44a5-4bca-bb17-0106c45840ad","local_time":"20210126121516","is_ascension_mode":false,"campfire_choices":[{"floor":6,"key":"RECALL"},{"data":"Gatherer:Overflowing","floor":8,"key":"SMITH"},{"data":"Mountainwind:ReiMu","floor":15,"key":"SMITH"},{"floor":23,"key":"REST"},{"data":"DependentForm:ReiMu","floor":25,"key":"SMITH"},{"floor":29,"key":"REST"},{"data":"RunawayExorcism:ReiMu","floor":32,"key":"SMITH"}],"circlet_count":0,"master_deck":["Strike_Lin:ReiMu","Strike_Lin:ReiMu","Strike_Lin:ReiMu","Defend_Lin:ReiMu","Defend_Lin:ReiMu","Defend_Lin:ReiMu","NB:ReiMu+1","Stagnation:ReiMu","Gatherer:Overflowing+1","AirStrike:ReiMu+1","BarrageOfMoneybags:ReiMu","AirStrike:ReiMu","Mountainwind:ReiMu+1","Conquer:ReiMu","TightArray:ReiMu","DependentForm:ReiMu+1","AirStrike:ReiMu+1","OrbThrow:ReiMu","UniversalSpiritual:ReiMu+1","RunawayExorcism:ReiMu+1","SubcavityInstant:ReiMu+1"],"relics":["FlyPower:ReiMu","REME_ComplimentaryCards","NeowsBlessing","Sling","CrownOfHeavens:ReiMu","Nloth\u0027s Gift","Letter Opener","Singing Bowl"],"acts_visited":["Exordium","TheCity"],"potions_floor_usage":[16,18,18,22,30,33,33],"damage_taken":[{"damage":0,"enemies":"Small Slimes","floor":1,"turns":1},{"damage":0,"enemies":"3 Sentries","floor":7,"turns":2},{"damage":0,"enemies":"2 Louse","floor":11,"turns":1},{"damage":0,"enemies":"Jaw Worm","floor":12,"turns":2},{"damage":1,"enemies":"Lots of Slimes","floor":13,"turns":4},{"damage":39,"enemies":"Hexaghost","floor":16,"turns":11},{"damage":2,"enemies":"Shell Parasite","floor":18,"turns":3},{"damage":25,"enemies":"Spheric Guardian","floor":21,"turns":4},{"damage":15,"enemies":"Snecko","floor":22,"turns":5},{"damage":40,"enemies":"Slavers","floor":27,"turns":4},{"damage":1,"enemies":"Centurion and Healer","floor":30,"turns":4},{"damage":87,"enemies":"Automaton","floor":33,"turns":6}],"seed_played":"-9141509282227089778","potions_obtained":[{"floor":11,"key":"DistilledChaos"},{"floor":16,"key":"LiquidMemories"},{"floor":18,"key":"PowerPotion"},{"floor":21,"key":"Ancient Potion"},{"floor":27,"key":"DistilledChaos"}],"is_trial":false,"path_per_floor":["M","$","?","$","?","R","E","R","T","?","M","M","M","$","R","B",null,"M","$","?","M","M","R","$","R","T","E","?","R","M","$","R","B"],"character_chosen":"REIMU","items_purchased":["Sling","TightArray:ReiMu"],"campfire_rested":2,"item_purchase_floors":[14,14],"current_hp_per_floor":[65,65,52,52,41,41,41,41,41,41,41,41,40,40,40,1,65,63,63,63,38,23,42,42,42,42,2,22,41,40,40,40,0,0],"gold":39,"neow_bonus":"THREE_ENEMY_KILL","is_daily":false,"chose_seed":false,"campfire_upgraded":4,"win_rate":0.0,"timestamp":1611634516,"path_taken":["M","$","?","$","?","R","E","R","T","?","?","M","M","$","R","BOSS","M","$","?","?","M","R","?","R","T","E","?","R","M","$","R","BOSS"],"items_purchased_type":["Relic","Card"],"build_version":"2020-12-22","purchased_purges":2,"victory":false,"max_hp_per_floor":[65,65,65,65,65,65,65,65,65,65,65,65,65,65,65,65,65,65,65,65,65,65,65,65,65,65,65,65,65,65,65,65,65,65],"card_choices":[{"not_picked":["MikOfLucky:ReiMu","WonderfulDomain:ReiMu"],"picked":"AirStrike:ReiMu","floor":1},{"not_picked":["LearningPray:ReiMu","SubAcupoint:ReiMu"],"picked":"BarrageOfMoneybags:ReiMu","floor":7},{"not_picked":["Meditation:ReiMu","PrepareRite:ReiMu"],"picked":"AirStrike:ReiMu","floor":11},{"not_picked":["Dreaming2:ReiMu","Intuition:ReiMu"],"picked":"Mountainwind:ReiMu","floor":12},{"not_picked":["Amulet:ReiMu","YinYangSign:ReiMu"],"picked":"Conquer:ReiMu","floor":13},{"not_picked":["RunawayExorcism:ReiMu","BlastKick2:ReiMu"],"picked":"DependentForm:ReiMu","floor":16},{"not_picked":["Amulet:ReiMu+1","Meditation:ReiMu"],"picked":"AirStrike:ReiMu+1","floor":18},{"not_picked":["SpreadBorder2:ReiMu+1","MikOfLucky:ReiMu"],"picked":"OrbThrow:ReiMu","floor":21},{"not_picked":["SubcavityInstant:ReiMu","CareerPray:ReiMu+1"],"picked":"UniversalSpiritual:ReiMu+1","floor":22},{"not_picked":["KamiSacrifice:ReiMu","FantasyMoon:ReiMu"],"picked":"RunawayExorcism:ReiMu","floor":27},{"not_picked":["SpreadBorder2:ReiMu+1","SubAcupoint:ReiMu"],"picked":"SubcavityInstant:ReiMu+1","floor":30}],"player_experience":327239,"relics_obtained":[{"floor":7,"key":"DemoMod:WhiteGuonStone"},{"floor":26,"key":"Letter Opener"},{"floor":27,"key":"Singing Bowl"}],"event_choices":[{"damage_healed":0,"gold_gain":0,"player_choice":"Entered Light","damage_taken":13,"max_hp_gain":0,"max_hp_loss":0,"event_name":"Shining Light","floor":3,"gold_loss":0,"cards_upgraded":["NB:ReiMu","AirStrike:ReiMu"]},{"damage_healed":0,"gold_gain":75,"player_choice":"Gather Gold","damage_taken":11,"max_hp_gain":0,"max_hp_loss":0,"event_name":"World of Goop","floor":5,"gold_loss":0},{"damage_healed":0,"gold_gain":0,"player_choice":"Leave","damage_taken":0,"max_hp_gain":0,"max_hp_loss":0,"event_name":"conspire:Investor","floor":10,"gold_loss":0},{"damage_healed":0,"gold_gain":0,"player_choice":"Traded Relic","damage_taken":0,"relics_obtained":["Nloth\u0027s Gift"],"max_hp_gain":0,"max_hp_loss":0,"event_name":"N\u0027loth","floor":20,"relics_lost":["DemoMod:WhiteGuonStone"],"gold_loss":0}],"is_beta":false,"boss_relics":[{"not_picked":["REME_DemonsWealth","energizedSpire:NeverEndingSparkler"],"picked":"CrownOfHeavens:ReiMu"}],"items_purged_floors":[2,19],"is_endless":false,"potions_floor_spawned":[11,16,18,21,27],"killed_by":"Automaton","ascension_level":0}}