{"host":"fuszjwm6fqgjjp4d","time":1611628404,"event":{"mods":["BaseMod","Bestiary","Colored Map","DeckTracker","Minty Spire (QoL Compilation)","Permanent Neow","Relic Sorter","Relic Stats","StSLib"],"gold_per_floor":[111,111,121,131,149,149,168,168,195,195,208,208,10,22,22,22,22],"floor_reached":16,"language":"ENG","playtime":317,"items_purged":["Strike_B"],"score":213,"play_id":"1e617f5a-e3a6-45c6-bd2b-32b35a5a03ed","local_time":"20210125203324","is_ascension_mode":true,"campfire_choices":[{"data":"Beam Cell","floor":6,"key":"SMITH"},{"data":"Hologram","floor":10,"key":"SMITH"},{"data":"Hologram","floor":12,"key":"SMITH"},{"data":"Self Repair","floor":15,"key":"SMITH"}],"circlet_count":0,"master_deck":["AscendersBane","Strike_B","Strike_B","Defend_B","Defend_B","Defend_B","Defend_B","Zap","Dualcast","Gash","Gash","Sweeping Beam","Hologram+1","Beam Cell+1","Rebound","Gash","Hologram+1","Conserve Battery","Reinforced Body","BootSequence","Gash","Self Repair+1"],"relics":["Cracked Core","Prayer Wheel","Bag of Marbles","Membership Card"],"acts_visited":["Exordium"],"potions_floor_usage":[5,5,14],"damage_taken":[{"damage":4.0,"enemies":"2 Louse","floor":1.0,"turns":3.0},{"damage":2,"enemies":"Cultist","floor":3,"turns":4},{"damage":2,"enemies":"Jaw Worm","floor":4,"turns":3},{"damage":4,"enemies":"Large Slime","floor":5,"turns":4},{"damage":5,"enemies":"Red Slaver","floor":7,"turns":3},{"damage":6,"enemies":"Blue Slaver","floor":11,"turns":4},{"damage":2,"enemies":"2 Fungi Beasts","floor":14,"turns":3},{"damage":28,"enemies":"Slime Boss","floor":16,"turns":3}],"seed_played":"5689350958644652985","potions_obtained":[{"floor":3,"key":"SpeedPotion"},{"floor":4,"key":"DuplicationPotion"},{"floor":11,"key":"Explosive Potion"}],"is_trial":false,"path_per_floor":["M","?","M","M","M","R","M","?","T","R","M","R","$","M","R","B"],"character_chosen":"DEFECT","items_purchased":["Membership Card"],"campfire_rested":0,"item_purchase_floors":[13],"current_hp_per_floor":[42,42,40,38,34,34,29,29,29,29,23,23,23,21,21,0,0],"gold":22,"neow_bonus":"ONE_RARE_RELIC","is_daily":false,"chose_seed":false,"campfire_upgraded":4,"win_rate":0.0,"timestamp":1611628404,"path_taken":["M","?","M","M","?","R","M","?","T","R","M","R","$","M","R","BOSS"],"items_purchased_type":["Relic"],"build_version":"2020-12-22","purchased_purges":1,"victory":false,"max_hp_per_floor":[71,71,71,71,71,71,71,71,71,71,71,71,71,71,71,71,71],"relic_stats":{"counters":[8,27],"Prayer Wheel":8,"obtain_stats":[{"Prayer Wheel":0,"Bag of Marbles":9,"Membership Card":13,"Cracked Core":0},{"Prayer Wheel":0,"Bag of Marbles":5,"Membership Card":6,"Cracked Core":0},{"Prayer Wheel":0,"Bag of Marbles":17,"Membership Card":21,"Cracked Core":0}]},"card_choices":[{"not_picked":["Steam","Genetic Algorithm"],"picked":"Gash","floor":1},{"not_picked":["Sweeping Beam","Go for the Eyes"],"picked":"Gash","floor":1},{"not_picked":["Chaos","Hello World"],"picked":"Sweeping Beam","floor":3},{"not_picked":["Fission","Rebound"],"picked":"Hologram","floor":3},{"not_picked":["Turbo","Redo"],"picked":"Beam Cell","floor":4},{"not_picked":["Cold Snap","Ball Lightning"],"picked":"Rebound","floor":4},{"not_picked":["Beam Cell","Hologram"],"picked":"Gash","floor":5},{"not_picked":["Darkness","Beam Cell"],"picked":"Hologram","floor":5},{"not_picked":["Force Field","Barrage"],"picked":"Conserve Battery","floor":7},{"not_picked":["Aggregate","Compile Driver"],"picked":"Reinforced Body","floor":7},{"not_picked":["Consume","Hyperbeam"],"picked":"BootSequence","floor":11},{"not_picked":["Streamline","Reinforced Body"],"picked":"Gash","floor":11},{"not_picked":["Fusion","Hello World"],"picked":"Self Repair","floor":14},{"not_picked":["Cold Snap","White Noise","Streamline"],"picked":"SKIP","floor":14}],"player_experience":1352525,"relics_obtained":[{"floor":9,"key":"Bag of Marbles"}],"event_choices":[{"cards_removed":["Strike_B"],"damage_healed":0,"gold_gain":0,"player_choice":"Offered Basic","damage_taken":0,"max_hp_gain":0,"max_hp_loss":0,"event_name":"Bonfire Elementals","floor":2,"gold_loss":0},{"damage_healed":0,"gold_gain":0,"player_choice":"Fled","damage_taken":0,"max_hp_gain":0,"max_hp_loss":0,"event_name":"Scrap Ooze","floor":8,"gold_loss":0}],"is_beta":false,"boss_relics":[],"items_purged_floors":[13],"is_endless":false,"potions_floor_spawned":[3,4,11],"killed_by":"Slime Boss","ascension_level":20}}