{"host":"Koishi","time":1611627546,"event":{"mods":["2.2 Compatiblity","AchievementEnabler","Act Like it!","BaseMod","Better Match","Better Note","Better Sensory Stone","Better Third Choice","Colored Powertips","Gensokyo","Hermit","Koishi","Lobotomy","LobotomyExtend","MarisaÅiñ∂âJÅ@ñÇóùçπÅj","Minty Spire (QoL Compilation)","Quick Restart","Rare Cards Sparkle","ReimuÅiîé??öÎÅj","Relic Filter Mod","Relic Stats","Spicy Shops","StSLib","The Construct","Åy?ï®?îvÅzREMEMod"],"gold_per_floor":[109,34,34,34,54,86,106,106,106,135,135,60,60,73,73,172,172,184,184,200,58,68,97,0,27,27,59,74,90,119,137,137,137,137],"floor_reached":33,"language":"ENG","playtime":1829,"items_purged":["WhitesApple"],"score":424,"play_id":"891068f0-7db8-4147-9940-56e1775b42d2","local_time":"20210125211906","is_ascension_mode":true,"campfire_choices":[{"data":"hermit:OverwhelmingPower","floor":11.0,"key":"SMITH"},{"data":"hermit:Spite","floor":15.0,"key":"SMITH"},{"data":"hermit:EternalForm","floor":32,"key":"SMITH"}],"circlet_count":0,"master_deck":["hermit:Strike_Hermit","hermit:Strike_Hermit","hermit:Strike_Hermit","hermit:Defend_Hermit+1","hermit:Defend_Hermit","hermit:Defend_Hermit","hermit:Defend_Hermit","hermit:Snapshot","hermit:FinalCanter","hermit:Ricochet","hermit:Adapt+1","CrumblingArmor","Parasite","hermit:OverwhelmingPower+1","GreedKing","hermit:Spite+1","hermit:FromBeyond","BodiesMountain","Variant","hermit:ShadowCloak","hermit:Deadeye","hermit:EternalForm+1","Parasite","hermit:Misfire+1","hermit:Determination"],"relics":["hermit:Momento","REME_ComplimentaryCards","CogitoBucket","LetterFromLob","Gaze_r","Heaven_r","Gensokyo:Justice","Kunai","Mango","CaptainsWheel","Theresia","Cursed Key","RuthlessExorcism:ReiMu","Orrery","FossilizedHelix","Shuriken","White Beast Statue","Centennial Puzzle","SkinProphecy","hermit:Spyglass"],"acts_visited":["Gensokyo:Gensokyo","Gensokyo:Gensokyoer"],"potions_floor_usage":[27,28],"damage_taken":[{"damage":0.0,"enemies":"Gensokyo:3_Fairies","floor":1.0,"turns":4.0},{"damage":34.0,"enemies":"Gensokyo:3_Fairies","floor":3.0,"turns":5.0},{"damage":10.0,"enemies":"Gensokyo:3_Fairies","floor":3.0,"turns":4.0},{"damage":0.0,"enemies":"Gensokyo:Gryphon","floor":5.0,"turns":8.0},{"damage":4.0,"enemies":"Gensokyo:Cirno","floor":6.0,"turns":4.0},{"damage":0.0,"enemies":"Gensokyo:Python","floor":7.0,"turns":2.0},{"damage":3.0,"enemies":"Gensokyo:Mamizou","floor":10.0,"turns":5.0},{"damage":0.0,"enemies":"Gensokyo:2_Rabbits","floor":14.0,"turns":3.0},{"damage":16,"enemies":"Gensokyo:Yukari","floor":16,"turns":10},{"damage":2,"enemies":"Gensokyo:2_Gloops","floor":18,"turns":4},{"damage":28,"enemies":"Gensokyo:3_Dogs","floor":20,"turns":3},{"damage":4,"enemies":"Gensokyo:Chomper_and_Gloop","floor":22,"turns":5},{"damage":8,"enemies":"Gensokyo:Reisen","floor":23,"turns":5},{"damage":0,"enemies":"Gensokyo:Tenshi","floor":25,"turns":3},{"damage":29,"enemies":"Gensokyo:Koishi","floor":27,"turns":6},{"damage":0,"enemies":"Gensokyo:Monolith_and_Dog","floor":28,"turns":5},{"damage":0,"enemies":"Gensokyo:Wraith","floor":29,"turns":4},{"damage":0,"enemies":"Gensokyo:Reisen","floor":30,"turns":4},{"damage":4,"enemies":"Gensokyo:3_Gloops","floor":31,"turns":5},{"damage":71,"enemies":"Gensokyo:Eternal_Rivals","floor":33,"turns":7}],"seed_played":"7006978103976141592","potions_obtained":[{"floor":6.0,"key":"EntropicBrew"},{"floor":10.0,"key":"SpeedPotion"},{"floor":27,"key":"BlessingOfTheForge"},{"floor":28,"key":"Dexterity Potion"}],"is_trial":false,"path_per_floor":["M","?","?","?","M","E","M","?","T","E","R","$","E","M","R","B",null,"M","?","M","COS","M","E","?","E","T","E","M","M","E","M","R","B"],"character_chosen":"HERMIT","items_purchased":[],"campfire_rested":0,"item_purchase_floors":[],"current_hp_per_floor":[75,75,53,53,53,49,49,42,42,53,53,53,80,80,80,64,89,87,82,54,54,51,49,49,54,54,33,49,48,52,51,51,0,0],"gold":137,"neow_bonus":"","is_daily":false,"chose_seed":false,"campfire_upgraded":3,"win_rate":0.0,"timestamp":1611627546,"path_taken":["M","?","?","?","M","E","?","?","T","E","R","$","E","M","R","BOSS","M","?","M","COS","M","E","?","E","T","E","?","M","E","M","R","BOSS"],"items_purchased_type":[],"build_version":"2020-12-18","purchased_purges":1,"victory":false,"max_hp_per_floor":[75,75,75,75,75,75,75,89,89,89,89,89,89,89,89,89,89,89,82,82,82,82,82,82,82,82,82,82,84,86,88,88,90,90],"relic_stats":{"Centennial Puzzle":[6],"counters":[22,97],"Shuriken":[4],"Kunai":[15],"Cursed Key":1,"obtain_stats":[{"Mango":8,"Gensokyo:Justice":4,"SkinProphecy":28,"Cursed Key":17,"White Beast Statue":26,"Gaze_r":3,"Heaven_r":3,"Frozen Eye":27,"CogitoBucket":0,"CaptainsWheel":10,"Centennial Puzzle":27,"Shuriken":25,"Orrery":21,"LetterFromLob":1,"Kunai":6,"Theresia":14,"hermit:Momento":0,"FossilizedHelix":23,"hermit:Spyglass":30,"REME_ComplimentaryCards":0,"RuthlessExorcism:ReiMu":19},{"Mango":6,"Gensokyo:Justice":3,"SkinProphecy":18,"Cursed Key":10,"White Beast Statue":15,"Gaze_r":2,"Heaven_r":3,"Frozen Eye":15,"CogitoBucket":0,"CaptainsWheel":7,"Centennial Puzzle":16,"Shuriken":15,"Orrery":12,"LetterFromLob":1,"Kunai":5,"Theresia":9,"hermit:Momento":0,"FossilizedHelix":14,"hermit:Spyglass":20,"REME_ComplimentaryCards":0,"RuthlessExorcism:ReiMu":11},{"Mango":27,"Gensokyo:Justice":13,"SkinProphecy":78,"Cursed Key":46,"White Beast Statue":66,"Gaze_r":9,"Heaven_r":13,"Frozen Eye":66,"CogitoBucket":0,"CaptainsWheel":32,"Centennial Puzzle":72,"Shuriken":66,"Orrery":53,"LetterFromLob":4,"Kunai":25,"Theresia":36,"hermit:Momento":0,"FossilizedHelix":63,"hermit:Spyglass":86,"REME_ComplimentaryCards":0,"RuthlessExorcism:ReiMu":50}]},"card_choices":[{"not_picked":["hermit:WideOpen","hermit:HighCaliber"],"picked":"hermit:Ricochet","floor":1.0},{"not_picked":["MHz","Rudolta","Scarecrow"],"picked":"Singing Bowl","floor":1.0},{"not_picked":["hermit:Roughhouse+1","hermit:EternalForm+1"],"picked":"hermit:Adapt+1","floor":2.0},{"not_picked":["VoidDream","DespairKnight","Murderer"],"picked":"Singing Bowl","floor":5.0},{"not_picked":["LittleHelper","OSAHOGD"],"picked":"CrumblingArmor","floor":5.0},{"not_picked":["hermit:Desperado","hermit:CalledShot","hermit:NoHoldsBarred"],"picked":"SKIP","floor":5.0},{"not_picked":["hermit:Desperado","hermit:CalledShot","hermit:NoHoldsBarred"],"picked":"SKIP","floor":5.0},{"not_picked":["WallGazer","Wellcheers","OldLady"],"picked":"Singing Bowl","floor":6.0},{"not_picked":["hermit:ItchyTrigger","hermit:TrackingShot","hermit:Shortfuse"],"picked":"SKIP","floor":6.0},{"not_picked":["MHz","ShyLook"],"picked":"WhitesApple","floor":7.0},{"not_picked":["hermit:HoleUp","hermit:Horror","hermit:Shortfuse"],"picked":"SKIP","floor":7.0},{"not_picked":["hermit:Glare","hermit:HighNoon"],"picked":"hermit:OverwhelmingPower","floor":10.0},{"not_picked":["FairyFestival","MHz"],"picked":"GreedKing","floor":10.0},{"not_picked":["PunishingBird","DreamingCurrent","Bloodbath"],"picked":"Singing Bowl","floor":14.0},{"not_picked":["hermit:CalledShot","hermit:HighCaliber"],"picked":"hermit:Spite","floor":14.0},{"not_picked":["hermit:Roughhouse","hermit:Gambit"],"picked":"hermit:FromBeyond","floor":16},{"not_picked":["Scorched","UniverseFragment","GalaxyChild"],"picked":"Singing Bowl","floor":16},{"not_picked":["GalaxyChild","NakedNest"],"picked":"BodiesMountain","floor":18},{"not_picked":["hermit:Manifest","hermit:TakeCover","hermit:ItchyTrigger"],"picked":"SKIP","floor":18},{"not_picked":["Alriune","MHz","Scorched"],"picked":"Singing Bowl","floor":20},{"not_picked":["FairyFestival","QueenBee"],"picked":"Variant","floor":20},{"not_picked":["hermit:GoldenBullet","hermit:Horror","hermit:Misfire"],"picked":"SKIP","floor":20},{"not_picked":["hermit:Ricochet","hermit:Brawl"],"picked":"hermit:ShadowCloak","floor":21},{"not_picked":["hermit:BlackWind","hermit:PistolWhip"],"picked":"hermit:Deadeye","floor":21},{"not_picked":["BlackArmy","RedShoes","ShyLook"],"picked":"Singing Bowl","floor":22},{"not_picked":["hermit:LuckOfTheDraw","hermit:GoldenBullet","hermit:Headshot"],"picked":"SKIP","floor":22},{"not_picked":["hermit:WideOpen","hermit:Midnight"],"picked":"hermit:EternalForm","floor":23},{"not_picked":["Scarecrow","Bloodbath","UniverseFragment"],"picked":"Singing Bowl","floor":23},{"not_picked":["ShyLook","CherryBlossoms","SilentOrchestra"],"picked":"Singing Bowl","floor":25},{"not_picked":["hermit:Malice","hermit:LoneWolf","hermit:Desperado"],"picked":"SKIP","floor":25},{"not_picked":["Murderer","Freischutz","LaLuna"],"picked":"Singing Bowl","floor":27},{"not_picked":["hermit:Glare","hermit:DeadMansHand","hermit:Dissolve"],"picked":"SKIP","floor":27},{"not_picked":["hermit:Coalescence","hermit:Deadeye+1"],"picked":"hermit:Misfire+1","floor":28},{"not_picked":["Funeral","LaLuna","BigBird"],"picked":"Singing Bowl","floor":28},{"not_picked":["hermit:LuckOfTheDraw","hermit:Roulette+1"],"picked":"hermit:Determination","floor":29},{"not_picked":["Alriune","Scorched","QueenOfHatred"],"picked":"Singing Bowl","floor":29},{"not_picked":["Scarecrow","SilentOrchestra","Laetitia"],"picked":"Singing Bowl","floor":30},{"not_picked":["hermit:WideOpen+1","hermit:Midnight","hermit:Roulette"],"picked":"SKIP","floor":30},{"not_picked":["OSAHOGD","SpiderBud","QueenOfHatred"],"picked":"Singing Bowl","floor":31},{"not_picked":["hermit:Determination+1","hermit:Quickdraw","hermit:Snipe"],"picked":"SKIP","floor":31}],"player_experience":207039,"relics_obtained":[{"floor":1.0,"key":"LetterFromLob"},{"floor":6.0,"key":"Kunai"},{"floor":10.0,"key":"CaptainsWheel"},{"floor":23,"key":"FossilizedHelix"},{"floor":25,"key":"Shuriken"},{"floor":26,"key":"White Beast Statue"},{"floor":27,"key":"Centennial Puzzle"},{"floor":30,"key":"hermit:Spyglass"}],"event_choices":[{"damage_healed":0.0,"max_hp_gain":0.0,"max_hp_loss":0.0,"gold_gain":0.0,"event_name":"betterMatch:BetterMatch","player_choice":"2","floor":2.0,"gold_loss":0.0,"damage_taken":0.0,"cards_obtained":["betterMatch:RareCard"]}],"is_beta":true,"boss_relics":[{"not_picked":["SacredBark","REME_LowDesire"],"picked":"Cursed Key"}],"items_purged_floors":[12],"is_endless":false,"potions_floor_spawned":[3,6,10,14,20,25,27,28,29,30,31],"killed_by":"Gensokyo:Eternal_Rivals","ascension_level":1}}