{"host":"362zhnvmfmhc3u7b","time":1611627562,"event":{"mods":["BaseMod","Colored Powertips","Downfall","Minty Spire (QoL Compilation)","Quick Restart","Rare Cards Sparkle","StSLib"],"gold_per_floor":[199,214,214,225,235,260,260,260,160,192,192,206,206,206,218,319,319,219,232,232,100,118,118,144,44,61,175,192,169,169,187,197,302,302,302,320,171,171,171,171,171,181,199,213,225,239,239,272,290,290,290,290],"floor_reached":50,"language":"ENG","playtime":4561,"items_purged":[],"score":561,"play_id":"af154e87-4834-47b2-b37c-44bffdcf2b60","local_time":"20210125211922","is_ascension_mode":false,"campfire_choices":[{"floor":1.0,"key":"RECALL"},{"data":"champ:StanceDance","floor":9.0,"key":"SMITH"},{"floor":11.0,"key":"REST"},{"data":"champ:SwordThrow","floor":13.0,"key":"SMITH"},{"data":"champ:FlashCut","floor":18.0,"key":"SMITH"},{"data":"champ:Duel","floor":25.0,"key":"SMITH"},{"data":"champ:GladiatorForm","floor":35,"key":"SMITH"},{"data":"champ:Lariat","floor":40,"key":"SMITH"},{"data":"champ:FancyFootwork","floor":47,"key":"SMITH"}],"circlet_count":0,"master_deck":["champ:Defend","champ:Defend","champ:Defend","champ:Defend","champ:Execute","champ:Taunt","champ:StanceDance+1","champ:GutPunch","champ:FlashCut+1","champ:FaceSlap+1","champ:PreciseThrust","champ:SwordThrow+1","champ:Encircle","champ:DancingMaster","champ:Duel+1","champ:DeathBlow+1","champ:TornadoPunch","champ:StanceDance","champ:Circumvent","champ:CalledShot+1","champ:Duel+1","champ:EnGarde","champ:ShieldSlam+1","champ:EnGarde","Bite","Bite","Bite","Bite","Bite","champ:Lariat+1","champ:Shatter+1","champ:GladiatorForm+1","champ:FancyFootwork+1","champ:IronFortress","champ:TripleStrike"],"relics":["champ:ChampionCrown","Peace Pipe","Torii","downfall:HeartBlessingRed","PreservedInsect","Sozu","downfall:HeartBlessingGreen","Bag of Marbles","downfall:HeartBlessingBlue","Omamori","Busted Crown","Smiling Mask","Toxic Egg 2","Potion Belt"],"acts_visited":["Exordium","TheCity","TheBeyond"],"potions_floor_usage":[],"damage_taken":[{"damage":5.0,"enemies":"2 Louse","floor":2.0,"turns":5.0},{"damage":17.0,"enemies":"Small Slimes","floor":4.0,"turns":5.0},{"damage":0.0,"enemies":"Cultist","floor":5.0,"turns":3.0},{"damage":39.0,"enemies":"Gremlin Nob","floor":6.0,"turns":4.0},{"damage":35.0,"enemies":"3 Sentries","floor":10.0,"turns":7.0},{"damage":1.0,"enemies":"Blue Slaver","floor":12.0,"turns":3.0},{"damage":0.0,"enemies":"Exordium Wildlife","floor":15.0,"turns":1.0},{"damage":38.0,"enemies":"DF_ARCHETYPE_STREAMLINE","floor":16.0,"turns":9.0},{"damage":16.0,"enemies":"3 Byrds","floor":19.0,"turns":4.0},{"damage":10.0,"enemies":"downfall:FleeingMerchant","floor":21.0,"turns":4.0},{"damage":22.0,"enemies":"Sentry and Sphere","floor":22.0,"turns":4.0},{"damage":37.0,"enemies":"Centurion and Healer","floor":26.0,"turns":5.0},{"damage":15.0,"enemies":"downfall:FleeingMerchant","floor":27.0,"turns":3.0},{"damage":0,"enemies":"Book of Stabbing","floor":28,"turns":4},{"damage":15,"enemies":"Snecko","floor":31,"turns":4},{"damage":42,"enemies":"3 Cultists","floor":32,"turns":3},{"damage":100,"enemies":"SI_MIRROR_ARCHETYPE","floor":33,"turns":13},{"damage":16,"enemies":"3 Shapes","floor":36,"turns":2},{"damage":1,"enemies":"Orb Walker","floor":42,"turns":3},{"damage":14,"enemies":"Spire Growth","floor":43,"turns":5},{"damage":33,"enemies":"4 Shapes","floor":44,"turns":6},{"damage":26,"enemies":"Jaw Worm Horde","floor":45,"turns":4},{"damage":48,"enemies":"Writhing Mass","floor":46,"turns":4},{"damage":76,"enemies":"Nemesis","floor":48,"turns":5},{"damage":10,"enemies":"4 Shapes","floor":49,"turns":5},{"damage":38,"enemies":"WA_ARCHETYPE_DIVINITY","floor":50,"turns":5}],"seed_played":"-1146230564172471849","potions_obtained":[{"floor":5.0,"key":"Fire Potion"},{"floor":6.0,"key":"PowerPotion"},{"floor":15.0,"key":"Block Potion"}],"is_trial":false,"path_per_floor":["R","M","?","M","M","E","T","?","R","E","R","M","R","?","M","B",null,"R","M","?","$","M","T","T","R","M","$","E","$","?","M","M","B",null,"R","M","$","?","T","R","T","M","M","M","M","M","R","E","M","B"],"character_chosen":"THE_CHAMP","items_purchased":["champ:TornadoPunch","champ:StanceDance","champ:Circumvent","Omamori","champ:EnGarde","champ:EnGarde","champ:FancyFootwork","champ:IronFortress"],"campfire_rested":1,"item_purchase_floors":[21,21,21,27,27,29,37,37],"current_hp_per_floor":[90,90,95,93,93,74,74,62,62,42,70,69,69,69,69,51,95,95,89,89,89,87,87,87,97,90,90,90,90,73,73,67,22,73,73,72,72,72,72,72,72,71,61,64,71,65,65,24,30,0,0,0],"gold":290,"neow_bonus":"HUNDRED_GOLD","is_daily":false,"chose_seed":false,"campfire_upgraded":7,"win_rate":0.0,"timestamp":1611627562,"path_taken":["R","M","?","M","M","E","T","?","R","E","R","M","R","?","M","BOSS","R","?","?","$","M","?","T","R","M","$","E","$","?","M","M","BOSS","R","M","$","?","?","R","T","M","M","M","M","M","R","E","M","BOSS"],"items_purchased_type":["Card","Card","Card","Relic","Card","Card","Card","Card"],"build_version":"2020-12-22","purchased_purges":0,"victory":false,"max_hp_per_floor":[90,90,95,95,95,95,95,95,95,95,95,95,95,95,95,95,95,95,95,95,95,95,95,95,105,105,105,105,105,73,73,73,73,73,73,73,73,73,73,73,73,73,73,73,73,73,73,73,73,73,73,73],"card_choices":[{"not_picked":["champ:Endure","champ:IronFortress"],"picked":"champ:StanceDance","floor":2.0},{"not_picked":["champ:BerserkersShout","champ:DeathBlow"],"picked":"champ:GutPunch","floor":4.0},{"not_picked":["champ:BringItOn","champ:FanOfKnives"],"picked":"champ:FlashCut","floor":5.0},{"not_picked":["champ:CrownThrow","champ:FlashCut"],"picked":"champ:FaceSlap","floor":6.0},{"not_picked":["champ:EnGarde","champ:FaceSlap"],"picked":"champ:PreciseThrust","floor":10.0},{"not_picked":["champ:SkillfulDodge","champ:BerserkersShout"],"picked":"champ:SwordThrow","floor":12.0},{"not_picked":["champ:Haymaker","champ:Circumvent"],"picked":"champ:Encircle","floor":15.0},{"not_picked":["champ:Devastate","champ:SwordThrow"],"picked":"champ:DancingMaster","floor":16.0},{"not_picked":["champ:GutPunch+1","champ:GladiatorStyle"],"picked":"champ:Duel","floor":19.0},{"not_picked":["champ:EnGarde","champ:AdrenalArmor"],"picked":"champ:DeathBlow+1","floor":21.0},{"not_picked":["champ:BerserkersShout","champ:PreemptiveStrike+1"],"picked":"champ:CalledShot+1","floor":22.0},{"not_picked":["champ:DefensiveShout","champ:DeathBlow"],"picked":"champ:Duel+1","floor":26.0},{"not_picked":["champ:FlashCut","champ:PreciseThrust"],"picked":"champ:ShieldSlam+1","floor":28},{"not_picked":["champ:CrownThrow","champ:MurderStrike"],"picked":"champ:Lariat","floor":31},{"not_picked":["champ:PreciseThrust+1","champ:BringItOn"],"picked":"champ:Shatter+1","floor":32},{"not_picked":["champ:IgnorePain","champ:CheapShot"],"picked":"champ:GladiatorForm","floor":33},{"not_picked":["champ:BladeFlurry+1"],"picked":"SKIP","floor":36},{"not_picked":["champ:Shatter+1"],"picked":"SKIP","floor":42},{"not_picked":["champ:FalseCounter+1"],"picked":"SKIP","floor":43},{"not_picked":["champ:CalledShot+1"],"picked":"SKIP","floor":44},{"not_picked":["champ:SetATrap+1"],"picked":"SKIP","floor":45},{"not_picked":["champ:PreciseThrust"],"picked":"SKIP","floor":46},{"not_picked":[],"picked":"champ:TripleStrike","floor":48},{"not_picked":["champ:BladeFlurry+1"],"picked":"SKIP","floor":49}],"player_experience":1805799,"relics_obtained":[{"floor":6.0,"key":"Peace Pipe"},{"floor":7.0,"key":"Torii"},{"floor":10.0,"key":"PreservedInsect"},{"floor":24.0,"key":"Bag of Marbles"},{"floor":39,"key":"Smiling Mask"},{"floor":41,"key":"Toxic Egg 2"},{"floor":48,"key":"Potion Belt"}],"event_choices":[{"damage_healed":0.0,"max_hp_gain":5.0,"max_hp_loss":0.0,"gold_gain":0.0,"event_name":"Big Fish","player_choice":"Donut","floor":3.0,"gold_loss":0.0,"damage_taken":0.0},{"damage_healed":0.0,"max_hp_gain":0.0,"max_hp_loss":0.0,"gold_gain":0.0,"event_name":"Scrap Ooze","player_choice":"Fled","floor":8.0,"gold_loss":0.0,"damage_taken":12.0},{"damage_healed":0.0,"max_hp_gain":0.0,"max_hp_loss":0.0,"gold_gain":0.0,"event_name":"Accursed Blacksmith","player_choice":"Forge","floor":14.0,"gold_loss":0.0,"damage_taken":0.0,"cards_upgraded":["champ:FaceSlap"]},{"damage_healed":0,"gold_gain":0,"player_choice":"Became a vampire","damage_taken":0,"max_hp_gain":0,"max_hp_loss":32,"event_name":"Vampires","floor":30,"gold_loss":0,"cards_obtained":["Bite","Bite","Bite","Bite","Bite"]}],"is_beta":false,"boss_relics":[{"not_picked":["Calling Bell","Tiny House"],"picked":"Sozu"},{"not_picked":["Runic Dome","Pandora\u0027s Box"],"picked":"Busted Crown"}],"items_purged_floors":[],"is_endless":false,"potions_floor_spawned":[5,6,15,19,26,31,42,43,48],"killed_by":"WA_ARCHETYPE_DIVINITY","ascension_level":0}}