{"host":"flash","time":1611663320,"event":{"mods":["ATMod(°¢èªMod)","Act Like it!","BaseMod","Jorbs\u0027s Wanderer Trilogy","Luminous","Minty Spire (QoL Compilation)","Shop Mod","StSLib","Td1madao Mod","[IsaacMod]ÒÔÈö¼âËþ"],"gold_per_floor":[115,127,127,48,48,89,89,214,214,253,274,294,294,294,294,387,387,407,421,471,471,486,486,486,510,583,646,561,680,680,751,751,921,921,969,969,1302,1397,1397,1456,1510,1545,1545,1545,1700,1700,1700,1959,1959,2209],"floor_reached":51,"language":"ZHS","playtime":1578,"items_purged":["Strike_P","Strike_P","Defend_P","Defend_P","Strike_P"],"score":1800,"play_id":"1490e80f-003f-4c5d-b39f-32dcb2dff967","local_time":"20210126201520","is_ascension_mode":true,"campfire_choices":[{"data":"AT_RealColorLess","floor":7.0,"key":"SMITH"},{"data":"EpicFetus","floor":13.0,"key":"SMITH"},{"data":"Apotheosis","floor":15.0,"key":"SMITH"},{"floor":23.0,"key":"REST"},{"floor":32,"key":"REST"},{"floor":44,"key":"REST"},{"floor":49,"key":"RECALL"}],"circlet_count":0,"master_deck":["AscendersBane","Strike_P+1","Defend_P","Defend_P+1","Eruption","Vigilance+1","AT_RealColorLess+1","EpicFetus+1","FlurryOfBlows+1","TalkToTheHand+1","Consecrate+1","InnerPeace+1","Apotheosis+1","AT_ChampionKick+1","LessonLearned+1","Adaptation+1","Weave+1","MentalFortress+1","Omniscience","Fasting2","AT_RealFormLess+1","SpiritShield"],"relics":["PureWater","AT_ATBox","HushsDoor","SteamSale","NeowsBlessing","Membership Card","FossilizedHelix","PreservedInsect","AT_RedTearstoneRing","TheBible","BookOfRevelations","Melange","Juzu Bracelet","Gremlin Horn","Sozu","MutagenicStrength","OrangePellets","Orichalcum","Centennial Puzzle","Letter Opener","TeardropLocket","AT_MibuBalloonWealth","AT_BladeRuinedKing","SharpPlug","Fusion Hammer","NineVolt","Bag of Marbles","Bronze Scales","Meat on the Bone","AT_TheCollector","GnawedLeaf","Pear","Kunai","Orrery","Lantern","MealTicket"],"acts_visited":["Exordium","TheCity","TheBeyond"],"potions_floor_usage":[29],"damage_taken":[{"damage":0.0,"enemies":"Cultist","floor":1.0,"turns":2.0},{"damage":0.0,"enemies":"Jaw Worm","floor":2.0,"turns":1.0},{"damage":0.0,"enemies":"Gremlin Nob","floor":6.0,"turns":1.0},{"damage":7.0,"enemies":"3 Sentries","floor":10.0,"turns":3.0},{"damage":0.0,"enemies":"2 Louse","floor":11.0,"turns":1.0},{"damage":0.0,"enemies":"2 Fungi Beasts","floor":12.0,"turns":3.0},{"damage":0.0,"enemies":"Slime Boss","floor":16.0,"turns":4.0},{"damage":0.0,"enemies":"2 Thieves","floor":18.0,"turns":3.0},{"damage":16.0,"enemies":"Spheric Guardian","floor":19.0,"turns":4.0},{"damage":16.0,"enemies":"Snake Plant","floor":22.0,"turns":2.0},{"damage":0.0,"enemies":"Centurion and Healer","floor":25.0,"turns":4.0},{"damage":0.0,"enemies":"Hiden Room Battle","floor":27.0,"turns":3.0},{"damage":14,"enemies":"Slavers","floor":29,"turns":3},{"damage":0,"enemies":"Sentry and Sphere","floor":31,"turns":3},{"damage":8,"enemies":"Automaton","floor":33,"turns":4},{"damage":0,"enemies":"Orb Walker","floor":35,"turns":2},{"damage":0,"enemies":"3 Shapes","floor":38,"turns":2},{"damage":0,"enemies":"Maw","floor":40,"turns":3},{"damage":14,"enemies":"Nemesis","floor":41,"turns":3},{"damage":0,"enemies":"Transient","floor":42,"turns":3},{"damage":0,"enemies":"Giant Head","floor":45,"turns":3},{"damage":0,"enemies":"Reptomancer","floor":48,"turns":3},{"damage":11,"enemies":"Donu and Deca","floor":50,"turns":8}],"seed_played":"517476046172343406","potions_obtained":[{"floor":2.0,"key":"StancePotion"},{"floor":16.0,"key":"PowerPotion"}],"is_trial":false,"path_per_floor":["M","M","?","$","?","E","R","?","T","E","M","M","R","$","R","B",null,"M","M","?","?","M","R","$","M","T","?","?","E","?","M","R","B",null,"M","?","?","M","$","M","E","M","T","R","E","T","$","E","R","B",null],"character_chosen":"WATCHER","items_purchased":["Membership Card","FossilizedHelix","PreservedInsect","Fire Potion","Consecrate","Melange","Juzu Bracelet","Gremlin Horn","Apotheosis","Regen Potion","LessonLearned","OrangePellets","Orichalcum","Centennial Puzzle","MentalFortress","NineVolt","Bag of Marbles","Bronze Scales","Kunai","Orrery","Lantern"],"campfire_rested":3,"item_purchase_floors":[4,4,4,4,4,14,14,14,14,14,17,24,24,24,24,39,39,39,47,47,47],"current_hp_per_floor":[61,61,38,38,43,43,43,43,43,36,36,36,36,36,36,48,64,64,48,48,48,32,52,52,52,52,52,52,38,38,38,58,50,64,64,64,64,64,64,64,50,50,50,66,66,76,76,76,76,65],"gold":2209,"neow_bonus":"THREE_ENEMY_KILL","is_daily":false,"chose_seed":false,"campfire_upgraded":3,"win_rate":0.0,"timestamp":1611663320,"path_taken":["M","?","?","$","?","E","R","?","T","E","M","?","R","$","R","BOSS","M","M","?","?","M","R","$","M","T","?","?","E","?","M","R","BOSS","M","?","?","M","$","M","E","M","T","R","E","?","$","E","R","BOSS"],"items_purchased_type":["Relic","Relic","Relic","Potion","Card","Relic","Relic","Relic","Card","Potion","Card","Relic","Relic","Relic","Card","Relic","Relic","Relic","Relic","Relic","Relic"],"build_version":"2020-12-18","purchased_purges":5,"victory":true,"max_hp_per_floor":[68,68,68,68,73,73,73,73,73,73,73,73,73,73,73,73,69,69,69,69,69,69,69,69,69,69,69,69,69,69,69,69,69,69,69,66,66,66,66,66,66,66,66,66,66,76,76,76,76,76],"card_choices":[{"not_picked":[],"picked":"EpicFetus","floor":0.0},{"not_picked":["JustLucky","EmptyBody"],"picked":"FlurryOfBlows","floor":1.0},{"not_picked":["ReachHeaven","CutThroughFate"],"picked":"TalkToTheHand","floor":2.0},{"not_picked":["ClearTheMind","Pray","Nirvana"],"picked":"SKIP","floor":6.0},{"not_picked":["WheelKick","JustLucky"],"picked":"InnerPeace","floor":10.0},{"not_picked":["Study","Evaluate"],"picked":"Bomb","floor":11.0},{"not_picked":["Consecrate","FollowUp","InnerPeace"],"picked":"SKIP","floor":12.0},{"not_picked":["Judgement","ConjureBlade"],"picked":"AT_ChampionKick","floor":16.0},{"not_picked":["AT_OneInchPunch","CutThroughFate"],"picked":"Adaptation+1","floor":18.0},{"not_picked":["Pray","SashWhip","CutThroughFate"],"picked":"SKIP","floor":19.0},{"not_picked":["Consecrate","AT_SoftenMuscles"],"picked":"Weave","floor":22.0},{"not_picked":["CrushJoints","Consecrate"],"picked":"Omniscience","floor":25.0},{"not_picked":["EmptyFist","Consecrate","Establishment"],"picked":"SKIP","floor":29},{"not_picked":["PathToVictory","FlurryOfBlows+1","Halt"],"picked":"SKIP","floor":31},{"not_picked":["EmptyBody","WindmillStrike+1","EmptyFist"],"picked":"SKIP","floor":35},{"not_picked":["BattleHymn","AT_DivineConfetti","JustLucky+1"],"picked":"SKIP","floor":38},{"not_picked":["CrushJoints","SashWhip","Fasting2"],"picked":"SKIP","floor":40},{"not_picked":["TalkToTheHand","Omniscience","FollowUp"],"picked":"SKIP","floor":41},{"not_picked":["Crescendo","Worship+1","SashWhip"],"picked":"SKIP","floor":42},{"not_picked":["LikeWater","SignatureMove"],"picked":"AT_RealFormLess+1","floor":45},{"not_picked":["FollowUp","ThirdEye+1"],"picked":"SpiritShield","floor":47},{"not_picked":["ForeignInfluence","AT_ChampionKick","Pray"],"picked":"SKIP","floor":48}],"player_experience":664624,"relics_obtained":[{"floor":6.0,"key":"AT_RedTearstoneRing"},{"floor":9.0,"key":"TheBible"},{"floor":10.0,"key":"BookOfRevelations"},{"floor":26.0,"key":"Letter Opener"},{"floor":27.0,"key":"TeardropLocket"},{"floor":27.0,"key":"AT_MibuBalloonWealth"},{"floor":29,"key":"SharpPlug"},{"floor":41,"key":"Meat on the Bone"},{"floor":43,"key":"AT_TheCollector"},{"floor":45,"key":"GnawedLeaf"},{"floor":46,"key":"Pear"},{"floor":48,"key":"MealTicket"}],"event_choices":[{"damage_healed":0.0,"max_hp_gain":0.0,"max_hp_loss":0.0,"gold_gain":0.0,"event_name":"Golden Idol","player_choice":"Take Damage","floor":3.0,"gold_loss":0.0,"damage_taken":23.0,"relics_obtained":["Golden Idol"]},{"damage_healed":0.0,"max_hp_gain":5.0,"max_hp_loss":0.0,"gold_gain":0.0,"event_name":"Big Fish","player_choice":"Donut","floor":5.0,"gold_loss":0.0,"damage_taken":0.0},{"damage_healed":0.0,"max_hp_gain":0.0,"max_hp_loss":0.0,"gold_gain":50.0,"event_name":"Nest","player_choice":"Stole From Cult","floor":20.0,"gold_loss":0.0,"damage_taken":0.0},{"damage_healed":0.0,"max_hp_gain":0.0,"max_hp_loss":0.0,"gold_gain":0.0,"event_name":"Drug Dealer","player_choice":"Inject Mutagens","floor":21.0,"gold_loss":0.0,"damage_taken":0.0,"relics_obtained":["MutagenicStrength"]},{"damage_healed":0.0,"max_hp_gain":0.0,"max_hp_loss":0.0,"gold_gain":0.0,"event_name":"HidenRoomEvent","player_choice":"Fight","floor":27.0,"gold_loss":0.0,"damage_taken":0.0},{"damage_healed":0.0,"max_hp_gain":0.0,"max_hp_loss":0.0,"gold_gain":0.0,"event_name":"Addict","player_choice":"Obtained Relic","floor":28.0,"gold_loss":85.0,"damage_taken":0.0,"relics_obtained":["AT_BladeRuinedKing"]},{"damage_healed":0,"gold_gain":0,"player_choice":"Read","damage_taken":0,"max_hp_gain":0,"max_hp_loss":0,"event_name":"The Library","floor":30,"gold_loss":0,"cards_obtained":["Fasting2"]},{"damage_healed":0,"gold_gain":0,"player_choice":"Max HP","damage_taken":0,"max_hp_gain":0,"max_hp_loss":3,"event_name":"Winding Halls","floor":36,"gold_loss":0},{"damage_healed":0,"gold_gain":333,"player_choice":"Gave Idol","damage_taken":0,"max_hp_gain":0,"max_hp_loss":0,"event_name":"The Moai Head","floor":37,"relics_lost":["Golden Idol"],"gold_loss":0}],"is_beta":true,"boss_relics":[{"not_picked":["Calling Bell","SacredBark"],"picked":"Sozu"},{"not_picked":[]},{"not_picked":["VioletLotus","Busted Crown"],"picked":"Fusion Hammer"},{"not_picked":[]}],"items_purged_floors":[4,14,24,39,47],"is_endless":false,"potions_floor_spawned":[2,6,12,16,19,25,38,41,48],"ascension_level":16}}