{"host":"1qxljlv0g0hslid3","time":1611660705,"event":{"mods":["2.2 Compatiblity","AchievementEnabler","Act Like it!","Astrologer","BaseMod","Beaked The Cultist","BetterRewards","Clawfect","Conspire","Custom Start","Dio Mod","Elementarium","Energized Spire","Gensokyo","GungeonMod","Hallownest","Hermit","Hero for Fun","Hubris","Infinite Spire","Jorbs\u0027s Wanderer Trilogy","LagranYue(???·?)","Lobotomy","LobotomyExtend","Magitek Elite","Marisa????????","Minty Spire (QoL Compilation)","Prisma Mod","Random Character Button","Remilia??????","Replay The Spire","Shade Mod","Shop Mod","StSLib","The Administrix","The Alterego","The Animator","The Bladedancer","The Bug Knight","The Cursed","The Death Knight","The Elementalist","The Hierophant","The Jungle","The Mystic","The Necromancer","The Runesmith","The Saiyan","The Senshi","The Servant 0.9.4","TheSwordswoman","Wandering Minibosses","everything is the same but u backflip on backflip","slay the spire mod where everything is the same but ironclad has a cowboy hat"],"gold_per_floor":[219,319,339,339,141,166,166,199,199,199,213,213,248,262,262,383,383,408,408,421,435,453,453,453,796,821,854,854,854,872,872,915,939,939,1060,1060],"floor_reached":18,"language":"ENG","playtime":1346,"items_purged":[],"score":518,"play_id":"d185a0e3-ddf0-45c1-a89b-1be7d53f4c81","local_time":"20210126053145","is_ascension_mode":true,"campfire_choices":[{"data":"Summon_Vampire_Lady","floor":7,"key":"SMITH"},{"data":"Summon_Lich","floor":10,"key":"SMITH"},{"data":"Summon_Undead","floor":15,"key":"SMITH"},{"data":"Bone_Shift","floor":12,"key":"SMITH"},{"data":"Bone_Shift","floor":15,"key":"SMITH"}],"circlet_count":0,"master_deck":["Strike_W","Strike_W","Strike_W","Defend_W","Defend_W","Defend_W","Defend_W","Negative_Energy_Arrows","Bone_Wall+1","Summon_Undead+1","Finger_Of_Death+1","Summon_Lich+1","Summon_Lich+1","Summon_Vampire_Lady+1","Bone_Shift+1","Bone_Shift+1","Skeleton_Dragon"],"relics":["Vampire_Amulet","LagranYue:RandomDrawCardRelic","Replay:Rubber Ducky","hubris:Zylophone","hubris:BottledRain","TungstenRod","Golden Idol","DemoMod:DecoyRelic","hubris:RunicObelisk","Vajra","hubris:Stopwatch","Heaven_r","LetterFromLob","hubris:Icosahedron","Old Coin","DemoMod:GlassGuonStoneRelic","Toy Ornithopter","Garlic","LagranYue:SoulBurningRelic","Gambling Chip"],"acts_visited":["Exordium","Elementarium:Elementarium"],"potions_floor_usage":[],"damage_taken":[{"damage":6,"enemies":"2 Louse","floor":1,"turns":4},{"damage":0,"enemies":"Cultist","floor":3,"turns":3},{"damage":20,"enemies":"Gremlin Nob","floor":6,"turns":5},{"damage":2,"enemies":"3 Sentries","floor":8,"turns":5},{"damage":0,"enemies":"Small Slimes","floor":11,"turns":3},{"damage":3,"enemies":"Lagavulin","floor":13,"turns":7},{"damage":0,"enemies":"2 Fungi Beasts","floor":14,"turns":3},{"damage":24,"enemies":"The Guardian","floor":16,"turns":12},{"damage":0,"enemies":"Elementarium:2_ELEMENTALS","floor":18,"turns":4},{"damage":0,"enemies":"Elementarium:Cyclone","floor":20,"turns":4},{"damage":0,"enemies":"Jaw Worm","floor":1,"turns":3},{"damage":0,"enemies":"2 Louse","floor":2,"turns":1},{"damage":0,"enemies":"Cultist","floor":3,"turns":3},{"damage":4,"enemies":"Lagavulin","floor":6,"turns":4},{"damage":0,"enemies":"3 Louse","floor":7,"turns":2},{"damage":0,"enemies":"3 Sentries","floor":8,"turns":2},{"damage":0,"enemies":"2 Fungi Beasts","floor":11,"turns":2},{"damage":0,"enemies":"Lagavulin","floor":13,"turns":5},{"damage":0,"enemies":"Exordium Wildlife","floor":14,"turns":2},{"damage":0,"enemies":"The Guardian","floor":16,"turns":8}],"seed_played":"7332742995863316173","potions_obtained":[{"floor":13,"key":"Elixir"},{"floor":16,"key":"Elixir"},{"floor":18,"key":"Energy Potion"}],"is_trial":false,"path_per_floor":["M","?","M","?","$","E","R","E","T","R","M","?","E","M","R","B",null,"M","AVR","M","M","M","M","?","?","E","M","E","T","AVR","M","R","E","M","R","B",null,null],"character_chosen":"NECROMANCER","items_purchased":["Summon_Lich","Replay:Rubber Ducky"],"campfire_rested":0,"item_purchase_floors":[5,5],"current_hp_per_floor":[73,73,75,75,75,57,57,67,67,67,74,69,69,69,69,69,69,69,69,69,69,69,69,64,65,69,69,69,69,69,69,69,69,69,69,69],"gold":1060,"neow_bonus":"HUNDRED_GOLD","is_daily":false,"chose_seed":false,"campfire_upgraded":5,"win_rate":0.0,"timestamp":1611660705,"path_taken":["M","?","?","?","$","E","R","E","T","R","M","?","E","M","R","BOSS","M","AVR","M","M","M","M","?","?","E","M","E","T","AVR","M","R","E","M","R","BOSS"],"items_purchased_type":["Card","Relic"],"build_version":"2020-12-22","purchased_purges":0,"victory":true,"max_hp_per_floor":[75,75,75,75,75,75,75,75,75,75,75,69,69,69,69,69,69,69,69,69,69,69,69,69,69,69,69,69,69,69,69,69,69,69,69,69],"card_choices":[{"not_picked":["Death_March_Dance","Corrupt"],"picked":"Summon_Undead","floor":1},{"not_picked":["Death_Coil","Plague_Bolt"],"picked":"Finger_Of_Death","floor":3},{"not_picked":["Bone_Prison","Chill_Blood"],"picked":"Summon_Vampire_Lady","floor":6},{"not_picked":["Negative_Energy_Javelin","Pandemic","Scare"],"picked":"SKIP","floor":8},{"not_picked":["Chill_Blood","Negative_Energy_Bomb","Negative_Energy_Sphere"],"picked":"SKIP","floor":11},{"not_picked":["Bones_to_Steel","Bone_Prison","Life_Drain"],"picked":"SKIP","floor":13},{"not_picked":["Bone_Spikes","Epidemic","Spectral_Walk"],"picked":"SKIP","floor":14},{"not_picked":["Pandemic","Chill_Blood","Shackles_Of_Pain+1"],"picked":"SKIP","floor":18},{"not_picked":["Stop_Heart","Necrotic_Claws","Death_Coil"],"picked":"SKIP","floor":1},{"not_picked":["Life_Tap","Chill_Blood","Negative_Energy_Javelin"],"picked":"SKIP","floor":2},{"not_picked":["Shackles_Of_Pain","Bone_Armor","Blood_Whip"],"picked":"SKIP","floor":3},{"not_picked":["Corrupt","Death_Coil","Vampiric_Strike"],"picked":"SKIP","floor":6},{"not_picked":["Blood_Magic","Deaths_Shadow"],"picked":"Bone_Shift","floor":7},{"not_picked":["Bones_to_Steel","Bone_Spikes","Blood_Is_Power"],"picked":"SKIP","floor":8},{"not_picked":["Bones_to_Steel","Shackles_Of_Pain","Negative_Energy_Mist"],"picked":"SKIP","floor":11},{"not_picked":["Bone_Armor","Negative_Energy_Shield","Blood_Magic"],"picked":"SKIP","floor":13},{"not_picked":["Violent_Necrosis","Shackles_Of_Pain"],"picked":"Bone_Shift","floor":14},{"not_picked":["Negative_Energy_Bomb","Blood_Magic"],"picked":"Skeleton_Dragon","floor":16}],"player_experience":631557,"relics_obtained":[{"floor":1,"key":"LetterFromLob"},{"floor":6,"key":"hubris:Zylophone"},{"floor":8,"key":"hubris:BottledRain"},{"floor":9,"key":"TungstenRod"},{"floor":13,"key":"DemoMod:DecoyRelic"},{"floor":1,"key":"LetterFromLob"},{"floor":6,"key":"Old Coin"},{"floor":8,"key":"Toy Ornithopter"},{"floor":9,"key":"Garlic"},{"floor":13,"key":"Gambling Chip"}],"event_choices":[{"damage_healed":0,"gold_gain":100,"player_choice":"Pray","damage_taken":0,"max_hp_gain":0,"max_hp_loss":0,"event_name":"Golden Shrine","floor":2,"gold_loss":0},{"damage_healed":0,"gold_gain":0,"player_choice":"Lose Max HP","damage_taken":0,"relics_obtained":["Golden Idol"],"max_hp_gain":0,"max_hp_loss":6,"event_name":"Golden Idol","floor":12,"gold_loss":0}],"is_beta":false,"boss_relics":[{"not_picked":["Replay:Ancient Bell","hubris:Backtick"],"picked":"hubris:RunicObelisk"}],"items_purged_floors":[],"is_endless":false,"potions_floor_spawned":[13,16,18,20,1,6,13,14,16],"ascension_level":1}}