{"host":"bbvmu6yleqps41w7","time":1611687539,"event":{"mods":["BaseMod","Colored Map","Colored Powertips","Downfall","Hermit","Marisa????????","Minty Spire (QoL Compilation)","StSLib","The Bug Knight","The Cursed","The Servant 0.9.4"],"gold_per_floor":[99,109,57,57,68,68,68,53,81,94,113,13,13,37,37,37,37,37],"floor_reached":16,"language":"ENG","playtime":1102,"items_purged":[],"score":100,"play_id":"cdadf4cb-e756-4d7a-ad92-6bba8bde8eb1","local_time":"20210126115859","is_ascension_mode":false,"campfire_choices":[{"data":"Slimebound:Split","floor":1,"key":"SMITH"},{"data":"Slimebound:DuplicatedForm","floor":12,"key":"SMITH"}],"circlet_count":0,"master_deck":["Slimebound:Strike_Slimebound","Slimebound:Strike_Slimebound","Slimebound:Tackle","Slimebound:Defend_Slimebound","Slimebound:Defend_Slimebound","Slimebound:Defend_Slimebound","Slimebound:Defend_Slimebound","Slimebound:Split+1","Slimebound:CorrosiveSpit","Slimebound:ProtectTheBoss","Slimebound:GoopTackle","Slimebound:Nibble","Slimebound:LeechEnergy","Slimebound:SlimeTap","Slimebound:RejuvenatingLick","Slimebound:DuplicatedForm+1","Slimebound:GoopSpray","Slimebound:RejuvenatingLick"],"relics":["Slimebound:AbsorbEndCombat","Unceasing Top","Bottled Tornado","downfall:HeartBlessingGreen","Ancient Tea Set","Odd Mushroom"],"acts_visited":["Exordium"],"potions_floor_usage":[14,15,16],"damage_taken":[{"damage":1,"enemies":"Cultist","floor":2,"turns":3},{"damage":3,"enemies":"downfall:FleeingMerchant","floor":3,"turns":4},{"damage":12,"enemies":"Jaw Worm","floor":5,"turns":3},{"damage":24,"enemies":"downfall:FleeingMerchant","floor":8,"turns":4},{"damage":9,"enemies":"Lagavulin","floor":9,"turns":7},{"damage":6,"enemies":"Small Slimes","floor":10,"turns":2},{"damage":0,"enemies":"3 Louse","floor":11,"turns":3},{"damage":15,"enemies":"The Mushroom Lair","floor":14,"turns":4},{"damage":0,"enemies":"2 Fungi Beasts","floor":15,"turns":1},{"damage":59,"enemies":"IC_STATUS_ARCHETYPE","floor":16,"turns":8}],"seed_played":"-7282223080027184335","potions_obtained":[{"floor":2,"key":"Block Potion"},{"floor":9,"key":"SmokeBomb"},{"floor":14,"key":"Slimebound:SlimyTonguePotion"}],"is_trial":false,"path_per_floor":["R","M","$","?","M","?","T","$","E","M","M","R","?","?","M","B"],"character_chosen":"SLIMEBOUND","items_purchased":["Slimebound:Nibble"],"campfire_rested":0,"item_purchase_floors":[3],"current_hp_per_floor":[71,71,71,71,61,61,61,43,42,40,48,48,36,44,44,0,0,0],"gold":37,"neow_bonus":"TEN_PERCENT_HP_BONUS","is_daily":false,"chose_seed":false,"campfire_upgraded":2,"win_rate":0.0,"timestamp":1611687539,"path_taken":["R","M","$","?","?","?","T","$","E","M","M","R","?","?","M","BOSS"],"items_purchased_type":["Card"],"build_version":"2020-12-22","purchased_purges":0,"victory":false,"max_hp_per_floor":[71,71,71,71,71,71,71,71,71,71,71,71,71,71,71,71,71,71],"card_choices":[{"not_picked":["Slimebound:SplitLeeching","Slimebound:ItLooksTasty"],"picked":"Slimebound:ProtectTheBoss","floor":2},{"not_picked":["Slimebound:DisruptingSlam","Slimebound:LeechingTouch"],"picked":"Slimebound:GoopTackle","floor":3},{"not_picked":["Slimebound:SplitLeeching","Slimebound:LeechingTouch"],"picked":"Slimebound:LeechEnergy","floor":5},{"not_picked":["Slimebound:SplitAcid","Slimebound:GoopSpray"],"picked":"Slimebound:SlimeTap","floor":8},{"not_picked":["Slimebound:DisruptingSlam","Slimebound:Dissolve"],"picked":"Slimebound:RejuvenatingLick","floor":9},{"not_picked":["Slimebound:LeechEnergy","Slimebound:HauntingLick"],"picked":"Slimebound:DuplicatedForm","floor":10},{"not_picked":["Slimebound:ProtectTheBoss","Slimebound:HauntingLick"],"picked":"Slimebound:GoopSpray","floor":11},{"not_picked":["Slimebound:PressTheAttack","Slimebound:LeechingTouch"],"picked":"Slimebound:RejuvenatingLick","floor":14}],"player_experience":594649,"relics_obtained":[{"floor":7,"key":"Unceasing Top"},{"floor":9,"key":"Bottled Tornado"},{"floor":14,"key":"Odd Mushroom"}],"event_choices":[{"damage_healed":0,"gold_gain":0,"player_choice":"Ignored","damage_taken":0,"max_hp_gain":0,"max_hp_loss":0,"event_name":"NoteForYourself","floor":4,"gold_loss":0},{"damage_healed":0,"gold_gain":0,"player_choice":"Success","damage_taken":12,"relics_obtained":["Ancient Tea Set"],"max_hp_gain":0,"max_hp_loss":0,"event_name":"Scrap Ooze","floor":13,"gold_loss":0},{"damage_healed":0,"gold_gain":0,"player_choice":"Fought Mushrooms","damage_taken":0,"max_hp_gain":0,"max_hp_loss":0,"event_name":"Mushrooms","floor":14,"gold_loss":0}],"is_beta":false,"boss_relics":[],"items_purged_floors":[],"is_endless":false,"potions_floor_spawned":[2,9,14],"killed_by":"IC_STATUS_ARCHETYPE","ascension_level":0}}