{"host":"agbyy69nq62afhwx","time":1611695534,"event":{"mods":["BaseMod","Colored Map","DeckTracker","Highlight Path","Keyboard Shortcuts","Minty Spire (QoL Compilation)","Quick Restart","StSLib","SuperFastMode","everything is the same but u backflip on backflip"],"gold_per_floor":[135,173,193,247,247,277,321,321,373,373,373,373,418,438,438,546,546,563,613,630,630,630],"floor_reached":21,"language":"KOR","playtime":563,"items_purged":[],"score":320,"play_id":"f81fe593-c992-4f8b-b18d-e3582ce92079","local_time":"20210127061214","is_ascension_mode":true,"campfire_choices":[{"floor":8.0,"key":"REST"},{"floor":11.0,"key":"REST"},{"data":"Perseverance","floor":15.0,"key":"SMITH"}],"circlet_count":0,"master_deck":["AscendersBane","Strike_P","Strike_P","Strike_P","Strike_P","Defend_P","Defend_P+1","Defend_P","Defend_P","Eruption+1","Vigilance","Wish+1","Consecrate","Wallop","FlurryOfBlows","ConjureBlade","FollowUp","Perseverance+1","Vengeance","Establishment","Evaluate"],"relics":["PureWater","PreservedInsect","Pen Nib","Smiling Mask","FaceOfCleric","Runic Pyramid"],"acts_visited":["Exordium","TheCity"],"potions_floor_usage":[21,21],"damage_taken":[{"damage":14.0,"enemies":"Cultist","floor":1.0,"turns":6.0},{"damage":10.0,"enemies":"2 Louse","floor":2.0,"turns":3.0},{"damage":0.0,"enemies":"Small Slimes","floor":3.0,"turns":2.0},{"damage":3.0,"enemies":"3 Sentries","floor":6.0,"turns":8.0},{"damage":12.0,"enemies":"2 Fungi Beasts","floor":7.0,"turns":4.0},{"damage":5.0,"enemies":"Red Slaver","floor":13.0,"turns":3.0},{"damage":5.0,"enemies":"Blue Slaver","floor":14.0,"turns":4.0},{"damage":24.0,"enemies":"Slime Boss","floor":16.0,"turns":6.0},{"damage":16.0,"enemies":"2 Thieves","floor":18.0,"turns":4.0},{"damage":24.0,"enemies":"3 Byrds","floor":19.0,"turns":6.0},{"damage":12.0,"enemies":"Shelled Parasite and Fungi","floor":20.0,"turns":6.0},{"damage":12,"enemies":"Masked Bandits","floor":21,"turns":1}],"seed_played":"7583026087144168987","potions_obtained":[{"floor":1.0,"key":"EntropicBrew"},{"floor":3.0,"key":"Energy Potion"},{"floor":6.0,"key":"Weak Potion"},{"floor":19.0,"key":"Regen Potion"}],"is_trial":false,"path_per_floor":["M","M","M","T","?","E","M","R","T","?","R","?","M","M","R","B",null,"M","M","M","?"],"character_chosen":"WATCHER","items_purchased":[],"campfire_rested":2,"item_purchase_floors":[],"current_hp_per_floor":[47,37,37,37,17,14,2,22,22,22,42,42,38,34,34,11,56,41,18,7,0,0],"gold":630,"neow_bonus":"ONE_RANDOM_RARE_CARD","is_daily":false,"chose_seed":false,"campfire_upgraded":1,"win_rate":0.0,"timestamp":1611695534,"path_taken":["M","M","M","?","?","E","M","R","T","?","R","?","?","M","R","BOSS","M","M","M","?"],"items_purchased_type":[],"build_version":"2020-12-22","purchased_purges":0,"victory":false,"max_hp_per_floor":[68,68,68,68,68,68,68,68,68,68,68,68,69,70,70,71,71,72,73,74,74,74],"card_choices":[{"not_picked":["WreathOfFlame","Collect"],"picked":"Consecrate","floor":1.0},{"not_picked":["ClearTheMind","CrushJoints"],"picked":"Wallop","floor":2.0},{"not_picked":["EmptyBody","BowlingBash"],"picked":"FlurryOfBlows","floor":3.0},{"not_picked":["Prostrate","EmptyFist"],"picked":"ConjureBlade","floor":6.0},{"not_picked":["BowlingBash","JustLucky"],"picked":"FollowUp","floor":7.0},{"not_picked":["EmptyBody","FlyingSleeves"],"picked":"Perseverance","floor":13.0},{"not_picked":["ConjureBlade","BattleHymn"],"picked":"Vengeance","floor":14.0},{"not_picked":["Brilliance","Omniscience"],"picked":"Establishment","floor":16.0},{"not_picked":["FlyingSleeves","BowlingBash"],"picked":"Evaluate","floor":18.0},{"not_picked":["PathToVictory","SashWhip","EmptyFist"],"picked":"SKIP","floor":19.0},{"not_picked":["Meditate","WaveOfTheHand","BowlingBash"],"picked":"SKIP","floor":20.0}],"player_experience":484274,"relics_obtained":[{"floor":4.0,"key":"PreservedInsect"},{"floor":6.0,"key":"Pen Nib"},{"floor":9.0,"key":"Smiling Mask"}],"event_choices":[{"damage_healed":0.0,"max_hp_gain":0.0,"max_hp_loss":0.0,"gold_gain":0.0,"event_name":"Shining Light","player_choice":"Entered Light","floor":5.0,"gold_loss":0.0,"damage_taken":20.0,"cards_upgraded":["Defend_P","Wish"]},{"damage_healed":0.0,"max_hp_gain":0.0,"max_hp_loss":0.0,"gold_gain":0.0,"event_name":"Living Wall","player_choice":"Grow","floor":10.0,"gold_loss":0.0,"damage_taken":0.0,"cards_upgraded":["Eruption"]},{"damage_healed":0.0,"max_hp_gain":0.0,"max_hp_loss":0.0,"gold_gain":0.0,"event_name":"FaceTrader","player_choice":"Trade","floor":12.0,"gold_loss":0.0,"damage_taken":0.0,"relics_obtained":["FaceOfCleric"]},{"damage_healed":0,"gold_gain":0,"player_choice":"Fought Bandits","damage_taken":0,"max_hp_gain":0,"max_hp_loss":0,"event_name":"Masked Bandits","floor":21,"gold_loss":0}],"is_beta":false,"boss_relics":[{"not_picked":["Pandora\u0027s Box","Busted Crown"],"picked":"Runic Pyramid"}],"items_purged_floors":[],"is_endless":false,"potions_floor_spawned":[1,3,6,16,19,20],"killed_by":"Masked Bandits","ascension_level":15}}