{"host":"pcbz64t4k17ey4z1","time":1611688950,"event":{"mods":["2.2 Compatiblity","AchievementEnabler","Act Like it!","Aspiration","BaseMod","Beaked The Cultist","Better Match","Better Third Choice","BetterRewards","Card Forge","Colored Map","Colored Powertips","Conspire","Disable Question Mark Monsters","Fireblade Mod","Friendly Minions","Gensokyo","GifTheSpireLib","Glutton Mod","Googly Eyes","Gremlin Mod","Hermit","Hubris","Infinite Spire","Koishi","Marisa????????","Minty Spire (QoL Compilation)","Permanent Neow","Potionbrewer","Quick Restart","Random Character Button","Rare Cards Sparkle","Relic Filter","Replay The Spire","Robot Space Explorer","Shade Mod","Shop Mod","Spicy Shops","StSLib","Stuff the Spire","SuperFastMode","The Cursed","The Druid","The Gatherer","The Hierophant","The IronCluck","The Jungle","The Marked","The Runesmith","Virulent Crown","Waifu the Spire","Wandering Minibosses"],"gold_per_floor":[115,115,127,147,147,176,189,189,189,189,216,233,246,261,261,332,332,350,360,110,110,129,161,161,161,187,220,3,35,53,71,71,148,148,159,187,205,225,225,225,268,268,268,302,302,411,411,443,443,443,443,443,207,233,233],"floor_reached":56,"language":"ENG","playtime":2664,"items_purged":[],"score":2218,"play_id":"fb603537-0ff9-4775-b7bb-3b13ec7f7611","local_time":"20210126192230","is_ascension_mode":true,"campfire_choices":[{"data":"theDruid:InsectSwarm","floor":8.0,"key":"SMITH"},{"data":"infinitespire:Gouge","floor":10.0,"key":"SMITH"},{"data":"theDruid:Rabid","floor":15.0,"key":"SMITH"},{"floor":32.0,"key":"REST"},{"floor":40,"key":"REST"},{"data":"theDruid:SurvivalInstincts","floor":42,"key":"SMITH"},{"data":"infinitespire:Gouge","floor":47,"key":"SMITH"},{"floor":49,"key":"RECALL"},{"data":"theDruid:ViralBites","floor":52,"key":"SMITH"}],"circlet_count":0,"master_deck":["AscendersBane","theDruid:BriarArmor+1","theDruid:WildSlash+1","hubris:EnhanceAbility+1","theDruid:InsectSwarm+1","theDruid:Resupply+1","theDruid:ViralBites+1","infinitespire:Gouge+1","theDruid:InsectSwarm+1","theDruid:Rabid+1","theDruid:Forage+1","theDruid:PlagueClaw","theDruid:SurvivalInstincts+1","Bandage Up+1","theDruid:Rabid+1","theDruid:Rabid+1","theDruid:Forage+1","theDruid:BristlingDefense+1","theDruid:TakeShelter+1","theDruid:SerratedFlesh+1","infinitespire:Gouge+1","theDruid:TakeShelter"],"relics":["theDruid:CrownOfTheWilds","Hammer of Thor","Seething Fire","Anvil of the Gods","Shuriken","Regal Pillow","wanderingMiniBosses:CarrionFlame","DollysMirror","White Beast Statue","CeramicFish","Happy Flower","Matryoshka","Membership Card","Strange Spoon","ReplayTheSpireMod:Lightbulb","aspiration:PoetsPen_weak","conspire:Flyswatter","Replay:Rubber Ducky","Orichalcum","aspiration:StickyExplosives_weak","StuffTheSpire:GreaterSneckoEye","StuffTheSpire:Nightcore","Lizard Tail","Medical Kit","theDruid:PetrifiedLog","Nunchaku","infinitespire:EmpoweringShard"],"acts_visited":["Exordium","TheCity","TheBeyond","TheEnding"],"potions_floor_usage":[36,36,37,37,38,44,46,48,50,55],"damage_taken":[{"damage":0.0,"enemies":"Small Slimes","floor":1.0,"turns":4.0},{"damage":0.0,"enemies":"2 Louse","floor":3.0,"turns":2.0},{"damage":7.0,"enemies":"Jaw Worm","floor":4.0,"turns":3.0},{"damage":7.0,"enemies":"Lagavulin","floor":6.0,"turns":6.0},{"damage":7.0,"enemies":"Exordium Thugs","floor":7.0,"turns":6.0},{"damage":0.0,"enemies":"Gremlin Nob","floor":11.0,"turns":3.0},{"damage":5.0,"enemies":"Gremlin Gang","floor":12.0,"turns":4.0},{"damage":1.0,"enemies":"Large Slime","floor":13.0,"turns":5.0},{"damage":0.0,"enemies":"Blue Slaver","floor":14.0,"turns":6.0},{"damage":0.0,"enemies":"Hexaghost","floor":16.0,"turns":8.0},{"damage":2.0,"enemies":"Chosen","floor":18.0,"turns":4.0},{"damage":0.0,"enemies":"Shell Parasite","floor":19.0,"turns":5.0},{"damage":5.0,"enemies":"Snake Plant","floor":22.0,"turns":5.0},{"damage":0.0,"enemies":"Book of Stabbing","floor":23.0,"turns":7.0},{"damage":21.0,"enemies":"Slavers","floor":27.0,"turns":6.0},{"damage":30.0,"enemies":"Gremlin Leader","floor":29.0,"turns":7.0},{"damage":8.0,"enemies":"Shelled Parasite and Fungi","floor":30.0,"turns":6.0},{"damage":14.0,"enemies":"Centurion and Healer","floor":31.0,"turns":6.0},{"damage":23.0,"enemies":"conspire:MysteriousRune","floor":33.0,"turns":11.0},{"damage":20,"enemies":"3 Shapes","floor":35,"turns":3},{"damage":0,"enemies":"Orb Walker","floor":36,"turns":3},{"damage":16,"enemies":"Writhing Mass","floor":37,"turns":4},{"damage":31,"enemies":"4 Shapes","floor":38,"turns":5},{"damage":32,"enemies":"Reptomancer","floor":41,"turns":6},{"damage":0,"enemies":"Nightmare","floor":44,"turns":9},{"damage":3,"enemies":"infinitespire:Three Voidlings","floor":46,"turns":2},{"damage":8,"enemies":"Nightmare_Alpha","floor":46,"turns":8},{"damage":3,"enemies":"R_Hoarder","floor":48,"turns":5},{"damage":9,"enemies":"Donu and Deca","floor":50,"turns":4},{"damage":6,"enemies":"Shield and Spear","floor":54,"turns":5},{"damage":52,"enemies":"The Heart","floor":55,"turns":8}],"seed_played":"3195121315932378050","potions_obtained":[{"floor":4.0,"key":"FearPotion"},{"floor":11.0,"key":"potionbrewer:StunPotion"},{"floor":14.0,"key":"potionbrewer:AcidPotion"},{"floor":19.0,"key":"Energy Potion"},{"floor":23.0,"key":"potionbrewer:EndurancePotion"},{"floor":27.0,"key":"potionbrewer:CleansingPotion"},{"floor":33.0,"key":"potionbrewer:SplittingPotion"},{"floor":36,"key":"Adrenaline Potion"},{"floor":37,"key":"Block Potion"},{"floor":41,"key":"Adrenaline Potion"},{"floor":44,"key":"AttackPotion"},{"floor":46,"key":"Swift Potion"},{"floor":48,"key":"Explosive Potion"},{"floor":54,"key":"Energy Potion"}],"is_trial":false,"path_per_floor":["M","?","M","M","?","E","M","R","T","R","E","M","M","M","R","B",null,"M","M","$","?","M","E","$","?","T","E","$","E","M","M","R","B",null,"M","M","M","M","?","R","E","R","T","NM","?","?","R","E","R","B",null,"R","$","E","B",null],"character_chosen":"DRUID","items_purchased":["Bandage Up","DollysMirror","CeramicFish","Membership Card","Strange Spoon","Medical Kit","theDruid:TakeShelter","theDruid:PetrifiedLog","Nunchaku"],"campfire_rested":2,"item_purchase_floors":[20,20,24,28,28,53,53,53,53],"current_hp_per_floor":[68,68,68,61,61,54,47,47,47,47,47,42,44,47,47,50,69,70,73,73,73,74,75,65,65,65,51,51,31,36,36,73,71,74,54,70,64,49,52,78,73,73,73,78,58,78,78,75,75,71,76,76,76,78,48],"gold":233,"neow_bonus":"RANDOM_COLORLESS_2","is_daily":false,"chose_seed":false,"campfire_upgraded":6,"win_rate":0.0,"timestamp":1611688950,"path_taken":["M","?","M","M","?","E","M","R","T","R","E","M","M","M","R","BOSS","M","M","$","?","M","E","?","?","T","E","$","E","M","M","R","BOSS","M","M","M","M","?","R","E","R","T","NM","?","?","R","E","R","BOSS","R","$","E","BOSS"],"items_purchased_type":["Card","Relic","Relic","Relic","Relic","Relic","Card","Relic","Relic"],"build_version":"2020-12-22","purchased_purges":0,"victory":true,"max_hp_per_floor":[75,75,75,75,75,75,75,75,75,75,75,75,75,75,75,75,75,75,75,75,75,75,75,75,75,75,75,75,75,75,75,75,75,75,75,75,75,75,78,78,78,78,78,78,78,78,78,78,78,78,78,78,78,78,78],"card_choices":[{"not_picked":["ReplayTheSpireMod:Brewmster","Secret Weapon"],"picked":"hubris:EnhanceAbility","floor":0.0},{"not_picked":["theDruid:Resourcefulness","theDruid:Resupply"],"picked":"theDruid:InsectSwarm","floor":1.0},{"not_picked":["theDruid:ThickHide","theDruid:FaerieFire"],"picked":"theDruid:Resupply","floor":3.0},{"not_picked":["theDruid:ThickHide","theDruid:RockSlide"],"picked":"theDruid:ViralBites","floor":4.0},{"not_picked":["infinitespire:Execution","infinitespire:Fortify"],"picked":"infinitespire:Gouge","floor":5.0},{"not_picked":["theDruid:BlessedStrike","theDruid:Moonbeam","theDruid:IronbarkArmor"],"picked":"SKIP","floor":6.0},{"not_picked":["theDruid:Swipe","theDruid:Resupply"],"picked":"theDruid:InsectSwarm","floor":7.0},{"not_picked":["theDruid:ThornStrike","theDruid:TwilightsCall"],"picked":"theDruid:Rabid","floor":11.0},{"not_picked":["theDruid:Starfall","theDruid:Guidance"],"picked":"theDruid:Forage","floor":12.0},{"not_picked":["theDruid:Swipe","theDruid:IronClaw","theDruid:Pathfinder"],"picked":"SKIP","floor":13.0},{"not_picked":["theDruid:Resupply","theDruid:FelineGrace"],"picked":"theDruid:PlagueClaw","floor":14.0},{"not_picked":["theDruid:Restoration","theDruid:HerbalismKit"],"picked":"theDruid:SurvivalInstincts","floor":16.0},{"not_picked":["theDruid:Resupply","theDruid:AstralShield","theDruid:Stampede"],"picked":"SKIP","floor":18.0},{"not_picked":["theDruid:BrambleLash","theDruid:Untamed","theDruid:Swipe"],"picked":"SKIP","floor":19.0},{"not_picked":["theDruid:FuriousSlash","theDruid:Rummage"],"picked":"theDruid:Forage","floor":22.0},{"not_picked":["theDruid:TakeShelter","theDruid:Swipe+1","theDruid:TwinStars"],"picked":"SKIP","floor":23.0},{"not_picked":["theDruid:Recoil","theDruid:PlagueClaw","theDruid:Gore"],"picked":"SKIP","floor":27.0},{"not_picked":["theDruid:Slingshot","theDruid:MysticBarrier","theDruid:Swipe"],"picked":"SKIP","floor":29.0},{"not_picked":["theDruid:TwilightsCall","theDruid:PouncingStrike","theDruid:Scavenge"],"picked":"SKIP","floor":30.0},{"not_picked":["theDruid:Starfall","theDruid:ApexPredator","theDruid:Stampede"],"picked":"SKIP","floor":31.0},{"not_picked":["theDruid:Starfall+1","theDruid:Prowl","theDruid:BloodiedFur"],"picked":"SKIP","floor":35},{"not_picked":["theDruid:MysticBarrier","theDruid:NaturalAgility"],"picked":"theDruid:Guidance","floor":36},{"not_picked":["theDruid:FelineGrace","theDruid:BlessedStrike","theDruid:FuriousSlash"],"picked":"SKIP","floor":37},{"not_picked":["theDruid:ExposingSlash+1","theDruid:Entangle"],"picked":"theDruid:BristlingDefense","floor":38},{"not_picked":["theDruid:Fortitude","theDruid:AstralShield"],"picked":"theDruid:TakeShelter+1","floor":41},{"not_picked":["theDruid:Stampede","theDruid:Scavenge"],"picked":"theDruid:SerratedFlesh","floor":44},{"not_picked":["infinitespire:Menacing","infinitespire:Punishment"],"picked":"infinitespire:Gouge","floor":46},{"not_picked":["theDruid:PlagueClaw","theDruid:Untamed","theDruid:FelineGrace"],"picked":"SKIP","floor":48},{"not_picked":["theDruid:Starfall+1","theDruid:AstralShield","theDruid:Slingshot"],"picked":"SKIP","floor":54}],"player_experience":3368839,"relics_obtained":[{"floor":6.0,"key":"Shuriken"},{"floor":11.0,"key":"Regal Pillow"},{"floor":14.0,"key":"wanderingMiniBosses:CarrionFlame"},{"floor":23.0,"key":"White Beast Statue"},{"floor":26.0,"key":"Happy Flower"},{"floor":27.0,"key":"Matryoshka"},{"floor":29.0,"key":"ReplayTheSpireMod:Lightbulb"},{"floor":41,"key":"conspire:Flyswatter"},{"floor":43,"key":"Replay:Rubber Ducky"},{"floor":43,"key":"Orichalcum"},{"floor":44,"key":"aspiration:StickyExplosives_weak"},{"floor":45,"key":"StuffTheSpire:GreaterSneckoEye"},{"floor":46,"key":"StuffTheSpire:Nightcore"},{"floor":48,"key":"Lizard Tail"},{"floor":54,"key":"infinitespire:EmpoweringShard"}],"event_choices":[{"damage_healed":0.0,"max_hp_gain":0.0,"max_hp_loss":0.0,"gold_gain":0.0,"event_name":"Duplicator","player_choice":"Copied","floor":21.0,"gold_loss":0.0,"damage_taken":0.0,"cards_obtained":["theDruid:Rabid"]},{"damage_healed":0.0,"max_hp_gain":0.0,"max_hp_loss":0.0,"gold_gain":0.0,"event_name":"Vampires","player_choice":"Ignored","floor":25.0,"gold_loss":0.0,"damage_taken":0.0}],"is_beta":false,"boss_relics":[{"not_picked":[]},{"not_picked":["Velvet Choker","beaked:MawFillet"],"picked":"aspiration:PoetsPen_weak"}],"items_purged_floors":[],"is_endless":false,"potions_floor_spawned":[4,11,14,19,23,27,29,30,31,33,35,36,37,38,41,44,46,46,48,54],"ascension_level":13}}