{"host":"jumrmhf584hajrnz","time":1611656462,"event":{"mods":["BaseMod","Duelist Mod","GifTheSpireLib","Minty Spire (QoL Compilation)","Quick Restart","Replay The Spire","StSLib"],"gold_per_floor":[20,36,36,36,36,36,53,53,79,110,123,141,169,181,181,258,258,273,273,291,307,320,320,352,352,352],"floor_reached":25,"language":"ENG","playtime":1619,"items_purged":[],"score":466,"play_id":"7455bbc9-b40d-45d0-a437-dca257305f6a","local_time":"20210126112102","is_ascension_mode":true,"campfire_choices":[{"floor":6,"key":"RECALL"},{"data":"theDuelist:SpellShatteringArrow","floor":8,"key":"SMITH"},{"floor":15,"key":"REST"},{"floor":23,"key":"REST"}],"circlet_count":0,"master_deck":["AscendersBane","theDuelist:CastleWalls","theDuelist:CastleWalls","theDuelist:DarkMagician","theDuelist:MysticalElf","theDuelist:MysticalElf","theDuelist:NeoMagic","theDuelist:NeoMagic","theDuelist:Sparks","theDuelist:Sparks","theDuelist:Sparks","theDuelist:Wildfire","theDuelist:InjectionFairy","theDuelist:Illusionist","Regret","Pot Of Greed","Pot Of Greed","Amnesia","theDuelist:SpellShatteringArrow+1","theDuelist:Yami","theDuelist:NeoMagic","theDuelist:LightningDarts","theDuelist:DarkMagician","theDuelist:Wiretap","theDuelist:IrisEarthMother","theDuelist:SpiritHarp","Pot Of Greed","theDuelist:MindAir+1","Pain","theDuelist:MythicalBeast+1","theDuelist:SpellShatteringArrow","theDuelist:SpellShatteringArrow"],"relics":["theDuelist:MillenniumPuzzle","theDuelist:CardPoolRelic","theDuelist:CardPoolBasicRelic","theDuelist:BoosterPackPoolRelic","theDuelist:CardPoolAddRelic","theDuelist:CardPoolMinusRelic","theDuelist:CardPoolSaveRelic","theDuelist:CardPoolOptionsRelic","Grinning Jar","Ring of Fury","Ring of Fangs","theDuelist:SpellcasterOrb","Ancient Tea Set","Pear","Fusion Hammer","theDuelist:ZombieRelic"],"acts_visited":["Exordium","TheCity"],"potions_floor_usage":[22],"damage_taken":[{"damage":0,"enemies":"Cultist","floor":1,"turns":4},{"damage":0,"enemies":"Small Slimes","floor":2,"turns":3},{"damage":2,"enemies":"2 Louse","floor":7,"turns":2},{"damage":29,"enemies":"3 Sentries","floor":10,"turns":12},{"damage":14,"enemies":"Large Slime","floor":11,"turns":8},{"damage":2,"enemies":"Exordium Wildlife","floor":12,"turns":2},{"damage":16,"enemies":"Lagavulin","floor":13,"turns":8},{"damage":3,"enemies":"3 Louse","floor":14,"turns":3},{"damage":71,"enemies":"Slime Boss","floor":16,"turns":10},{"damage":16,"enemies":"3 Byrds","floor":18,"turns":3},{"damage":8,"enemies":"2 Thieves","floor":20,"turns":3},{"damage":15,"enemies":"Centurion and Healer","floor":22,"turns":4},{"damage":30,"enemies":"Gremlin Leader","floor":24,"turns":6},{"damage":37,"enemies":"Cultist and Chosen","floor":25,"turns":4}],"seed_played":"1211769748307896122","potions_obtained":[{"floor":2,"key":"LiquidBronze"},{"floor":7,"key":"SpeedPotion"},{"floor":20,"key":"SkillPotion"}],"is_trial":false,"path_per_floor":["M","M","?","?","?","R","M","R","T","E","M","M","E","M","R","B",null,"M","?","M","?","M","R","E","M"],"character_chosen":"THE_DUELIST","items_purchased":[],"campfire_rested":2,"item_purchase_floors":[],"current_hp_per_floor":[63,67,67,67,67,67,65,65,65,48,46,48,50,47,71,8,62,50,50,46,46,35,59,33,0,0],"gold":352,"neow_bonus":"THREE_RARE_CARDS","is_daily":false,"chose_seed":false,"campfire_upgraded":1,"win_rate":0.0,"timestamp":1611656462,"path_taken":["M","?","?","?","?","R","?","R","T","E","M","M","E","M","R","BOSS","M","?","M","?","M","R","E","M"],"items_purchased_type":[],"build_version":"2020-12-22","purchased_purges":0,"victory":false,"max_hp_per_floor":[70,70,70,70,70,70,70,70,70,70,70,70,80,80,80,80,80,80,80,80,80,80,80,80,80,80],"card_choices":[{"not_picked":["theDuelist:RainbowMagician","theDuelist:ExodiaHead"],"picked":"theDuelist:Wildfire","floor":0},{"not_picked":["theDuelist:SpellShatteringArrow","theDuelist:OnslaughtFireKings","theDuelist:Mudballman","theDuelist:WonderWand"],"picked":"theDuelist:InjectionFairy","floor":1},{"not_picked":["theDuelist:BlizzardWarrior","theDuelist:AncientElf","theDuelist:OnslaughtFireKings","theDuelist:NeoMagic"],"picked":"theDuelist:Illusionist","floor":2},{"not_picked":["theDuelist:CallAtlanteans","theDuelist:ExodiaRL","theDuelist:SpiritHarp","theDuelist:ExodiaRA"],"picked":"theDuelist:SpellShatteringArrow","floor":7},{"not_picked":["theDuelist:MagiciansRobe","theDuelist:VoidExpansion","theDuelist:MindAir"],"picked":"theDuelist:Yami","floor":10},{"not_picked":["theDuelist:PowerKaishin","theDuelist:MysticalElf","theDuelist:GoblinSecret","theDuelist:DiffusionWaveMotion"],"picked":"theDuelist:NeoMagic","floor":11},{"not_picked":["theDuelist:GraniteLoyalist","theDuelist:LightningRodLord","theDuelist:MudragonSwamp","theDuelist:GauntletWarrior"],"picked":"theDuelist:LightningDarts","floor":12},{"not_picked":["theDuelist:SangaThunder","theDuelist:ThousandEyesIdol","theDuelist:BlizzardWarrior","theDuelist:Relinquished"],"picked":"theDuelist:DarkMagician","floor":13},{"not_picked":["theDuelist:WingedKuriboh","theDuelist:EarthquakeGiant","theDuelist:PotDichotomy","theDuelist:LightningVortex"],"picked":"theDuelist:Wiretap","floor":14},{"not_picked":["theDuelist:RainbowDarkDragon","theDuelist:RainbowMagician","theDuelist:RainbowKuriboh","theDuelist:RainbowOverdragon"],"picked":"theDuelist:IrisEarthMother","floor":16},{"not_picked":["theDuelist:SangaThunder+1","theDuelist:DarkMagician","theDuelist:GeminiElf+1","theDuelist:BlizzardWarrior"],"picked":"theDuelist:SpiritHarp","floor":18},{"not_picked":["theDuelist:SangaThunder","theDuelist:NeoMagic","theDuelist:WhiteMagicalHat","theDuelist:ThousandEyesIdol"],"picked":"theDuelist:MindAir+1","floor":20},{"not_picked":["theDuelist:CosmicHorrorGangiel","theDuelist:ExodiaRL","theDuelist:Illusionist","theDuelist:WonderWand"],"picked":"theDuelist:MythicalBeast+1","floor":21},{"not_picked":["theDuelist:BlizzardWarrior","theDuelist:CallAtlanteans","theDuelist:AltarTribute","theDuelist:ExodiaLA"],"picked":"theDuelist:SpellShatteringArrow","floor":22},{"not_picked":["theDuelist:GeminiElf","theDuelist:AncientElf","theDuelist:CallAtlanteans","theDuelist:DiffusionWaveMotion"],"picked":"theDuelist:SpellShatteringArrow","floor":24}],"player_experience":1540443,"relics_obtained":[{"floor":5,"key":"Ring of Fury"},{"floor":5,"key":"Ring of Fangs"},{"floor":9,"key":"theDuelist:SpellcasterOrb"},{"floor":10,"key":"Ancient Tea Set"},{"floor":13,"key":"Pear"},{"floor":24,"key":"theDuelist:ZombieRelic"}],"event_choices":[{"damage_healed":0,"gold_gain":0,"player_choice":"Box","damage_taken":0,"relics_obtained":["Grinning Jar"],"max_hp_gain":0,"max_hp_loss":0,"event_name":"Big Fish","floor":3,"gold_loss":0,"cards_obtained":["Regret"]},{"damage_healed":0,"gold_gain":0,"player_choice":"Leave","duelist":true,"damage_taken":0,"max_hp_gain":0,"max_hp_loss":0,"event_name":"Relic Duplicator","floor":4,"gold_loss":0}],"is_beta":false,"boss_relics":[{"not_picked":["Runic Cube","Tiny House"],"picked":"Fusion Hammer"}],"items_purged_floors":[],"is_endless":false,"potions_floor_spawned":[2,7,16,18,20],"killed_by":"Cultist and Chosen","ascension_level":20}}