{"host":"z16h96csw6gsetxl","time":1611670874,"event":{"mods":["BaseMod","Minty Spire (QoL Compilation)"],"gold_per_floor":[116,291,301,251,326,326,354,354,426,442,461,492,517,517,517,618,618,633,644,569,569,250,280,62,62,62,92,192,202,216,18,18,119,119,137,137,156,168,187,217,237,254,333,333,367,378,378,396,396,396],"floor_reached":51,"language":"ZHS","playtime":3262,"items_purged":["Strike_G","Regret","Strike_G"],"score":817,"play_id":"4df53556-9a7b-42ee-9561-8450b22cd359","local_time":"20210126222114","is_ascension_mode":false,"campfire_choices":[{"data":"Poisoned Stab","floor":6,"key":"SMITH"},{"floor":8,"key":"REST"},{"floor":15,"key":"REST"},{"floor":32,"key":"REST"},{"floor":44,"key":"REST"},{"floor":49,"key":"REST"}],"circlet_count":0,"master_deck":["Strike_G","Strike_G","Strike_G","Defend_G","Defend_G","Defend_G","Defend_G","Survivor","Neutralize","Poisoned Stab+1","Prepared","Bouncing Flask+1","Deadly Poison+1","Adrenaline+1","Outmaneuver+1","Malaise+1","Backflip+1","Crippling Poison+1","Writhe","Footwork","Blur+1","Sadistic Nature","Sucker Punch+1","Acrobatics+1","Tools of the Trade","Adrenaline+1","After Image","Backflip+1","Deadly Poison+1","Bouncing Flask+1","Noxious Fumes+1","Deadly Poison+1","Bouncing Flask+1","Escape Plan+1"],"relics":["Ring of the Snake","NeowsBlessing","CaptainsWheel","Toxic Egg 2","WingedGreaves","Smiling Mask","Happy Flower","Runic Dome","Anchor","Snake Skull","MawBank","Eternal Feather","Regal Pillow","Lizard Tail","Molten Egg 2","DollysMirror","Fusion Hammer","The Specimen","InkBottle","Question Card","Blue Candle"],"acts_visited":["Exordium","TheCity","TheBeyond"],"potions_floor_usage":[28,28,41,45,46,50],"damage_taken":[{"damage":0,"enemies":"Small Slimes","floor":1,"turns":1},{"damage":0,"enemies":"2 Louse","floor":3,"turns":1},{"damage":0,"enemies":"Lagavulin","floor":7,"turns":1},{"damage":8,"enemies":"Jaw Worm","floor":10,"turns":2},{"damage":5,"enemies":"Exordium Wildlife","floor":11,"turns":2},{"damage":16,"enemies":"Gremlin Nob","floor":12,"turns":4},{"damage":24,"enemies":"3 Sentries","floor":13,"turns":7},{"damage":20,"enemies":"The Guardian","floor":16,"turns":7},{"damage":5,"enemies":"3 Byrds","floor":18,"turns":6},{"damage":3,"enemies":"Chosen","floor":19,"turns":4},{"damage":5,"enemies":"Gremlin Leader","floor":23,"turns":6},{"damage":24,"enemies":"Slavers","floor":27,"turns":4},{"damage":4,"enemies":"Colosseum Slavers","floor":28,"turns":4},{"damage":0,"enemies":"Colosseum Nobs","floor":28,"turns":5},{"damage":8,"enemies":"Centurion and Healer","floor":29,"turns":6},{"damage":12,"enemies":"Shelled Parasite and Fungi","floor":30,"turns":3},{"damage":26,"enemies":"Automaton","floor":33,"turns":9},{"damage":18,"enemies":"3 Darklings","floor":35,"turns":3},{"damage":0,"enemies":"Orb Walker","floor":37,"turns":2},{"damage":0,"enemies":"Maw","floor":38,"turns":6},{"damage":1,"enemies":"Spire Growth","floor":39,"turns":3},{"damage":4,"enemies":"Nemesis","floor":40,"turns":5},{"damage":11,"enemies":"4 Shapes","floor":41,"turns":3},{"damage":6,"enemies":"Jaw Worm Horde","floor":42,"turns":2},{"damage":50,"enemies":"Reptomancer","floor":45,"turns":3},{"damage":0,"enemies":"Sphere and 2 Shapes","floor":46,"turns":3},{"damage":26,"enemies":"Spire Growth","floor":48,"turns":3},{"damage":25,"enemies":"Awakened One","floor":50,"turns":7}],"seed_played":"2867392298370851454","potions_obtained":[{"floor":3,"key":"Ancient Potion"},{"floor":7,"key":"SteroidPotion"},{"floor":16,"key":"SteroidPotion"},{"floor":27,"key":"Block Potion"},{"floor":30,"key":"SteroidPotion"},{"floor":35,"key":"LiquidMemories"},{"floor":37,"key":"LiquidBronze"},{"floor":42,"key":"PowerPotion"},{"floor":45,"key":"Block Potion"},{"floor":46,"key":"Dexterity Potion"}],"is_trial":false,"path_per_floor":["M","?","M","?","?","R","E","R","T","M","M","E","E","?","R","B",null,"M","M","?","?","$","E","$","?","T","E","?","M","M","$","R","B",null,"M","?","M","M","M","E","M","M","T","R","E","M","?","M","R","B",null],"character_chosen":"THE_SILENT","items_purchased":["Snake Skull","Footwork","Blur+1","Sadistic Nature","DollysMirror"],"campfire_rested":5,"item_purchase_floors":[22,22,22,24,31],"current_hp_per_floor":[70,70,70,70,59,59,59,70,70,62,57,41,17,17,38,18,70,65,62,62,62,62,57,57,57,57,33,29,21,9,9,60,34,70,52,52,52,52,51,47,36,30,30,70,20,20,20,35,70,45],"gold":396,"neow_bonus":"THREE_ENEMY_KILL","is_daily":false,"chose_seed":false,"campfire_upgraded":1,"win_rate":0.0,"timestamp":1611670874,"path_taken":["M","?","M","?","?","R","E","R","T","M","M","E","E","?","R","BOSS","M","M","?","?","?","E","$","?","T","E","?","M","M","$","R","BOSS","M","?","M","?","M","E","M","M","T","R","E","M","?","M","R","BOSS"],"items_purchased_type":["Relic","Card","Card","Card","Relic"],"build_version":"2020-12-22","purchased_purges":3,"victory":true,"max_hp_per_floor":[70,70,70,70,70,70,70,70,70,70,70,70,70,70,70,70,70,70,70,70,70,70,70,70,70,70,70,70,70,70,70,70,70,70,70,70,70,70,70,70,70,70,70,70,70,70,70,70,70,70],"card_choices":[{"not_picked":["Dodge and Roll","Caltrops"],"picked":"Poisoned Stab","floor":1},{"not_picked":["Underhanded Strike","Flying Knee"],"picked":"Prepared","floor":3},{"not_picked":["Dodge and Roll","Slice","All Out Attack"],"picked":"SKIP","floor":7},{"not_picked":["Noxious Fumes","Blade Dance+1"],"picked":"Bouncing Flask+1","floor":10},{"not_picked":["Bane","Tactician+1"],"picked":"Deadly Poison+1","floor":11},{"not_picked":["Escape Plan+1","Quick Slash"],"picked":"Adrenaline+1","floor":12},{"not_picked":["Flying Knee","Underhanded Strike"],"picked":"Outmaneuver+1","floor":13},{"not_picked":["Phantasmal Killer+1","A Thousand Cuts"],"picked":"Malaise+1","floor":16},{"not_picked":["Blade Dance+1","Slice"],"picked":"Backflip+1","floor":18},{"not_picked":["Backflip+1","Sucker Punch"],"picked":"Crippling Poison+1","floor":19},{"not_picked":["Outmaneuver+1","Flying Knee","Quick Slash"],"picked":"SKIP","floor":23},{"not_picked":["Blur+1","Bane","Choke"],"picked":"SKIP","floor":27},{"not_picked":["Underhanded Strike+1","Bane+1"],"picked":"Sucker Punch+1","floor":28},{"not_picked":["Leg Sweep+1","Quick Slash+1"],"picked":"Acrobatics+1","floor":29},{"not_picked":["Flying Knee+1","Outmaneuver+1"],"picked":"Tools of the Trade","floor":30},{"not_picked":["Malaise+1","Phantasmal Killer+1"],"picked":"After Image","floor":33},{"not_picked":["PiercingWail+1","Well Laid Plans+1"],"picked":"Backflip+1","floor":35},{"not_picked":["Blade Dance+1","Finisher+1"],"picked":"Deadly Poison+1","floor":37},{"not_picked":["Slice+1","Eviscerate+1"],"picked":"Bouncing Flask+1","floor":38},{"not_picked":["Backflip+1","Deadly Poison+1"],"picked":"Noxious Fumes+1","floor":39},{"not_picked":["Endless Agony+1","Dagger Throw+1"],"picked":"Deadly Poison+1","floor":40},{"not_picked":["Skewer+1","Unload+1","Dagger Spray+1"],"picked":"SKIP","floor":41},{"not_picked":["Leg Sweep+1","Choke+1"],"picked":"Bouncing Flask+1","floor":42},{"not_picked":["A Thousand Cuts","Sucker Punch+1","All Out Attack+1"],"picked":"Poisoned Stab+1","floor":45},{"not_picked":["Flechettes+1","Slice+1","Bane+1"],"picked":"Escape Plan+1","floor":46},{"not_picked":["All Out Attack+1","Quick Slash+1","Underhanded Strike+1","Endless Agony+1"],"picked":"SKIP","floor":48}],"player_experience":47476,"relics_obtained":[{"floor":7,"key":"CaptainsWheel"},{"floor":9,"key":"Toxic Egg 2"},{"floor":12,"key":"WingedGreaves"},{"floor":13,"key":"Smiling Mask"},{"floor":23,"key":"MawBank"},{"floor":26,"key":"Eternal Feather"},{"floor":27,"key":"Regal Pillow"},{"floor":28,"key":"Lizard Tail"},{"floor":28,"key":"Molten Egg 2"},{"floor":40,"key":"InkBottle"},{"floor":43,"key":"Question Card"},{"floor":45,"key":"Blue Candle"}],"event_choices":[{"damage_healed":0,"gold_gain":175,"player_choice":"AGREE","damage_taken":0,"max_hp_gain":0,"max_hp_loss":0,"event_name":"Liars Game","floor":2,"gold_loss":0,"cards_obtained":["Doubt"]},{"cards_removed":["Doubt"],"damage_healed":0,"gold_gain":0,"player_choice":"Card Removal","damage_taken":0,"max_hp_gain":0,"max_hp_loss":0,"event_name":"The Cleric","floor":4,"gold_loss":50},{"damage_healed":0,"gold_gain":75,"player_choice":"Gather Gold","damage_taken":11,"max_hp_gain":0,"max_hp_loss":0,"event_name":"World of Goop","floor":5,"gold_loss":0},{"damage_healed":0,"gold_gain":0,"player_choice":"Box","damage_taken":0,"relics_obtained":["Happy Flower"],"max_hp_gain":0,"max_hp_loss":0,"event_name":"Big Fish","floor":14,"gold_loss":0,"cards_obtained":["Regret"]},{"cards_removed":["Defend_G"],"damage_healed":0,"gold_gain":0,"player_choice":"Gave Gold","damage_taken":0,"max_hp_gain":0,"max_hp_loss":0,"event_name":"Beggar","floor":20,"gold_loss":75},{"damage_healed":0,"gold_gain":0,"player_choice":"Opened","damage_taken":0,"relics_obtained":["Anchor"],"max_hp_gain":0,"max_hp_loss":0,"event_name":"The Mausoleum","floor":21,"gold_loss":0,"cards_obtained":["Writhe"]},{"damage_healed":0,"gold_gain":0,"player_choice":"Ignored","damage_taken":0,"max_hp_gain":0,"max_hp_loss":0,"event_name":"Vampires","floor":25,"gold_loss":0},{"damage_healed":0,"gold_gain":0,"player_choice":"Fight","damage_taken":0,"max_hp_gain":0,"max_hp_loss":0,"event_name":"Colosseum","floor":28,"gold_loss":0},{"damage_healed":0,"gold_gain":0,"player_choice":"Fought Nobs","damage_taken":0,"max_hp_gain":0,"max_hp_loss":0,"event_name":"Colosseum","floor":28,"gold_loss":0},{"damage_healed":0,"gold_gain":0,"player_choice":"Gave Potion","damage_taken":0,"relics_obtained":["The Specimen"],"max_hp_gain":0,"max_hp_loss":0,"event_name":"WeMeetAgain","floor":36,"gold_loss":0},{"cards_removed":["Poisoned Stab"],"damage_healed":0,"gold_gain":0,"player_choice":"Removed Attack","damage_taken":0,"max_hp_gain":0,"max_hp_loss":0,"event_name":"Falling","floor":47,"gold_loss":0}],"is_beta":false,"boss_relics":[{"not_picked":["Tiny House","Ring of the Serpent"],"picked":"Runic Dome"},{"not_picked":["Astrolabe","SacredBark"],"picked":"Fusion Hammer"}],"items_purged_floors":[22,24,31],"is_endless":false,"potions_floor_spawned":[3,7,16,23,27,30,35,37,42,45,46],"ascension_level":0}}