{"host":"usdj552hvd2ulznm","time":1611625293,"event":{"mods":["Act Like it!","Aspiration","BaseMod","Better Third Choice","Colored Powertips","Conjunction","Conspire","DeckTracker","Dota2Spire","Downfall","Emptier Cage","Energized Spire","Gensokyo","GifTheSpireLib","GungeonMod","Halation","Hallownest","Hermit","Hubris","Infinite Spire","Key Reminder","Lobotomy","LobotomyExtend","Minty Spire (QoL Compilation)","MostiFishMod","Poem Panic","Quarter Circle Forward PUNCH!","Quick Restart","RNG Fix","Railgun Mod","Random Character Mod","Relic Stats","Reliquary","Replay The Spire","Reworked Bosses","Small Relic Pack","StSLib","Stuff the Spire","The Animator","The Blue Laboratory","The IronCluck","The Jungle","Uncapped","WarShipGirlsR/????R mod","Wide Potions","??????REMEMod"],"gold_per_floor":[100,114,130,55,0,13,13,13,32,32,32,32,32,57,68,68,68],"floor_reached":16,"language":"ENG","playtime":645,"items_purged":[],"score":90,"play_id":"2754ee00-0635-4632-816f-aeae77f896fc","local_time":"20210125184133","is_ascension_mode":false,"campfire_choices":[],"circlet_count":0,"master_deck":["SpecialBullet","SpecialBullet","SpecialBullet","SpecialBullet","SpecialBullet","SpecialBullet","SpecialBullet","SpecialBullet","InformationCode","SecurityCode","ControlCode","TT2Protocol","PunishingBird","Moonlight","LongBird","Logging+1","Logging+1","BlackSwan","Penitence","CrumblingArmor","Laetitia_ego","CUTE","RedEyes"],"relics":["CogitoBucket","DaveBox","REME_ComplimentaryCards","PoemPanic:PoemPanicRelic","RhineFirstAidKit","LetterFromLob","Hallownest:BankAccountRelic","reliquary:ExpiredCoupon","infinitespire:ShieldingShard","Matryoshka","AspirationHeart"],"acts_visited":["Hallownest:Greenpath"],"potions_floor_usage":[15,15,16],"damage_taken":[{"damage":14,"enemies":"Hallownest:2_Tiktiks_and_1_Crawlid","floor":2,"turns":3},{"damage":7,"enemies":"Hallownest:2_MossCreeps","floor":3,"turns":3},{"damage":8,"enemies":"Hallownest:monsterHuskGuard","floor":6,"turns":3},{"damage":0,"enemies":"Hallownest:monsterFoolEater","floor":9,"turns":3},{"damage":10,"enemies":"downfall:FleeingMerchant","floor":14,"turns":4},{"damage":32,"enemies":"Hallownest:Guard_and_Warrior","floor":15,"turns":6},{"damage":77,"enemies":"DF_ARCHETYPE_STREAMLINE","floor":16,"turns":6}],"seed_played":"7752909143648501131","potions_obtained":[{"floor":3,"key":"Weak Potion"},{"floor":9,"key":"BlessingOfTheForge"},{"floor":15,"key":"PowerPotion"}],"is_trial":false,"path_per_floor":["R","M","M","?","?","M","T","?","M","R","?","T","R","$","M","B"],"character_chosen":"Angela","items_purchased":[],"campfire_rested":0,"item_purchase_floors":[],"current_hp_per_floor":[70,64,65,65,65,65,65,70,70,70,70,70,70,68,56,0,0],"gold":68,"neow_bonus":"","is_daily":false,"chose_seed":false,"campfire_upgraded":0,"win_rate":0.0,"timestamp":1611625293,"path_taken":["R","M","M","?","?","M","T","?","?","R","?","?","R","?","M","BOSS"],"items_purchased_type":[],"build_version":"2020-12-22","purchased_purges":0,"victory":false,"max_hp_per_floor":[70,70,70,70,70,70,70,70,70,70,70,70,70,70,80,80,80],"relic_stats":{"counters":[8,29],"obtain_stats":[{"reliquary:ExpiredCoupon":5,"CogitoBucket":0,"RhineFirstAidKit":2,"infinitespire:ShieldingShard":7,"Matryoshka":12,"DaveBox":0,"Hallownest:BankAccountRelic":4,"AspirationHeart":15,"DemoMod:GlassGuonStoneRelic":3,"LetterFromLob":2,"PoemPanic:PoemPanicRelic":0,"REME_ComplimentaryCards":0},{"reliquary:ExpiredCoupon":2,"CogitoBucket":0,"RhineFirstAidKit":1,"infinitespire:ShieldingShard":3,"Matryoshka":4,"DaveBox":0,"Hallownest:BankAccountRelic":2,"AspirationHeart":7,"DemoMod:GlassGuonStoneRelic":2,"LetterFromLob":1,"PoemPanic:PoemPanicRelic":0,"REME_ComplimentaryCards":0},{"reliquary:ExpiredCoupon":6,"CogitoBucket":0,"RhineFirstAidKit":1,"infinitespire:ShieldingShard":9,"Matryoshka":12,"DaveBox":0,"Hallownest:BankAccountRelic":6,"AspirationHeart":23,"DemoMod:GlassGuonStoneRelic":6,"LetterFromLob":3,"PoemPanic:PoemPanicRelic":0,"REME_ComplimentaryCards":0}]},"card_choices":[{"not_picked":["UniverseFragment","LittlePrince"],"picked":"PunishingBird","floor":2},{"not_picked":["BlueScar"],"picked":"Moonlight","floor":2},{"not_picked":["UniverseFragment","CherryBlossoms"],"picked":"LongBird","floor":3},{"not_picked":["Loneliness"],"picked":"Logging","floor":3},{"not_picked":["Porccubus","Murderer"],"picked":"BlackSwan","floor":6},{"not_picked":["ScreamingWedge"],"picked":"Penitence","floor":6},{"not_picked":["MeatLantern","OSAHOGD"],"picked":"CrumblingArmor","floor":9},{"not_picked":["Beak"],"picked":"Laetitia_ego","floor":9},{"not_picked":["Penitence"],"picked":"CUTE","floor":14},{"not_picked":["CENSORED_ego"],"picked":"RedEyes","floor":15}],"player_experience":482825,"relics_obtained":[{"floor":2,"key":"LetterFromLob"},{"floor":7,"key":"infinitespire:ShieldingShard"},{"floor":12,"key":"Matryoshka"}],"event_choices":[],"is_beta":false,"boss_relics":[],"items_purged_floors":[],"is_endless":false,"potions_floor_spawned":[3,9,15],"killed_by":"DF_ARCHETYPE_STREAMLINE","ascension_level":0}}