{"host":"scy0o1xotfn36lpl","time":1611631397,"event":{"mods":["AchievementEnabler","Aspiration","BaseMod","Better Altar","Better Note","Better Sensory Stone","Better Skull","Better Third Choice","Colored Map","Curses Come First","Downfall","GifTheSpireLib","Googly Eyes","Highlight Path","Minty Spire (QoL Compilation)","Permanent Neow","Spicy Shops","StSLib","everything is the same but u backflip on backflip"],"gold_per_floor":[109,125,144,161,181,210,210,210,235,247,247,247,4,4,4,99,99,109,128,141,141,141],"floor_reached":21,"language":"ENG","playtime":1674,"items_purged":["Injury"],"score":183,"play_id":"7fe70112-64c6-4995-8e61-429d9e009d06","local_time":"20210125192317","is_ascension_mode":false,"campfire_choices":[{"data":"Halt","floor":7,"key":"SMITH"},{"data":"Eruption","floor":15,"key":"SMITH"}],"circlet_count":0,"master_deck":["Strike_P","Strike_P","Strike_P+1","Strike_P","Defend_P","Defend_P","Defend_P","Eruption+1","Vigilance","FollowUp","FlurryOfBlows+1","Consecrate","Halt+1","FlurryOfBlows+1","Devotion","ReachHeaven+1","Halt+1","Tantrum+1"],"relics":["PureWater","White Beast Statue","Tiny Chest","Orichalcum","Molten Egg 2","Whetstone","Pantograph"],"acts_visited":["Exordium","TheCity"],"potions_floor_usage":[2,16,16,16,18,20],"damage_taken":[{"damage":7,"enemies":"Small Slimes","floor":1,"turns":2},{"damage":4,"enemies":"Cultist","floor":2,"turns":4},{"damage":0,"enemies":"2 Louse","floor":3,"turns":2},{"damage":2,"enemies":"2 Fungi Beasts","floor":4,"turns":3},{"damage":0,"enemies":"3 Louse","floor":5,"turns":3},{"damage":34,"enemies":"3 Sentries","floor":6,"turns":6},{"damage":0,"enemies":"Blue Slaver","floor":10,"turns":3},{"damage":66,"enemies":"The Guardian","floor":16,"turns":9},{"damage":11,"enemies":"2 Thieves","floor":18,"turns":3},{"damage":11,"enemies":"3 Byrds","floor":19,"turns":6},{"damage":30,"enemies":"Centurion and Healer","floor":20,"turns":4},{"damage":12,"enemies":"Shelled Parasite and Fungi","floor":21,"turns":2}],"seed_played":"6972955172865641549","potions_obtained":[{"floor":1,"key":"Weak Potion"},{"floor":3,"key":"sneckomod:MuddlingPotion"},{"floor":4,"key":"Energy Potion"},{"floor":6,"key":"DuplicationPotion"},{"floor":10,"key":"Explosive Potion"},{"floor":16,"key":"StancePotion"},{"floor":18,"key":"BlessingOfTheForge"},{"floor":19,"key":"champ:CounterPotion"},{"floor":20,"key":"GamblersBrew"}],"is_trial":false,"path_per_floor":["M","M","M","M","M","E","R","?","T","M","?","?","$","T","R","B",null,"M","M","M","M"],"character_chosen":"WATCHER","items_purchased":["FlurryOfBlows+1","Whetstone"],"campfire_rested":0,"item_purchase_floors":[13,13],"current_hp_per_floor":[65,61,61,59,59,25,25,25,25,25,25,49,49,49,49,6,72,61,50,20,8,8],"gold":141,"neow_bonus":"REMOVE_CARD","is_daily":false,"chose_seed":false,"campfire_upgraded":2,"win_rate":0.0,"timestamp":1611631397,"path_taken":["M","M","M","M","M","E","R","?","T","?","?","?","$","?","R","BOSS","M","M","M","M"],"items_purchased_type":["Card","Relic"],"build_version":"2020-12-22","purchased_purges":1,"victory":false,"max_hp_per_floor":[72,72,72,72,72,72,72,72,72,72,72,72,72,72,72,72,72,72,72,72,72,72],"card_choices":[{"not_picked":["Fasting2","PathToVictory"],"picked":"FollowUp","floor":1},{"not_picked":["Weave","Vengeance"],"picked":"FlurryOfBlows","floor":2},{"not_picked":["Vengeance","JustLucky","Wallop"],"picked":"SKIP","floor":3},{"not_picked":["CrushJoints","BowlingBash"],"picked":"Consecrate","floor":4},{"not_picked":["Consecrate","Study","FlyingSleeves"],"picked":"SKIP","floor":5},{"not_picked":["Crescendo","SashWhip"],"picked":"Halt","floor":6},{"not_picked":["Worship","Halt","BowlingBash"],"picked":"SKIP","floor":10},{"not_picked":["Establishment","Blasphemy"],"picked":"Devotion","floor":16},{"not_picked":["CutThroughFate+1","Protect"],"picked":"ReachHeaven+1","floor":18},{"not_picked":["EmptyBody","Evaluate+1"],"picked":"Halt+1","floor":19},{"not_picked":["DeceiveReality","FlyingSleeves+1"],"picked":"Tantrum+1","floor":20}],"player_experience":54569,"relics_obtained":[{"floor":6,"key":"White Beast Statue"},{"floor":9,"key":"Orichalcum"},{"floor":14,"key":"Pantograph"}],"event_choices":[{"damage_healed":0,"gold_gain":0,"player_choice":"Gave Potion","damage_taken":0,"relics_obtained":["Tiny Chest"],"max_hp_gain":0,"max_hp_loss":0,"event_name":"WeMeetAgain","floor":8,"gold_loss":0},{"damage_healed":24,"gold_gain":0,"player_choice":"Banana","damage_taken":0,"max_hp_gain":0,"max_hp_loss":0,"event_name":"Big Fish","floor":12,"gold_loss":0}],"is_beta":false,"boss_relics":[{"not_picked":["Cursed Key","aspiration:DefectSkillbook","Fusion Hammer"]}],"items_purged_floors":[13],"is_endless":false,"potions_floor_spawned":[1,3,4,6,10,16,18,19,20],"killed_by":"Shelled Parasite and Fungi","ascension_level":0}}