{"host":"9qk11wtevf51xvhl","time":1611696277,"event":{"mods":["BaseMod","Minty Spire (QoL Compilation)"],"gold_per_floor":[109,109,119,194,211,236,236,261,261,33,33,59,79,4,4,107,107,118,128,140,140,140,140,140],"floor_reached":23,"language":"ENG","playtime":1865,"items_purged":["Strike_R"],"score":314,"play_id":"9bd66353-ed28-4113-ad04-c1218d280eec","local_time":"20210126222437","is_ascension_mode":true,"campfire_choices":[{"data":"Fire Breathing","floor":7,"key":"SMITH"},{"floor":11,"key":"REST"},{"floor":15,"key":"REST"}],"circlet_count":0,"master_deck":["AscendersBane","Bash","Fire Breathing+1","Spot Weakness","Dark Embrace+1","Power Through","Evolve+1","Clothesline+1","Feed+1","Clash+1","Blood for Blood+1","Cleave+1","Twin Strike+1","Bludgeon+1","Fiend Fire+1","Limit Break","Dual Wield","Sever Soul+1","Blood for Blood+1"],"relics":["Burning Blood","Molten Egg 2","Frozen Egg 2","Mercury Hourglass","Lantern","Torii","Pandora\u0027s Box","Dream Catcher"],"acts_visited":["Exordium","TheCity"],"potions_floor_usage":[16,16,23,23,23],"damage_taken":[{"damage":1,"enemies":"2 Louse","floor":1,"turns":3},{"damage":8,"enemies":"Jaw Worm","floor":3,"turns":4},{"damage":5,"enemies":"Small Slimes","floor":5,"turns":3},{"damage":50,"enemies":"Gremlin Nob","floor":6,"turns":6},{"damage":15,"enemies":"3 Sentries","floor":8,"turns":4},{"damage":15,"enemies":"Gremlin Nob","floor":12,"turns":4},{"damage":8,"enemies":"Exordium Wildlife","floor":13,"turns":4},{"damage":7,"enemies":"Slime Boss","floor":16,"turns":7},{"damage":23,"enemies":"3 Byrds","floor":18,"turns":4},{"damage":14,"enemies":"Shell Parasite","floor":19,"turns":2},{"damage":42,"enemies":"Shelled Parasite and Fungi","floor":20,"turns":4},{"damage":24,"enemies":"Book of Stabbing","floor":23,"turns":2}],"seed_played":"-2277309689770685543","potions_obtained":[{"floor":1,"key":"HeartOfIron"},{"floor":13,"key":"LiquidMemories"},{"floor":16,"key":"ElixirPotion"},{"floor":18,"key":"Explosive Potion"},{"floor":20,"key":"SteroidPotion"}],"is_trial":false,"path_per_floor":["M","?","M","?","M","E","R","E","T","$","R","E","M","$","R","B",null,"M","M","M","?","T","E"],"character_chosen":"IRONCLAD","items_purchased":["Lantern","Power Through"],"campfire_rested":2,"item_purchase_floors":[10,10],"current_hp_per_floor":[85,85,83,72,73,29,29,20,20,20,46,37,35,35,61,60,81,64,56,24,24,24,0,0],"gold":140,"neow_bonus":"TEN_PERCENT_HP_BONUS","is_daily":false,"chose_seed":false,"campfire_upgraded":1,"win_rate":0.0,"timestamp":1611696277,"path_taken":["M","?","M","?","M","E","R","E","T","?","R","E","M","?","R","BOSS","M","M","M","?","?","E"],"items_purchased_type":["Relic","Card"],"build_version":"2020-12-22","purchased_purges":1,"victory":false,"max_hp_per_floor":[88,88,88,88,88,88,88,88,88,88,88,88,88,88,88,88,88,88,88,92,92,92,92,92],"card_choices":[{"not_picked":["Power Through","Entrench"],"picked":"Fire Breathing","floor":1},{"not_picked":["Iron Wave","Anger"],"picked":"Cleave","floor":3},{"not_picked":["Thunderclap","Body Slam","Pommel Strike"],"picked":"SKIP","floor":5},{"not_picked":["Cleave+1","Sentinel"],"picked":"Spot Weakness","floor":6},{"not_picked":["Cleave+1","Dropkick+1"],"picked":"Dark Embrace+1","floor":8},{"not_picked":["Body Slam+1","Pommel Strike+1"],"picked":"Evolve+1","floor":12},{"not_picked":["Rampage+1","Pommel Strike+1"],"picked":"Clothesline+1","floor":13},{"not_picked":["Demon Form+1","Impervious"],"picked":"Feed+1","floor":16},{"not_picked":["Clothesline+1","Shockwave"],"picked":"Dual Wield","floor":18},{"not_picked":["Iron Wave+1","Sword Boomerang+1","Thunderclap+1"],"picked":"SKIP","floor":19},{"not_picked":["Headbutt+1","Heavy Blade+1","Sentinel"],"picked":"SKIP","floor":20}],"player_experience":507503,"relics_obtained":[{"floor":6,"key":"Molten Egg 2"},{"floor":8,"key":"Frozen Egg 2"},{"floor":9,"key":"Mercury Hourglass"},{"floor":12,"key":"Torii"},{"floor":22,"key":"Dream Catcher"}],"event_choices":[{"damage_healed":0,"gold_gain":0,"player_choice":"Leave","damage_taken":0,"max_hp_gain":0,"max_hp_loss":0,"event_name":"The Cleric","floor":2,"gold_loss":0},{"damage_healed":0,"gold_gain":75,"player_choice":"Gather Gold","damage_taken":11,"max_hp_gain":0,"max_hp_loss":0,"event_name":"World of Goop","floor":4,"gold_loss":0},{"damage_healed":0,"gold_gain":0,"cards_transformed":["Anger","Cleave"],"player_choice":"Became Test Subject","damage_taken":0,"max_hp_gain":0,"max_hp_loss":0,"event_name":"Drug Dealer","floor":21,"gold_loss":0,"cards_obtained":["Sever Soul","Blood for Blood"]}],"is_beta":false,"boss_relics":[{"not_picked":["Velvet Choker","Black Blood"],"picked":"Pandora\u0027s Box"}],"items_purged_floors":[14],"is_endless":false,"potions_floor_spawned":[1,13,16,18,20],"killed_by":"Book of Stabbing","ascension_level":10}}