{"host":"Ringo","time":1611672864,"event":{"mods":["BaseMod","Colored Map","Conspire","Dota2Spire","Minty Spire (QoL Compilation)","Replay The Spire","StSLib","[IsaacMod]ÒÔÈö¼âËþ","¡¾ÒÅÎï¿¨ÅÆ¡¿REMEMod"],"gold_per_floor":[118,133,146,158,177,211,237,262,262,293,293,328,360,428,428,748,748,827,893,952,999,1053,1119,1217,1276,1303,1372,1293,1370,1370,1477,1477,1679,1679,1715,1779,1832,1832,1832,1978,2070,2184,2184,2333,2406,2484,2547,2603,2603,2773,2808],"floor_reached":52,"language":"ZHS","playtime":1827,"items_purged":[],"score":4016,"play_id":"4bab3076-7865-4986-a3bd-03a02e91915b","local_time":"20210126225424","daily_mods":["SealedDeck","Vintage","Heirloom","Time Dilation","Flight","DeadlyEvents","Elite Swarm","Lethality","Binary"],"is_ascension_mode":true,"campfire_choices":[{"data":"ReplayTheSpireMod:Limb From Limb","floor":11,"key":"SMITH"},{"data":"Seeing Red","floor":15,"key":"SMITH"},{"data":"Replay:Undeath\u0027s Touch","floor":32,"key":"SMITH"},{"data":"Armaments","floor":49,"key":"SMITH"},{"data":"ReplayUltimateDefense","floor":49,"key":"SMITH"}],"circlet_count":0,"master_deck":["AscendersBane","Sword Boomerang","Clash","Shrug It Off","Replay:Undeath\u0027s Touch+1","Pommel Strike","Twin Strike","Sword Boomerang","ReplayTheSpireMod:Limb From Limb+1","Thunderclap","Armaments+1","Seeing Red+1","Good Instincts","conspire:ExplosiveBarrier","Blind","REME_Cut","Dropkick","Dropkick","ReplayTheSpireMod:Trickstab","Barricade","Good Instincts","Armaments","ReplayTheSpireMod:Limb From Limb+1","Replay:Bootleg Shield Generator","REME_BodyOfCthun","REME_ProfessionalPlagiarism","Magnetism","ReplayUltimateDefense+1"],"relics":["Burning Blood","Busted Crown","HushsDoor","REME_ComplimentaryCards","Charon\u0027s Ashes","SteamSale","Toy Ornithopter","SatanicBible","Chameleon Ring","Sundial","Paper Frog","PokeGo","Bird Faced Urn","Replay:Rubber Ducky","Replay:Bottled Snecko","Letter Opener","Replay:Bandana","Blue Doll","Pet Ghost","REME_LowDesire","Dota2Spire:MagicBottle","Dota2Spire:LotusOrb","Replay:Bottled Steam","Counterbalance","Dota2Spire:EyeOfSkadi","Omamori","ReplayTheSpireMod:TigerMarble","Dota2Spire:HandOfMidas","Dota2Spire:ArmletOfMordiggian","AnarchistCookbook","HowToJump","Damocles","Membership Card","Gambling Chip","REME_HandOfSuture","SharpPlug","YumHeart","Dota2Spire:Vanguard","PrismaticShard","Pen Nib","Strawberry","Dream Catcher","Dota2Spire:RefresherOrb","Potion Belt","Dota2Spire:AghanimScepter","Centennial Puzzle","Dota2Spire:PowerTreads","D4","Sling","Peace Pipe","Gremlin Horn","REME_ArchaeologicalTools","Dota2Spire:ArcaneBoots","DollysMirror","Nunchaku","Dota2Spire:EchoSabre","PunchingBag","Dota2Spire:ShivaGuard","BelialBook","REME_LimitBreaker","TheBible","Anchor","Eternal Feather","Oddly Smooth Stone","Molten Egg 2","Replay:Mystery Machine","Replay:Arrowhead","ReplayTheSpireMod:Lightbulb","Dota2Spire:DrumOfEndurance","Garlic","PreservedInsect"],"acts_visited":["Exordium","TheCity","TheBeyond"],"potions_floor_usage":[6,18,18,20,33,33,51],"damage_taken":[{"damage":0,"enemies":"Cultist","floor":1,"turns":1},{"damage":0,"enemies":"conspire:RoseBush","floor":2,"turns":1},{"damage":0,"enemies":"2 Louse","floor":3,"turns":1},{"damage":0,"enemies":"Red Slaver","floor":4,"turns":1},{"damage":0,"enemies":"Exordium Thugs","floor":5,"turns":1},{"damage":0,"enemies":"Gremlin Nob","floor":6,"turns":1},{"damage":0,"enemies":"Lagavulin","floor":7,"turns":2},{"damage":0,"enemies":"3 Sentries","floor":8,"turns":2},{"damage":0,"enemies":"Gremlin Nob","floor":10,"turns":1},{"damage":0,"enemies":"Replay:BlueRogue","floor":12,"turns":1},{"damage":0,"enemies":"Looter","floor":13,"turns":1},{"damage":0,"enemies":"Gremlin Nob","floor":14,"turns":2},{"damage":0,"enemies":"Fading Forest","floor":16,"turns":8},{"damage":0,"enemies":"3 Byrds","floor":18,"turns":2},{"damage":0,"enemies":"conspire:FuzzyDice","floor":19,"turns":1},{"damage":0,"enemies":"Snake Plant","floor":20,"turns":2},{"damage":0,"enemies":"Centurion and Healer","floor":21,"turns":1},{"damage":0,"enemies":"3 Cultists","floor":22,"turns":1},{"damage":0,"enemies":"Slavers","floor":23,"turns":2},{"damage":0,"enemies":"Replay:Snechameleon","floor":24,"turns":1},{"damage":0,"enemies":"Gremlin Leader","floor":25,"turns":2},{"damage":0,"enemies":"REME_1_Revenger","floor":27,"turns":1},{"damage":0,"enemies":"Gremlin Leader","floor":29,"turns":1},{"damage":0,"enemies":"REME_1_Revenger","floor":31,"turns":1},{"damage":0,"enemies":"Pondfish","floor":33,"turns":3},{"damage":0,"enemies":"3 Shapes","floor":35,"turns":1},{"damage":0,"enemies":"Orb Walker","floor":36,"turns":1},{"damage":0,"enemies":"Jaw Worm Horde","floor":37,"turns":1},{"damage":0,"enemies":"R_Hoarder","floor":40,"turns":1},{"damage":0,"enemies":"Nemesis","floor":41,"turns":1},{"damage":0,"enemies":"R_Hoarder","floor":42,"turns":1},{"damage":0,"enemies":"Giant Head","floor":44,"turns":1},{"damage":0,"enemies":"R_Hoarder","floor":45,"turns":1},{"damage":0,"enemies":"Giant Head","floor":46,"turns":1},{"damage":0,"enemies":"R_Hoarder","floor":47,"turns":1},{"damage":0,"enemies":"Nemesis","floor":48,"turns":1},{"damage":0,"enemies":"Donu and Deca","floor":50,"turns":3},{"damage":0,"enemies":"conspire:OrnateMirror","floor":51,"turns":1}],"seed_played":"8741562167547445534","potions_obtained":[{"floor":1,"key":"Dota2Spire:Clarity"},{"floor":6,"key":"Block Potion"},{"floor":7,"key":"GamblersBrew"},{"floor":19,"key":"ColorlessPotion"},{"floor":21,"key":"LifebloodPotion"},{"floor":24,"key":"Adrenaline Potion"},{"floor":37,"key":"SneckoOil"},{"floor":40,"key":"BlessingOfTheForge"},{"floor":46,"key":"Energy Potion"}],"is_trial":true,"path_per_floor":["M","M","M","M","M","E","E","E","T","E","R","E","M","E","R","B",null,"M","M","M","M","M","E","E","E","T","E","$","E","$","E","R","B",null,"M","M","M","$","$","E","E","E","T","E","E","E","E","E","R","B","B",null],"character_chosen":"IRONCLAD","items_purchased":["Membership Card","Gambling Chip","REME_HandOfSuture","conspire:ExplosiveBarrier","Dota2Spire:Vanguard","PrismaticShard","Pen Nib","REME_Cut","Dropkick","ReplayTheSpireMod:Trickstab","Barricade","Good Instincts","Sling","Peace Pipe","Gremlin Horn","Armaments","REME_ArchaeologicalTools","Dota2Spire:ArcaneBoots","DollysMirror","Replay:Bootleg Shield Generator"],"campfire_rested":0,"item_purchase_floors":[28,28,28,28,30,30,30,30,30,30,34,34,38,38,38,38,39,39,39,39],"current_hp_per_floor":[74,75,75,75,75,75,75,75,75,75,75,75,75,75,75,75,75,75,75,80,80,80,80,80,80,80,80,80,80,80,87,87,87,81,81,81,81,81,81,81,81,81,81,81,81,81,81,81,81,81,81],"gold":2808,"neow_bonus":"","is_daily":false,"chose_seed":false,"campfire_upgraded":5,"win_rate":0.0,"timestamp":1611672864,"path_taken":["M","M","M","M","M","E","E","E","T","E","R","E","M","E","R","BOSS","M","M","M","M","M","E","E","E","T","E","$","E","$","E","R","BOSS","M","M","M","$","$","E","E","E","T","E","E","E","E","E","R","BOSS","BOSS"],"items_purchased_type":["Relic","Relic","Relic","Card","Relic","Relic","Relic","Card","Card","Card","Card","Card","Relic","Relic","Relic","Card","Relic","Relic","Relic","Card"],"build_version":"2020-12-18","purchased_purges":0,"victory":true,"max_hp_per_floor":[75,75,75,75,75,75,75,75,75,75,75,75,75,75,75,75,75,75,75,80,80,80,80,80,80,80,80,80,80,80,87,87,87,81,81,81,81,81,81,81,81,81,81,81,81,81,81,81,81,81,81],"card_choices":[{"not_picked":["REME_PuzzleBox"],"picked":"SKIP","floor":23},{"not_picked":[],"picked":"Good Instincts","floor":24},{"not_picked":["Transmutation"],"picked":"SKIP","floor":25},{"not_picked":["REME_BuildACard"],"picked":"SKIP","floor":27},{"not_picked":[],"picked":"Blind","floor":29},{"not_picked":["Metamorphosis"],"picked":"SKIP","floor":31},{"not_picked":[],"picked":"REME_BodyOfCthun","floor":40},{"not_picked":["REME_ProfessionalPlagiarism"],"picked":"SKIP","floor":41},{"not_picked":[],"picked":"REME_ProfessionalPlagiarism","floor":41},{"not_picked":["Enlightenment"],"picked":"SKIP","floor":42},{"not_picked":[],"picked":"Magnetism","floor":44},{"not_picked":["Replay:Sssssssssshield"],"picked":"SKIP","floor":45},{"not_picked":["Replay:Sssssssssshield"],"picked":"SKIP","floor":46},{"not_picked":[],"picked":"ReplayUltimateDefense","floor":47},{"not_picked":["REME_WheelOfFate"],"picked":"SKIP","floor":48}],"player_experience":568249,"relics_obtained":[{"floor":1,"key":"Toy Ornithopter"},{"floor":2,"key":"SatanicBible"},{"floor":3,"key":"Chameleon Ring"},{"floor":4,"key":"Sundial"},{"floor":5,"key":"Paper Frog"},{"floor":6,"key":"PokeGo"},{"floor":7,"key":"Bird Faced Urn"},{"floor":8,"key":"Replay:Rubber Ducky"},{"floor":9,"key":"Replay:Bottled Snecko"},{"floor":10,"key":"Letter Opener"},{"floor":12,"key":"Replay:Bandana"},{"floor":13,"key":"Blue Doll"},{"floor":14,"key":"Pet Ghost"},{"floor":17,"key":"Dota2Spire:MagicBottle"},{"floor":17,"key":"Dota2Spire:LotusOrb"},{"floor":18,"key":"Replay:Bottled Steam"},{"floor":19,"key":"Counterbalance"},{"floor":20,"key":"Dota2Spire:EyeOfSkadi"},{"floor":21,"key":"Omamori"},{"floor":22,"key":"ReplayTheSpireMod:TigerMarble"},{"floor":23,"key":"Dota2Spire:HandOfMidas"},{"floor":24,"key":"Dota2Spire:ArmletOfMordiggian"},{"floor":25,"key":"AnarchistCookbook"},{"floor":26,"key":"HowToJump"},{"floor":27,"key":"Damocles"},{"floor":29,"key":"SharpPlug"},{"floor":29,"key":"YumHeart"},{"floor":31,"key":"Strawberry"},{"floor":31,"key":"Dream Catcher"},{"floor":35,"key":"Potion Belt"},{"floor":36,"key":"Dota2Spire:AghanimScepter"},{"floor":36,"key":"Centennial Puzzle"},{"floor":37,"key":"Dota2Spire:PowerTreads"},{"floor":37,"key":"D4"},{"floor":40,"key":"Nunchaku"},{"floor":40,"key":"Dota2Spire:EchoSabre"},{"floor":41,"key":"PunchingBag"},{"floor":41,"key":"Dota2Spire:ShivaGuard"},{"floor":42,"key":"BelialBook"},{"floor":42,"key":"REME_LimitBreaker"},{"floor":43,"key":"TheBible"},{"floor":44,"key":"Anchor"},{"floor":44,"key":"Eternal Feather"},{"floor":45,"key":"Oddly Smooth Stone"},{"floor":45,"key":"Molten Egg 2"},{"floor":46,"key":"Replay:Mystery Machine"},{"floor":46,"key":"Replay:Arrowhead"},{"floor":47,"key":"ReplayTheSpireMod:Lightbulb"},{"floor":47,"key":"Dota2Spire:DrumOfEndurance"},{"floor":48,"key":"Garlic"},{"floor":48,"key":"PreservedInsect"}],"event_choices":[],"is_beta":true,"boss_relics":[{"not_picked":["Replay:Ancient Bell","ReplayTheSpireMod:DimensionalGlitch"],"picked":"REME_LowDesire"},{"not_picked":[]},{"not_picked":["Snecko Heart","Honey Jar"],"picked":"Dota2Spire:RefresherOrb"},{"not_picked":[]}],"items_purged_floors":[],"is_endless":false,"potions_floor_spawned":[1,6,7,12,13,14,19,21,24,25,31,37,40,46],"ascension_level":20}}