{"host":"3zb3nk4wvq0dtbuh","time":1611663090,"event":{"mods":["AchievementEnabler","BaseMod","Lobotomy","Minty Spire (QoL Compilation)","Quick Restart","Relic Filter Mod","StSLib","SuperFastMode","The Blackbeard"],"gold_per_floor":[116,127,147,147,147,147,164,71,71,46,46,46,46,64,64,162,162,173,173,184,203,203,203,216,216,216,216,233,257,267,267,267,267,267],"floor_reached":33,"language":"ZHS","playtime":758,"items_purged":[],"score":237,"play_id":"78451efd-ee88-4095-8171-d6117f990433","local_time":"20210126201130","is_ascension_mode":false,"campfire_choices":[{"data":"Bash","floor":6.0,"key":"SMITH"},{"data":"True Grit","floor":13.0,"key":"SMITH"},{"data":"Metallicize","floor":15.0,"key":"SMITH"},{"data":"Armaments","floor":23.0,"key":"SMITH"},{"data":"Corruption","floor":25.0,"key":"SMITH"},{"data":"Shrug It Off","floor":27.0,"key":"SMITH"},{"floor":32,"key":"REST"}],"circlet_count":0,"master_deck":["Strike_R","Strike_R","Strike_R","Strike_R","Defend_R","Defend_R","Defend_R","Defend_R","Bash+1","Shrug It Off+1","Rampage+1","True Grit+1","Finesse","True Grit+1","Metallicize+1","Corruption+1","Metallicize+1","Armaments+1"],"relics":["Runic Pyramid"],"acts_visited":["Exordium","TheCity"],"potions_floor_usage":[28],"damage_taken":[{"damage":2.0,"enemies":"Small Slimes","floor":1.0,"turns":4.0},{"damage":7.0,"enemies":"2 Louse","floor":2.0,"turns":3.0},{"damage":0.0,"enemies":"Jaw Worm","floor":3.0,"turns":3.0},{"damage":5.0,"enemies":"3 Louse","floor":7.0,"turns":4.0},{"damage":3.0,"enemies":"Large Slime","floor":14.0,"turns":8.0},{"damage":2.0,"enemies":"Hexaghost","floor":16.0,"turns":9.0},{"damage":6.0,"enemies":"3 Byrds","floor":18.0,"turns":7.0},{"damage":0.0,"enemies":"Chosen","floor":20.0,"turns":7.0},{"damage":6.0,"enemies":"Shelled Parasite and Fungi","floor":21.0,"turns":8.0},{"damage":21.0,"enemies":"Snake Plant","floor":24.0,"turns":6.0},{"damage":17,"enemies":"Chosen and Byrds","floor":28,"turns":12},{"damage":13,"enemies":"Centurion and Healer","floor":30,"turns":7},{"damage":0,"enemies":"Automaton","floor":33,"turns":1}],"seed_played":"-6393022089299918704","potions_obtained":[{"floor":2.0,"key":"LiquidMemories"},{"floor":7.0,"key":"Regen Potion"},{"floor":14.0,"key":"Strength Potion"},{"floor":18.0,"key":"Block Potion"}],"is_trial":false,"path_per_floor":["M","M","M","?","?","R","M","$","T","$","?","?","R","M","R","B",null,"M","?","M","M","?","R","M","R","T","R","M","T","M","$","R","B"],"character_chosen":"IRONCLAD","items_purchased":["Finesse","True Grit"],"campfire_rested":1,"item_purchase_floors":[8,10],"current_hp_per_floor":[78,71,71,71,55,55,50,50,50,50,50,50,50,47,47,45,80,74,74,74,68,68,68,47,47,47,47,30,30,17,17,41,41,41],"gold":267,"neow_bonus":"BOSS_RELIC","is_daily":false,"chose_seed":false,"campfire_upgraded":6,"win_rate":0.0,"timestamp":1611663090,"path_taken":["M","M","M","?","?","R","M","?","T","$","?","?","R","M","R","BOSS","M","?","M","M","?","R","M","R","T","R","?","?","M","$","R","BOSS"],"items_purchased_type":["Card","Card"],"build_version":"2020-12-22","purchased_purges":0,"victory":false,"max_hp_per_floor":[80,80,80,80,80,80,80,80,80,80,80,80,80,80,80,80,80,80,80,80,80,80,80,80,80,80,80,80,80,80,80,80,80,80],"card_choices":[{"not_picked":["Heavy Blade","Flex"],"picked":"Shrug It Off","floor":1.0},{"not_picked":["Armaments","Bloodletting"],"picked":"Rampage","floor":2.0},{"not_picked":["Headbutt","Hemokinesis"],"picked":"True Grit","floor":3.0},{"not_picked":["Bloodletting","Barricade","Hemokinesis"],"picked":"SKIP","floor":7.0},{"not_picked":["Second Wind","Feel No Pain"],"picked":"Metallicize","floor":14.0},{"not_picked":["Limit Break","Barricade"],"picked":"Corruption","floor":16.0},{"not_picked":["Searing Blow","Heavy Blade"],"picked":"Metallicize+1","floor":18.0},{"not_picked":["Twin Strike","Iron Wave+1","Pommel Strike"],"picked":"SKIP","floor":20.0},{"not_picked":["Sword Boomerang","Headbutt"],"picked":"Armaments","floor":21.0},{"not_picked":["Infernal Blade","Evolve","Clash"],"picked":"SKIP","floor":24.0},{"not_picked":["Feed","Whirlwind","Flex+1"],"picked":"SKIP","floor":28},{"not_picked":["Warcry","Heavy Blade","Iron Wave"],"picked":"SKIP","floor":30}],"player_experience":28469,"relics_obtained":[],"event_choices":[{"damage_healed":0.0,"max_hp_gain":0.0,"max_hp_loss":0.0,"gold_gain":0.0,"event_name":"Scrap Ooze","player_choice":"Fled","floor":4.0,"gold_loss":0.0,"damage_taken":0.0},{"damage_healed":0.0,"max_hp_gain":0.0,"max_hp_loss":0.0,"gold_gain":0.0,"event_name":"Shining Light","player_choice":"Entered Light","floor":5.0,"gold_loss":0.0,"damage_taken":16.0,"cards_upgraded":["Rampage","True Grit"]},{"damage_healed":0.0,"max_hp_gain":0.0,"max_hp_loss":0.0,"gold_gain":0.0,"event_name":"Golden Idol","player_choice":"Ignored","floor":11.0,"gold_loss":0.0,"damage_taken":0.0},{"damage_healed":0.0,"max_hp_gain":0.0,"max_hp_loss":0.0,"gold_gain":0.0,"event_name":"Liars Game","player_choice":"Ignored","floor":12.0,"gold_loss":0.0,"damage_taken":0.0},{"cards_removed":["Strike_R"],"damage_healed":0.0,"max_hp_gain":0.0,"max_hp_loss":0.0,"gold_gain":0.0,"event_name":"Purifier","player_choice":"Purged","floor":22.0,"gold_loss":0.0,"damage_taken":0.0}],"is_beta":false,"boss_relics":[{"not_picked":["Circlet","Circlet","Circlet"]}],"items_purged_floors":[],"is_endless":false,"potions_floor_spawned":[2,7,14,16,18,20],"killed_by":"Automaton","ascension_level":0}}