{"host":"a3oe3gstxz77c7qu","time":1611703227,"event":{"mods":["2.2 Compatiblity","Act Like it!","Astrologer","BaseMod","Bestiary","Better Altar","Better Match","Better Note","Better Skull","Better Third Choice","Block Reminder","Curses Come First","Custom Start","Dark Map","Downfall","Fox Events","Friendly Minions","GifTheSpireLib","Hallownest","Hermit","Jorbs\u0027s Wanderer Trilogy","Lobotomy","LobotomyExtend","Marisa????????","Minty Spire (QoL Compilation)","Permanent Neow","Quick Restart","Relic Stats","Spire Arcade","StSLib","The Bug Knight","The Cursed","The Disciple","The Jungle","Uncapped","Unknown Chances","Wandering Minibosses"],"gold_per_floor":[120,138,155,155,168,168,193,193,216,245,225,225,225,225,225,326,326,344,356,367,387,312,312,326,355,402,429,354,354,382,398,398,503,503,517,617,630,282,298,324,324,355,355,1,1,1,35,47,47,47],"floor_reached":51,"language":"ENG","playtime":3520,"items_purged":["QueenOfHatred","UniverseFragment"],"score":2783,"play_id":"70c169a1-6bba-4fe6-b9d0-6266c841b0a5","local_time":"20210126232027","is_ascension_mode":true,"campfire_choices":[],"circlet_count":0,"master_deck":["SpecialBullet","SpecialBullet","SpecialBullet","SpecialBullet","SpecialBullet","SpecialBullet","SpecialBullet","SpecialBullet","CentralCode","SecurityCode","WristCuter+1","CENSORED_ego","RecordCode","Diffraction+1","ExtractionCode","Regret_ego","SilentOrchestra","TheSmile","DisciplinaryCode","GoldRush","Variant","WristCuter","GreenStem","Regret_ego+1","Diffraction","SpecialBullet"],"relics":["CogitoBucket","RabbitCall","Strawberry","LetterFromLob","Bronze Scales","Dream Catcher","Juzu Bracelet","LaetitiaHeart","MagicBullet_r","bronze:MakeshiftBattery","AspirationHeart","Gambling Chip","Smiling Mask","Gremlin Horn","Singing Bowl","Theresia","Empty Cage","Medical Kit","Ginger","Meat on the Bone","Mango","HollowMod:JonisBlessing","sneckomod:BlankCard","Dead Branch","AtMidnight","BackwardClock"],"acts_visited":["Exordium","TheCity","TheBeyond"],"potions_floor_usage":[7,10,33,38,51,51,51],"damage_taken":[{"damage":0,"enemies":"Cultist","floor":1,"turns":3},{"damage":0,"enemies":"Small Slimes","floor":2,"turns":3},{"damage":0,"enemies":"2 Louse","floor":3,"turns":3},{"damage":0,"enemies":"Red Slaver","floor":5,"turns":3},{"damage":4,"enemies":"Gremlin Nob","floor":7,"turns":3},{"damage":0,"enemies":"3 Sentries","floor":10,"turns":7},{"damage":0,"enemies":"3 Louse","floor":14,"turns":2},{"damage":0,"enemies":"The Guardian","floor":16,"turns":6},{"damage":0,"enemies":"Spheric Guardian","floor":18,"turns":3},{"damage":0,"enemies":"3 Byrds","floor":19,"turns":3},{"damage":0,"enemies":"Snake Plant","floor":20,"turns":2},{"damage":0,"enemies":"Shelled Parasite and Fungi","floor":21,"turns":3},{"damage":25,"enemies":"3 Cultists","floor":24,"turns":5},{"damage":14,"enemies":"HollowMod:Nosk","floor":25,"turns":7},{"damage":3,"enemies":"Book of Stabbing","floor":27,"turns":6},{"damage":10,"enemies":"HollowMod:Nosk","floor":30,"turns":6},{"damage":17,"enemies":"Snecko","floor":31,"turns":4},{"damage":74,"enemies":"Champ","floor":33,"turns":8},{"damage":40,"enemies":"3 Darklings","floor":35,"turns":5},{"damage":1,"enemies":"Orb Walker","floor":37,"turns":2},{"damage":6,"enemies":"3 Darklings","floor":39,"turns":6},{"damage":9,"enemies":"Nemesis","floor":40,"turns":6},{"damage":10,"enemies":"Reptomancer","floor":42,"turns":8},{"damage":0,"enemies":"Giant Head","floor":45,"turns":7},{"damage":0,"enemies":"Nemesis","floor":47,"turns":5},{"damage":0,"enemies":"Spire Growth","floor":48,"turns":4},{"damage":0,"enemies":"Awakened One","floor":50,"turns":13},{"damage":0,"enemies":"Malkuth","floor":51,"turns":5},{"damage":0,"enemies":"Yesod","floor":51,"turns":8},{"damage":0,"enemies":"Geburah","floor":51,"turns":23},{"damage":20,"enemies":"Binah","floor":51,"turns":26},{"damage":0,"enemies":"Angela","floor":51,"turns":15}],"seed_played":"1120830556449122639","potions_obtained":[{"floor":3,"key":"AttackPotion"},{"floor":5,"key":"Fire Potion"},{"floor":11,"key":"SpeedPotion"},{"floor":16,"key":"Ancient Potion"},{"floor":18,"key":"sneckomod:MuddlingPotion"},{"floor":30,"key":"Slimebound:ThreeZeroPotion"},{"floor":37,"key":"ColorlessPotion"},{"floor":39,"key":"SmokeBomb"},{"floor":48,"key":"ColorlessPotion"}],"is_trial":false,"path_per_floor":["M","M","M","?","M","R","E","R","T","E","?","?","R","M","R","B",null,"M","M","M","M","?","R","M","E","T","E","?","R","E","M","R","B",null,"M","?","M","$","M","E","R","E","T","$","E","R","E","M","R","B",null],"character_chosen":"Angela","items_purchased":["Fruit Juice","Medical Kit","Regret_ego","HollowMod:JonisBlessing","sneckomod:BlankCard"],"campfire_rested":0,"item_purchase_floors":[38,38,38,44,44],"current_hp_per_floor":[77,77,77,77,77,77,77,77,77,77,77,77,77,77,77,77,77,87,87,91,91,91,91,91,91,91,91,91,91,93,95,95,63,96,107,107,111,116,126,130,130,138,152,152,152,152,156,136,312,312],"gold":47,"neow_bonus":"RANDOM_COMMON_RELIC","is_daily":false,"chose_seed":false,"campfire_upgraded":0,"win_rate":0.0,"timestamp":1611703227,"path_taken":["M","?","M","?","M","R","E","R","T","E","?","?","R","M","R","BOSS","M","M","M","M","?","R","M","E","T","E","?","R","E","M","R","BOSS","M","?","M","$","M","E","R","E","T","$","E","R","E","M","R","BOSS"],"items_purchased_type":["Potion","Relic","Card","Relic","Relic"],"build_version":"2020-12-22","purchased_purges":2,"victory":true,"max_hp_per_floor":[77,77,77,77,77,77,77,77,77,77,77,77,77,77,77,77,77,87,87,91,91,91,91,91,91,91,91,91,91,93,95,95,103,103,107,107,111,116,126,130,130,138,152,152,152,152,156,156,312,312],"relic_stats":{"Gremlin Horn":[21,23],"Singing Bowl":34,"counters":[36,214],"Dead Branch":[350],"Juzu Bracelet":1,"Ginger":[37],"Smiling Mask":75,"Medical Kit":[5],"Dream Catcher":0,"Bronze Scales":[660],"Gambling Chip":[52],"obtain_stats":[{"RabbitCall":0,"Gremlin Horn":27,"Singing Bowl":30,"sneckomod:BlankCard":44,"Mango":43,"Juzu Bracelet":10,"Ginger":40,"Smiling Mask":26,"Empty Cage":34,"CogitoBucket":0,"Dream Catcher":9,"LaetitiaHeart":14,"Strawberry":0,"Gambling Chip":25,"BackwardClock":48,"MagicBullet_r":14,"Dead Branch":47,"AspirationHeart":18,"HollowMod:JonisBlessing":44,"Medical Kit":38,"Bronze Scales":7,"AtMidnight":48,"LetterFromLob":1,"Theresia":31,"bronze:MakeshiftBattery":17,"Meat on the Bone":42},{"RabbitCall":0,"Gremlin Horn":16,"Singing Bowl":17,"sneckomod:BlankCard":25,"Mango":25,"Juzu Bracelet":6,"Ginger":24,"Smiling Mask":15,"Empty Cage":20,"CogitoBucket":0,"Dream Catcher":5,"LaetitiaHeart":6,"Strawberry":0,"Gambling Chip":15,"BackwardClock":29,"MagicBullet_r":7,"Dead Branch":27,"AspirationHeart":10,"HollowMod:JonisBlessing":25,"Medical Kit":22,"Bronze Scales":5,"AtMidnight":29,"LetterFromLob":1,"Theresia":19,"bronze:MakeshiftBattery":8,"Meat on the Bone":25},{"RabbitCall":0,"Gremlin Horn":60,"Singing Bowl":66,"sneckomod:BlankCard":106,"Mango":106,"Juzu Bracelet":22,"Ginger":98,"Smiling Mask":54,"Empty Cage":79,"CogitoBucket":0,"Dream Catcher":15,"LaetitiaHeart":22,"Strawberry":0,"Gambling Chip":54,"BackwardClock":123,"MagicBullet_r":24,"Dead Branch":118,"AspirationHeart":34,"HollowMod:JonisBlessing":106,"Medical Kit":86,"Bronze Scales":15,"AtMidnight":123,"LetterFromLob":3,"Theresia":71,"bronze:MakeshiftBattery":30,"Meat on the Bone":106}],"Meat on the Bone":0},"card_choices":[{"not_picked":["Harvest","Noise"],"picked":"SKIP","floor":1},{"not_picked":["QueenBee","CherryBlossoms"],"picked":"UniverseFragment","floor":2},{"not_picked":["Tough","Beak"],"picked":"SKIP","floor":2},{"not_picked":["Moonlight"],"picked":"WristCuter","floor":3},{"not_picked":["Logging","Tough"],"picked":"SKIP","floor":5},{"not_picked":["Bloodbath","BeautyBeast"],"picked":"LongBird","floor":7},{"not_picked":["DaCapo","TodaysExpression"],"picked":"SKIP","floor":7},{"not_picked":["FourthMatchFlame","Mimicry"],"picked":"SKIP","floor":10},{"not_picked":["SoundOfStar"],"picked":"CENSORED_ego","floor":16},{"not_picked":["Tough","Reverberation"],"picked":"SKIP","floor":18},{"not_picked":["Penitence","Harvest"],"picked":"SKIP","floor":19},{"not_picked":["OldLady","LittleHelper"],"picked":"Funeral","floor":20},{"not_picked":["Loneliness+1","GrinderMk4"],"picked":"SKIP","floor":20},{"not_picked":["CrimsonScar","FrostShard"],"picked":"SKIP","floor":21},{"not_picked":["Gaze","Pleasure"],"picked":"SKIP","floor":24},{"not_picked":["TodaysExpression"],"picked":"Diffraction+1","floor":25},{"not_picked":["ScreamingWedge","Adoration"],"picked":"SKIP","floor":27},{"not_picked":["Wingbeat+1","SoundOfStar"],"picked":"Singing Bowl","floor":30},{"not_picked":["Penitence+1","SomewhereSpear"],"picked":"Singing Bowl","floor":31},{"not_picked":["ParadiseLost","SoundOfStar"],"picked":"Singing Bowl","floor":33},{"not_picked":["Mimicry","SoundOfStar"],"picked":"Singing Bowl","floor":33},{"not_picked":["BigBird","QueenBee"],"picked":"QueenOfHatred","floor":33},{"not_picked":["RapturousDream+1","Noise"],"picked":"Singing Bowl","floor":35},{"not_picked":["Soda","FrostShard+1"],"picked":"Singing Bowl","floor":35},{"not_picked":["Horn","CUTE"],"picked":"Singing Bowl","floor":37},{"not_picked":["Regret_ego","Galaxy"],"picked":"Singing Bowl","floor":37},{"not_picked":["Harvest","SomewhereSpear"],"picked":"Singing Bowl","floor":39},{"not_picked":["SoundOfStar","GrinderMk4"],"picked":"Singing Bowl","floor":39},{"not_picked":["Lantern","RapturousDream+1"],"picked":"Singing Bowl","floor":39},{"not_picked":["CENSORED","BodiesMountain"],"picked":"SilentOrchestra","floor":39},{"not_picked":["Beak+1"],"picked":"TheSmile","floor":40},{"not_picked":["Loneliness+1","ScreamingWedge"],"picked":"Singing Bowl","floor":40},{"not_picked":["Diffraction+1","TodaysExpression+1"],"picked":"Singing Bowl","floor":40},{"not_picked":["Loneliness","CUTE"],"picked":"Singing Bowl","floor":42},{"not_picked":["Discord+1"],"picked":"GoldRush","floor":42},{"not_picked":["RedEyes+1","Noise+1"],"picked":"Singing Bowl","floor":42},{"not_picked":["Alriune","Mercenary"],"picked":"Variant","floor":42},{"not_picked":["Penitence+1"],"picked":"WristCuter","floor":47},{"not_picked":["Pleasure+1","Beak"],"picked":"Singing Bowl","floor":47},{"not_picked":["Tough","Heaven"],"picked":"Singing Bowl","floor":47},{"not_picked":["FrostShard"],"picked":"GreenStem","floor":48},{"not_picked":["Loneliness"],"picked":"Regret_ego+1","floor":48},{"not_picked":["Spore+1"],"picked":"Diffraction","floor":48}],"player_experience":1095628,"relics_obtained":[{"floor":1,"key":"LetterFromLob"},{"floor":7,"key":"Bronze Scales"},{"floor":9,"key":"Dream Catcher"},{"floor":10,"key":"Juzu Bracelet"},{"floor":25,"key":"Gambling Chip"},{"floor":26,"key":"Smiling Mask"},{"floor":27,"key":"Gremlin Horn"},{"floor":30,"key":"Singing Bowl"},{"floor":40,"key":"Ginger"},{"floor":42,"key":"Meat on the Bone"},{"floor":43,"key":"Mango"},{"floor":47,"key":"Dead Branch"},{"floor":48,"key":"AtMidnight"}],"event_choices":[{"damage_healed":0,"gold_gain":0,"player_choice":"Grow","damage_taken":0,"max_hp_gain":0,"max_hp_loss":0,"event_name":"Living Wall","floor":4,"gold_loss":0,"cards_upgraded":["WristCuter"]},{"damage_healed":0,"gold_gain":0,"player_choice":"Bought 1 Potion","damage_taken":0,"max_hp_gain":0,"max_hp_loss":0,"event_name":"The Woman in Blue","floor":11,"gold_loss":0},{"cards_removed":["InformationCode"],"damage_healed":0,"gold_gain":0,"player_choice":"Gave Gold","damage_taken":0,"max_hp_gain":0,"max_hp_loss":0,"event_name":"Beggar","floor":22,"gold_loss":75},{"damage_healed":0,"gold_gain":0,"player_choice":"2","damage_taken":0,"max_hp_gain":0,"max_hp_loss":0,"event_name":"betterMatch:BetterMatch","floor":28,"gold_loss":0,"cards_obtained":["betterMatch:CommonCard"]},{"damage_healed":0,"gold_gain":100,"player_choice":"Pray","damage_taken":0,"max_hp_gain":0,"max_hp_loss":0,"event_name":"Golden Shrine","floor":36,"gold_loss":0}],"is_beta":false,"boss_relics":[{"not_picked":["Snecko Eye","Astrolabe"],"picked":"bronze:MakeshiftBattery"},{"not_picked":["Velvet Choker","sneckomod:SneckoTalon"],"picked":"Empty Cage"}],"items_purged_floors":[38,44],"is_endless":false,"potions_floor_spawned":[3,5,16,18,24,25,30,31,37,39,45,48],"ascension_level":9}}