{"host":"yx5rao87132cy5xq","time":1611678374,"event":{"mods":["2.2 Compatiblity","AchievementEnabler","BaseMod","Bestiary","Colored Map","Colored Powertips","Minty Spire (QoL Compilation)","Quick Restart","Relic Stats","Slay-I","SuperFastMode"],"gold_per_floor":[118,130,130,141,106,106,140,140,165,165,191,191,191,210,210,308,308,233,233,260,20,20,20,20,20],"floor_reached":24,"language":"POL","playtime":1347,"items_purged":[],"score":297,"play_id":"462e1c0e-0a43-49da-ba26-8ebd654dc56c","local_time":"20210126172614","is_ascension_mode":true,"campfire_choices":[{"data":"Wild Strike","floor":6,"key":"SMITH"},{"data":"Armaments","floor":8,"key":"SMITH"},{"data":"Cleave","floor":10,"key":"SMITH"},{"data":"Inflame","floor":12,"key":"SMITH"},{"floor":15,"key":"REST"},{"data":"Whirlwind","floor":23,"key":"SMITH"}],"circlet_count":0,"master_deck":["AscendersBane","Strike_R+1","Strike_R+1","Strike_R+1","Defend_R+1","Defend_R+1","Defend_R+1","Defend_R+1","Bash+1","Cleave+1","Wild Strike+1","Armaments+1","Inflame+1","Dark Embrace","Reaper","Pommel Strike","Wild Strike","Whirlwind+1","Pommel Strike"],"relics":["Burning Blood","Smiling Mask","Art of War","Mummified Hand","Bird Faced Urn","Empty Cage","Oddly Smooth Stone","Bronze Scales"],"acts_visited":["Exordium","TheCity"],"potions_floor_usage":[],"damage_taken":[{"damage":19,"enemies":"Jaw Worm","floor":1,"turns":5},{"damage":1,"enemies":"2 Louse","floor":2,"turns":2},{"damage":1,"enemies":"Cultist","floor":4,"turns":3},{"damage":35,"enemies":"3 Sentries","floor":7,"turns":8},{"damage":23,"enemies":"Gremlin Nob","floor":11,"turns":4},{"damage":7,"enemies":"Looter","floor":14,"turns":3},{"damage":27,"enemies":"Slime Boss","floor":16,"turns":9},{"damage":39,"enemies":"2 Thieves","floor":18,"turns":5},{"damage":64,"enemies":"Book of Stabbing","floor":24,"turns":5}],"seed_played":"7456393452441845463","potions_obtained":[{"floor":1,"key":"Swift Potion"},{"floor":2,"key":"Swift Potion"},{"floor":7,"key":"ColorlessPotion"},{"floor":11,"key":"SpeedPotion"}],"is_trial":false,"path_per_floor":["M","M","?","M","?","R","E","R","T","R","E","R","?","M","R","B",null,"M","?","T","$","?","R","E"],"character_chosen":"IRONCLAD","items_purchased":["Bronze Scales","Whirlwind","Pommel Strike"],"campfire_rested":1,"item_purchase_floors":[21,21,21],"current_hp_per_floor":[59,64,64,69,80,80,51,51,51,51,34,34,34,35,59,42,71,54,54,54,54,54,54,0,0],"gold":20,"neow_bonus":"UPGRADE_CARD","is_daily":false,"chose_seed":false,"campfire_upgraded":5,"win_rate":0.0,"timestamp":1611678374,"path_taken":["M","M","?","M","?","R","E","R","T","R","E","R","?","?","R","BOSS","M","?","?","$","?","R","E"],"items_purchased_type":["Relic","Card","Card"],"build_version":"2020-12-22","purchased_purges":0,"victory":false,"max_hp_per_floor":[80,80,80,80,80,80,80,80,80,80,80,80,80,80,80,80,80,80,80,80,80,80,80,80,80],"relic_stats":{"counters":[9,44],"Mummified Hand":[7],"Bird Faced Urn":[14],"Bronze Scales":[39],"Art of War":[0],"Smiling Mask":0,"obtain_stats":[{"Mummified Hand":11,"Bird Faced Urn":13,"Bronze Scales":21,"Oddly Smooth Stone":20,"Art of War":9,"Smiling Mask":7,"Empty Cage":17,"Burning Blood":0},{"Mummified Hand":5,"Bird Faced Urn":5,"Bronze Scales":8,"Oddly Smooth Stone":8,"Art of War":4,"Smiling Mask":4,"Empty Cage":7,"Burning Blood":0},{"Mummified Hand":22,"Bird Faced Urn":22,"Bronze Scales":39,"Oddly Smooth Stone":39,"Art of War":18,"Smiling Mask":18,"Empty Cage":34,"Burning Blood":0}],"Burning Blood":48},"card_choices":[{"not_picked":["Rupture","Evolve"],"picked":"Cleave","floor":1},{"not_picked":["Flex","Intimidate"],"picked":"Wild Strike","floor":2},{"not_picked":["Warcry","Blood for Blood"],"picked":"Armaments","floor":4},{"not_picked":["Heavy Blade","Infernal Blade"],"picked":"Inflame","floor":7},{"not_picked":["Clothesline","Flex"],"picked":"Dark Embrace","floor":11},{"not_picked":["Perfected Strike","Heavy Blade","Thunderclap"],"picked":"SKIP","floor":14},{"not_picked":["Limit Break","Berserk"],"picked":"Reaper","floor":16},{"not_picked":["Havoc","Shockwave"],"picked":"Pommel Strike","floor":18}],"player_experience":845646,"relics_obtained":[{"floor":7,"key":"Smiling Mask"},{"floor":9,"key":"Art of War"},{"floor":11,"key":"Mummified Hand"},{"floor":20,"key":"Oddly Smooth Stone"}],"event_choices":[{"damage_healed":0,"gold_gain":0,"player_choice":"Ignored","damage_taken":0,"max_hp_gain":0,"max_hp_loss":0,"event_name":"Shining Light","floor":3,"gold_loss":0},{"damage_healed":20,"gold_gain":0,"player_choice":"Healed","damage_taken":0,"max_hp_gain":0,"max_hp_loss":0,"event_name":"The Cleric","floor":5,"gold_loss":35},{"damage_healed":0,"gold_gain":0,"player_choice":"Gave Potion","damage_taken":0,"relics_obtained":["Bird Faced Urn"],"max_hp_gain":0,"max_hp_loss":0,"event_name":"WeMeetAgain","floor":13,"gold_loss":0},{"damage_healed":0,"gold_gain":0,"player_choice":"Read","damage_taken":0,"max_hp_gain":0,"max_hp_loss":0,"event_name":"The Library","floor":19,"gold_loss":0,"cards_obtained":["Wild Strike"]},{"damage_healed":0,"gold_gain":0,"player_choice":"Simplicity","damage_taken":0,"max_hp_gain":0,"max_hp_loss":0,"event_name":"Back to Basics","floor":22,"gold_loss":0,"cards_upgraded":["Strike_R","Strike_R","Strike_R","Defend_R","Defend_R","Defend_R","Defend_R"]}],"is_beta":false,"boss_relics":[{"not_picked":["Coffee Dripper","Fusion Hammer"],"picked":"Empty Cage"}],"items_purged_floors":[],"is_endless":false,"potions_floor_spawned":[1,2,7,11],"killed_by":"Book of Stabbing","ascension_level":10}}