{"host":"nnt34ungdh9fkcmy","time":1611627932,"event":{"mods":["BaseMod","Downfall","Minty Spire (QoL Compilation)","StSLib","SuperFastMode"],"gold_per_floor":[99,111,261,261,21,52,52,68,78,103,103,133,33,33,45,148,148,148,163,163,174,174,204,204,241,241,7,7,22,22,52,77,77,77,77],"floor_reached":33,"language":"ENG","playtime":1510,"items_purged":["hexamod:Defend"],"score":303,"play_id":"8e4628d5-5f0d-4b66-854a-b1bc6735395e","local_time":"20210125192532","is_ascension_mode":false,"campfire_choices":[{"data":"hexamod:GhostOfSpirePresent","floor":1,"key":"SMITH"},{"floor":11,"key":"RECALL"},{"data":"hexamod:Toasty","floor":13,"key":"SMITH"},{"data":"hexamod:ShieldOfDarkness","floor":18,"key":"SMITH"},{"data":"hexamod:ThermalTransfer","floor":26,"key":"SMITH"},{"data":"hexamod:GhostflameBarrier","floor":30,"key":"SMITH"}],"circlet_count":0,"master_deck":["hexamod:Strike","hexamod:Strike","hexamod:Defend","hexamod:Defend","hexamod:Sear","hexamod:Float","hexamod:GhostOfSpirePresent+1","hexamod:GhostflameBarrier+1","downfall:Icky","hexamod:ShieldOfDarkness+1","hexamod:InspiringFlames","hexamod:FirstSeal","hexamod:Hexaguard","hexamod:ShieldOfDarkness+1","hexamod:TimeWarp","hexamod:Toasty+1","hexamod:TimeOfNeed","hexamod:SpectersWail+1","hexamod:FlamesFromBeyond","hexamod:ThermalTransfer+1","hexamod:BacktrackSmack","hexamod:FourthSeal"],"relics":["hexamod:SpiritBrand","Omamori","champ:DuelingGlove","Potion Belt","Blue Candle","hexamod:SoulConsumer","downfall:HeartBlessingRed","Philosopher\u0027s Stone","CultistMask","CeramicFish","Prayer Wheel","bronze:BronzeIdol","CaptainsWheel"],"acts_visited":["Exordium","TheCity"],"potions_floor_usage":[10,23,31,32,33],"damage_taken":[{"damage":9,"enemies":"Small Slimes","floor":2,"turns":5},{"damage":0,"enemies":"downfall:FleeingMerchant","floor":5,"turns":4},{"damage":7,"enemies":"Lagavulin","floor":6,"turns":10},{"damage":0,"enemies":"2 Louse","floor":8,"turns":4},{"damage":0,"enemies":"Cultist","floor":9,"turns":6},{"damage":1,"enemies":"Gremlin Nob","floor":10,"turns":4},{"damage":3,"enemies":"Lagavulin","floor":12,"turns":9},{"damage":0,"enemies":"Blue Slaver","floor":15,"turns":5},{"damage":48,"enemies":"DF_ARCHETYPE_STREAMLINE","floor":16,"turns":14},{"damage":4,"enemies":"Chosen","floor":19,"turns":6},{"damage":23,"enemies":"3 Byrds","floor":21,"turns":7},{"damage":2,"enemies":"Slavers","floor":23,"turns":4},{"damage":5,"enemies":"Centurion and Healer","floor":25,"turns":4},{"damage":0,"enemies":"downfall:FleeingMerchant","floor":27,"turns":4},{"damage":12,"enemies":"3 Cultists","floor":29,"turns":5},{"damage":54,"enemies":"Gremlin Leader","floor":31,"turns":5},{"damage":8,"enemies":"Snake Plant","floor":32,"turns":3},{"damage":19,"enemies":"IC_MUSHROOM_ARCHETYPE","floor":33,"turns":6}],"seed_played":"2431781820444405316","potions_obtained":[{"floor":8,"key":"hexamod:SoulburnPotion"},{"floor":9,"key":"ColorlessPotion"},{"floor":12,"key":"bronze:BurnAndBuffPotion"},{"floor":19,"key":"SkillPotion"},{"floor":21,"key":"Swift Potion"},{"floor":23,"key":"Block Potion"},{"floor":31,"key":"LiquidMemories"}],"is_trial":false,"path_per_floor":["R","M","?","?","$","E","T","M","M","E","R","E","R","?","M","B",null,"R","M","?","M","?","E","T","M","R","$","?","M","R","E","M","B"],"character_chosen":"THE_SPIRIT","items_purchased":["hexamod:FirstSeal","Omamori","hexamod:Hexaguard","bronze:BronzeIdol"],"campfire_rested":0,"item_purchase_floors":[5,5,5,27],"current_hp_per_floor":[49,40,40,40,40,40,40,47,54,60,60,64,64,64,70,33,70,70,70,70,58,58,67,67,70,70,70,70,69,69,19,15,0,0,0],"gold":77,"neow_bonus":"THREE_RARE_CARDS","is_daily":false,"chose_seed":false,"campfire_upgraded":5,"win_rate":0.0,"timestamp":1611627932,"path_taken":["R","M","?","?","$","E","T","?","M","E","R","E","R","?","M","BOSS","R","M","?","?","?","E","T","?","R","$","?","M","R","E","M","BOSS"],"items_purchased_type":["Card","Relic","Card","Relic"],"build_version":"2020-12-22","purchased_purges":1,"victory":false,"max_hp_per_floor":[70,70,70,70,70,70,70,70,70,70,70,70,70,70,70,70,70,70,70,70,70,70,70,70,70,70,70,70,70,70,70,70,70,70,70],"card_choices":[{"not_picked":["hexamod:Toasty","hexamod:GhostflameInferno"],"picked":"hexamod:GhostOfSpirePresent","floor":0},{"not_picked":["hexamod:BurningTouch","hexamod:FastForward"],"picked":"hexamod:GhostflameBarrier","floor":2},{"not_picked":["hexamod:SwordOfDarkness","hexamod:ExtraCrispy"],"picked":"hexamod:InspiringFlames","floor":5},{"not_picked":["hexamod:GhostShield","hexamod:ShieldOfDarkness","hexamod:Incineration"],"picked":"SKIP","floor":6},{"not_picked":["hexamod:NightmareGuise","hexamod:InspiringFlames"],"picked":"hexamod:ShieldOfDarkness","floor":8},{"not_picked":["hexamod:NightmareStrike","hexamod:PowerFromBeyond"],"picked":"hexamod:TimeWarp","floor":9},{"not_picked":["hexamod:NightmareStrike","hexamod:RecurringNightmare","hexamod:Again"],"picked":"SKIP","floor":10},{"not_picked":["hexamod:SecondSeal","hexamod:SwordOfDarkness"],"picked":"hexamod:Toasty","floor":12},{"not_picked":["hexamod:Firestarter","hexamod:BurningTouch","hexamod:Haunt"],"picked":"SKIP","floor":15},{"not_picked":["hexamod:HexaLevel","hexamod:UnleashSpirits"],"picked":"hexamod:TimeOfNeed","floor":16},{"not_picked":["hexamod:ThermalTransfer+1","hexamod:GhostShield"],"picked":"hexamod:SpectersWail+1","floor":19},{"not_picked":["hexamod:Hexaguard","hexamod:BurningTouch"],"picked":"hexamod:FlamesFromBeyond","floor":21},{"not_picked":["hexamod:HeatMetal","hexamod:SpectersWail","hexamod:GhostOfSpireFuture"],"picked":"SKIP","floor":23},{"not_picked":["hexamod:SpectersWail","hexamod:AdvancingGuard"],"picked":"hexamod:ThermalTransfer","floor":25},{"not_picked":["hexamod:SecondSeal","hexamod:SkipABeat+1"],"picked":"hexamod:BacktrackSmack","floor":25},{"not_picked":["hexamod:SuperheatedStrike","hexamod:ShieldOfDarkness","hexamod:SoulSteal+1"],"picked":"SKIP","floor":27},{"not_picked":["hexamod:ThirdSeal","hexamod:Firestarter","hexamod:AdvancingGuard"],"picked":"SKIP","floor":29},{"not_picked":["hexamod:PhantomFireball","hexamod:FlamesFromBeyond","hexamod:ShieldOfDarkness"],"picked":"SKIP","floor":29},{"not_picked":["hexamod:ParanormalForm","hexamod:Firestarter","hexamod:CatchUp"],"picked":"SKIP","floor":31},{"not_picked":["hexamod:ThermalTransfer","hexamod:GhostShield"],"picked":"hexamod:FourthSeal","floor":32},{"not_picked":["hexamod:HauntingEcho","hexamod:NightmareStrike","hexamod:SwordOfDarkness"],"picked":"SKIP","floor":32}],"player_experience":264763,"relics_obtained":[{"floor":6,"key":"champ:DuelingGlove"},{"floor":7,"key":"Potion Belt"},{"floor":10,"key":"Blue Candle"},{"floor":12,"key":"hexamod:SoulConsumer"},{"floor":23,"key":"CeramicFish"},{"floor":24,"key":"Prayer Wheel"},{"floor":31,"key":"CaptainsWheel"}],"event_choices":[{"cards_removed":["hexamod:Defend"],"damage_healed":0,"gold_gain":0,"player_choice":"Offered Basic","damage_taken":0,"max_hp_gain":0,"max_hp_loss":0,"event_name":"Bonfire Elementals","floor":20,"gold_loss":0},{"damage_healed":0,"gold_gain":0,"player_choice":"Trade","damage_taken":0,"relics_obtained":["CultistMask"],"max_hp_gain":0,"max_hp_loss":0,"event_name":"FaceTrader","floor":22,"gold_loss":0},{"damage_healed":0,"gold_gain":0,"player_choice":"Forge","damage_taken":0,"max_hp_gain":0,"max_hp_loss":0,"event_name":"Accursed Blacksmith","floor":28,"gold_loss":0,"cards_upgraded":["hexamod:ShieldOfDarkness"]}],"is_beta":false,"boss_relics":[{"not_picked":["Black Star","Empty Cage"],"picked":"Philosopher\u0027s Stone"}],"items_purged_floors":[27],"is_endless":false,"potions_floor_spawned":[8,9,12,19,21,23,31],"killed_by":"IC_MUSHROOM_ARCHETYPE","ascension_level":0}}