{"host":"Jedit","time":1611624943,"event":{"mods":["BaseMod","Downfall","Minty Spire (QoL Compilation)","Relic Stats","StSLib"],"gold_per_floor":[111,111,61,61,38,65,81,108,108,141,141,157,157,192,192,291,291,305,305,316,11,11,43,43,75,151,162,188,202,232,249,249,352,352,367,417,429,442,452,478,478,38,38,72,72,72,82,111,111,111,111,111,11,37,37,37,37],"floor_reached":55,"language":"ENG","playtime":3476,"items_purged":["downfall:Bewildered"],"score":1268,"play_id":"e833796b-db7a-4081-8dc9-c13a18af7833","local_time":"20210126013543","is_ascension_mode":true,"campfire_choices":[{"data":"bronze:FineTuning","floor":11.0,"key":"SMITH"},{"data":"bronze:OilSpill","floor":13.0,"key":"SMITH"},{"data":"bronze:GetLatest","floor":15.0,"key":"SMITH"},{"data":"bronze:Repair","floor":24.0,"key":"SMITH"},{"floor":32.0,"key":"REST"},{"floor":41.0,"key":"RECALL"},{"data":"bronze:Terminator","floor":45.0,"key":"SMITH"},{"data":"bronze:Format","floor":49.0,"key":"SMITH"},{"data":"bronze:BronzeOrb","floor":52.0,"key":"SMITH"}],"circlet_count":0,"master_deck":["bronze:Defend","bronze:Defend","bronze:Defend","bronze:Replicate+1","bronze:Goto+1","bronze:DelayedSlice+1","bronze:Verify","bronze:FineTuning+1","bronze:Frontload","bronze:Repair+1","bronze:OilSpill+1","bronze:FunctionCard","bronze:GetLatest+1","bronze:AlphaBuild","bronze:WildBeam+1","bronze:Branch+1","bronze:Branch+1","bronze:Iterate","bronze:WhirlingStrike","bronze:ClassDefault+1","bronze:Safeguard","bronze:Flail","bronze:Terminator+1","bronze:ChildClass+1","bronze:Overheat","bronze:Format+1","bronze:Optimize+1","bronze:Mutator+1","bronze:MaxOutput+1","bronze:Return+1","bronze:Frontload+1","bronze:MaxOutput+1","bronze:BronzeArmor","bronze:Repulsor+1","bronze:BronzeOrb+1","bronze:Library+1","bronze:Fortify","bronze:FollowUp+1"],"relics":["bronze:BronzeCore","NeowsBlessing","FossilizedHelix","Mummified Hand","Frozen Egg 2","bronze:SilverBullet","Slimebound:StickyStick","Astrolabe","The Courier","Bag of Marbles","MealTicket","sneckomod:BabySnecko","hexamod:CandleOfCauterizing","Akabeko","bronze:DecasWashers","champ:DeflectingBracers","Orichalcum","Runic Pyramid","Turnip","bronze:ProtectiveGoggles","bronze:Mallet","Blood Vial","Lizard Tail","Oddly Smooth Stone"],"acts_visited":["Exordium","TheCity","TheBeyond","TheEnding"],"potions_floor_usage":[55,55,55],"damage_taken":[{"damage":0.0,"enemies":"Jaw Worm","floor":1.0,"turns":1.0},{"damage":0.0,"enemies":"3 Sentries","floor":6.0,"turns":2.0},{"damage":0.0,"enemies":"2 Louse","floor":7.0,"turns":1.0},{"damage":0.0,"enemies":"Lagavulin","floor":8.0,"turns":6.0},{"damage":6.0,"enemies":"3 Sentries","floor":10.0,"turns":9.0},{"damage":0.0,"enemies":"Small Slimes","floor":12.0,"turns":3.0},{"damage":15.0,"enemies":"Lagavulin","floor":14.0,"turns":6.0},{"damage":0.0,"enemies":"Slime Boss","floor":16.0,"turns":6.0},{"damage":7.0,"enemies":"Shell Parasite","floor":18.0,"turns":5.0},{"damage":1.0,"enemies":"Spheric Guardian","floor":20.0,"turns":6.0},{"damage":28.0,"enemies":"Gremlin Leader","floor":23.0,"turns":6.0},{"damage":0.0,"enemies":"Book of Stabbing","floor":25.0,"turns":4.0},{"damage":0.0,"enemies":"Centurion and Healer","floor":27.0,"turns":3.0},{"damage":35.0,"enemies":"Gremlin Leader","floor":28.0,"turns":4.0},{"damage":0.0,"enemies":"Shelled Parasite and Fungi","floor":29.0,"turns":1.0},{"damage":0.0,"enemies":"Slavers","floor":30.0,"turns":2.0},{"damage":0.0,"enemies":"Snake Plant","floor":31.0,"turns":3.0},{"damage":17.0,"enemies":"Collector","floor":33.0,"turns":7.0},{"damage":0.0,"enemies":"Orb Walker","floor":35.0,"turns":1.0},{"damage":0.0,"enemies":"Mind Bloom Boss Battle","floor":36.0,"turns":5.0},{"damage":0.0,"enemies":"3 Darklings","floor":37.0,"turns":3.0},{"damage":0.0,"enemies":"Transient","floor":38.0,"turns":5.0},{"damage":4.0,"enemies":"Sphere and 2 Shapes","floor":39.0,"turns":5.0},{"damage":0.0,"enemies":"Reptomancer","floor":40.0,"turns":6.0},{"damage":0.0,"enemies":"Giant Head","floor":44.0,"turns":6.0},{"damage":0.0,"enemies":"Spire Growth","floor":47.0,"turns":3.0},{"damage":0.0,"enemies":"Reptomancer","floor":48.0,"turns":3.0},{"damage":72.0,"enemies":"Awakened One","floor":50.0,"turns":12.0},{"damage":58.0,"enemies":"Shield and Spear","floor":54.0,"turns":7.0},{"damage":105,"enemies":"The Heart","floor":55,"turns":8}],"seed_played":"1103144744273193405","potions_obtained":[{"floor":6.0,"key":"EssenceOfSteel"},{"floor":7.0,"key":"hexamod:SoulburnPotion"},{"floor":10.0,"key":"champ:CounterPotion"},{"floor":12.0,"key":"bronze:BurnAndBuffPotion"},{"floor":18.0,"key":"Fruit Juice"},{"floor":23.0,"key":"CultistPotion"},{"floor":27.0,"key":"Weak Potion"},{"floor":28.0,"key":"DistilledChaos"},{"floor":35.0,"key":"DistilledChaos"},{"floor":36.0,"key":"FearPotion"},{"floor":44.0,"key":"Guardian:BlockOnCardUsePotion"},{"floor":54.0,"key":"CultistPotion"}],"is_trial":false,"path_per_floor":["M","?","?","?","$","E","M","E","T","E","R","M","R","E","R","B",null,"M","T","M","$","?","E","R","E","T","M","E","M","E","M","R","B",null,"M","?","M","M","M","E","R","$","T","E","R","?","M","E","R","B",null,"R","$","E","B"],"character_chosen":"THE_AUTOMATON","items_purchased":["bronze:FineTuning","Bag of Marbles","MealTicket","bronze:ClassDefault+1","bronze:Repulsor+1","bronze:Mallet","bronze:BronzeOrb","bronze:FreeFunctionsPotion","bronze:Fortify","Strength Potion"],"campfire_rested":1,"item_purchase_floors":[5,21,21,21,42,42,42,42,53,53],"current_hp_per_floor":[70,70,70,70,70,70,70,70,70,69,69,70,70,55,55,62,70,70,70,69,69,69,42,42,52,52,62,27,27,37,47,68,66,75,75,75,75,75,71,75,75,75,75,75,75,75,75,75,75,13,75,75,75,27,0,0,0],"gold":37,"neow_bonus":"THREE_ENEMY_KILL","is_daily":false,"chose_seed":false,"campfire_upgraded":7,"win_rate":0.0,"timestamp":1611624943,"path_taken":["M","?","?","?","$","E","M","E","T","E","R","M","R","E","R","BOSS","M","?","M","?","?","E","R","E","T","M","E","?","E","M","R","BOSS","M","?","M","M","M","E","R","$","T","E","R","?","?","E","R","BOSS","R","$","E","BOSS"],"items_purchased_type":["Card","Relic","Relic","Card","Card","Relic","Card","Potion","Card","Potion"],"build_version":"2020-12-18","purchased_purges":1,"victory":false,"max_hp_per_floor":[70,70,70,70,70,70,70,70,70,70,70,70,70,70,70,70,70,70,70,70,70,70,70,70,70,70,70,70,70,70,70,70,75,75,75,75,75,75,75,75,75,75,75,75,75,75,75,75,75,75,75,75,75,75,75,75,75],"relic_stats":{"Blood Vial":2,"Lizard Tail":37,"counters":[30,139],"Mummified Hand":[125],"Astrolabe":["bronze:WildBeam","bronze:Branch","bronze:Branch"],"MealTicket":0,"Turnip":[28],"Orichalcum":[24],"obtain_stats":[{"hexamod:CandleOfCauterizing":23,"bronze:BronzeCore":0,"NeowsBlessing":0,"Astrolabe":17,"bronze:DecasWashers":26,"Oddly Smooth Stone":54,"The Courier":19,"champ:DeflectingBracers":28,"bronze:Mallet":42,"Frozen Egg 2":9,"Orichalcum":30,"Akabeko":25,"Blood Vial":44,"sneckomod:BabySnecko":22,"Lizard Tail":48,"bronze:ProtectiveGoggles":40,"Mummified Hand":8,"Slimebound:StickyStick":14,"MealTicket":21,"Turnip":36,"Bag of Marbles":21,"bronze:SilverBullet":10,"FossilizedHelix":6,"Runic Pyramid":34},{"hexamod:CandleOfCauterizing":11,"bronze:BronzeCore":0,"NeowsBlessing":0,"Astrolabe":8,"bronze:DecasWashers":12,"Oddly Smooth Stone":29,"The Courier":9,"champ:DeflectingBracers":14,"bronze:Mallet":24,"Frozen Egg 2":4,"Orichalcum":16,"Akabeko":12,"Blood Vial":25,"sneckomod:BabySnecko":10,"Lizard Tail":27,"bronze:ProtectiveGoggles":24,"Mummified Hand":4,"Slimebound:StickyStick":7,"MealTicket":10,"Turnip":20,"Bag of Marbles":10,"bronze:SilverBullet":5,"FossilizedHelix":2,"Runic Pyramid":18},{"hexamod:CandleOfCauterizing":51,"bronze:BronzeCore":0,"NeowsBlessing":0,"Astrolabe":34,"bronze:DecasWashers":55,"Oddly Smooth Stone":131,"The Courier":39,"champ:DeflectingBracers":62,"bronze:Mallet":100,"Frozen Egg 2":10,"Orichalcum":65,"Akabeko":55,"Blood Vial":106,"sneckomod:BabySnecko":45,"Lizard Tail":112,"bronze:ProtectiveGoggles":100,"Mummified Hand":10,"Slimebound:StickyStick":28,"MealTicket":45,"Turnip":81,"Bag of Marbles":45,"bronze:SilverBullet":19,"FossilizedHelix":3,"Runic Pyramid":75}]},"card_choices":[{"not_picked":["bronze:Frontload","bronze:Overheat"],"picked":"bronze:DelayedSlice","floor":1.0},{"not_picked":["bronze:ChildClass","bronze:BuggyMess"],"picked":"bronze:Frontload","floor":6.0},{"not_picked":["bronze:Frontload","bronze:CloningBeam"],"picked":"bronze:Repair","floor":7.0},{"not_picked":["bronze:Allocate","bronze:Turbo","bronze:Safeguard"],"picked":"SKIP","floor":8.0},{"not_picked":["bronze:NullPointer","bronze:Optimize+1"],"picked":"bronze:Hardcode+1","floor":10.0},{"not_picked":["bronze:Allocate","bronze:ForceShield"],"picked":"bronze:OilSpill","floor":12.0},{"not_picked":["bronze:BitShift","bronze:Frontload"],"picked":"bronze:GetLatest","floor":14.0},{"not_picked":["bronze:HyperBeam","bronze:RecursiveStrike"],"picked":"bronze:AlphaBuild","floor":16.0},{"not_picked":["bronze:Turbo","bronze:BitShift"],"picked":"bronze:Iterate","floor":18.0},{"not_picked":["bronze:NullPointer+1","bronze:CloningBeam"],"picked":"bronze:WhirlingStrike","floor":20.0},{"not_picked":["bronze:WhirlingStrike+1","bronze:CutThrough"],"picked":"bronze:Safeguard","floor":23.0},{"not_picked":["bronze:MaxOutput+1","bronze:BuggyMess"],"picked":"bronze:Flail","floor":25.0},{"not_picked":["bronze:Constructor","bronze:Optimize+1"],"picked":"bronze:Terminator","floor":27.0},{"not_picked":["bronze:Terminator+1","bronze:ThunderWave"],"picked":"bronze:ChildClass+1","floor":28.0},{"not_picked":["bronze:CutThrough+1","bronze:Separator"],"picked":"bronze:Overheat","floor":29.0},{"not_picked":["bronze:Iterate","bronze:Philosophize"],"picked":"bronze:Format","floor":30.0},{"not_picked":["bronze:Overheat","bronze:DarkDash"],"picked":"bronze:Optimize+1","floor":31.0},{"not_picked":["bronze:BurnOut","bronze:AlphaBuild"],"picked":"bronze:Mutator+1","floor":33.0},{"not_picked":["bronze:Overheat","bronze:OilSpill+1"],"picked":"bronze:MaxOutput+1","floor":35.0},{"not_picked":["bronze:Separator","bronze:ForLoop+1"],"picked":"bronze:Return+1","floor":36.0},{"not_picked":["bronze:FineTuning","bronze:Turbo"],"picked":"bronze:Frontload+1","floor":37.0},{"not_picked":["bronze:ThunderWave","bronze:Turbo+1","bronze:Shield"],"picked":"SKIP","floor":38.0},{"not_picked":["bronze:Separator+1","bronze:Iterate"],"picked":"bronze:MaxOutput+1","floor":39.0},{"not_picked":["bronze:Overheat","bronze:Invalidate"],"picked":"bronze:BronzeArmor","floor":40.0},{"not_picked":["bronze:Flail","bronze:Frontload","bronze:Iterate+1"],"picked":"SKIP","floor":44.0},{"not_picked":["bronze:Invalidate+1","bronze:WhirlingStrike+1"],"picked":"bronze:Library+1","floor":47.0},{"not_picked":["bronze:DelayedGuard","bronze:BitShift","bronze:WhirlingStrike+1"],"picked":"SKIP","floor":48.0},{"not_picked":["bronze:Boost","bronze:CutThrough+1"],"picked":"bronze:FollowUp+1","floor":54.0}],"player_experience":3696688,"relics_obtained":[{"floor":6.0,"key":"FossilizedHelix"},{"floor":8.0,"key":"Mummified Hand"},{"floor":9.0,"key":"Frozen Egg 2"},{"floor":10.0,"key":"bronze:SilverBullet"},{"floor":14.0,"key":"Slimebound:StickyStick"},{"floor":19.0,"key":"The Courier"},{"floor":23.0,"key":"hexamod:CandleOfCauterizing"},{"floor":25.0,"key":"Akabeko"},{"floor":26.0,"key":"bronze:DecasWashers"},{"floor":28.0,"key":"champ:DeflectingBracers"},{"floor":30.0,"key":"Orichalcum"},{"floor":36.0,"key":"Turnip"},{"floor":40.0,"key":"bronze:ProtectiveGoggles"},{"floor":44.0,"key":"Blood Vial"},{"floor":48.0,"key":"Lizard Tail"},{"floor":54.0,"key":"Oddly Smooth Stone"}],"event_choices":[{"damage_healed":0.0,"max_hp_gain":0.0,"max_hp_loss":0.0,"gold_gain":0.0,"cards_transformed":["bronze:Strike"],"event_name":"Living Wall","player_choice":"Change","floor":2.0,"gold_loss":0.0,"damage_taken":0.0,"cards_obtained":["bronze:Verify"]},{"cards_removed":["bronze:Strike"],"damage_healed":0.0,"max_hp_gain":0.0,"max_hp_loss":0.0,"gold_gain":0.0,"event_name":"The Cleric","player_choice":"Card Removal","floor":3.0,"gold_loss":50.0,"damage_taken":0.0},{"damage_healed":0.0,"max_hp_gain":0.0,"max_hp_loss":0.0,"gold_gain":0.0,"event_name":"MindBloom","player_choice":"Fight","floor":36.0,"gold_loss":0.0,"damage_taken":0.0},{"damage_healed":0.0,"max_hp_gain":0.0,"max_hp_loss":0.0,"gold_gain":0.0,"event_name":"The Woman in Blue","player_choice":"Bought 0 Potions","floor":46.0,"gold_loss":0.0,"damage_taken":0.0}],"is_beta":true,"boss_relics":[{"not_picked":["Pandora\u0027s Box","expansioncontent:StudyCardRelic"],"picked":"Astrolabe"},{"not_picked":["Philosopher\u0027s Stone","Runic Dome"],"picked":"Runic Pyramid"}],"items_purged_floors":[42],"is_endless":false,"potions_floor_spawned":[6,7,10,12,18,23,27,28,29,30,35,36,44,54],"killed_by":"The Heart","ascension_level":4}}