{"host":"oc9j5nmpwz4e9fqj","time":1611687915,"event":{"mods":["AchievementEnabler","BaseMod","Conspire","KomeijiMod","Minty Spire (QoL Compilation)","Quick Restart","Replay The Spire","Shop Mod","StSLib","TestMod","Yuri Mod","[IsaacMod]ÒÔÈö¼âËþ"],"gold_per_floor":[473,252,677,1147,1490,1490,1490,738,792,1192,1590,1590,1624,2126,2126,3866,3866,4227,4227,3683,3782,4160,4187,4187,4610,4635,3704,3733,3251,3652,3652,3652],"floor_reached":31,"language":"ZHS","playtime":1797,"items_purged":["Strike_G","Strike_G","Strike_G","Strike_G"],"score":700,"play_id":"d22016ea-7da9-42fc-ba09-68154e9073e5","local_time":"20210127040515","is_ascension_mode":true,"campfire_choices":[{"floor":6,"key":"REST"},{"floor":12,"key":"RECALL"},{"data":"Poisoned Stab","floor":15,"key":"SMITH"},{"floor":24,"key":"REST"}],"circlet_count":0,"master_deck":["AscendersBane","Strike_G","Defend_G","Defend_G","Defend_G","Defend_G","Defend_G","Survivor","Neutralize","EpicFetus+1","Poisoned Stab+1","Dagger Spray","Catalyst","PiercingWail","Glass Knife","Die Die Die","Bullet Time","Poison Darts","Backstab","DoctorFetus","Noxious Fumes"],"relics":["testmod-TestBox","HushsDoor","BookOfRevelations","testmod-Nyarlathotep","SacredBark","Orichalcum","Chemical X","Boot","Mango","ReplayTheSpireMod:Lightbulb","Iron Hammer","testmod-Charity","PreservedInsect","Prayer Wheel","Dream Catcher","Toy Ornithopter","Pantograph","TheBattery","Incense Burner","testmod-TurbochargingSystem","TheBean"],"acts_visited":["TheCity"],"potions_floor_usage":[13,13,16,28,28],"damage_taken":[{"damage":24,"enemies":"Cultist","floor":1,"turns":6},{"damage":3,"enemies":"conspire:RoseBush","floor":3,"turns":4},{"damage":4,"enemies":"Small Slimes","floor":4,"turns":4},{"damage":1,"enemies":"Looter","floor":5,"turns":4},{"damage":12,"enemies":"Exordium Thugs","floor":10,"turns":5},{"damage":1,"enemies":"2 Fungi Beasts","floor":11,"turns":4},{"damage":0,"enemies":"Gremlin Nob","floor":13,"turns":4},{"damage":16,"enemies":"Red Slaver","floor":14,"turns":4},{"damage":47,"enemies":"The Guardian","floor":16,"turns":12},{"damage":0,"enemies":"Chosen","floor":18,"turns":3},{"damage":18,"enemies":"conspire:FuzzyDice","floor":22,"turns":4},{"damage":11,"enemies":"conspire:Head Lice","floor":23,"turns":4},{"damage":8,"enemies":"Snake Plant","floor":25,"turns":3},{"damage":43,"enemies":"Replay:Snechameleon","floor":28,"turns":6},{"damage":14,"enemies":"Centurion and Healer","floor":30,"turns":7},{"damage":13,"enemies":"Shelled Parasite and Fungi","floor":31,"turns":1}],"seed_played":"7330608255014165216","potions_obtained":[{"floor":4,"key":"Regen Potion"},{"floor":10,"key":"Adrenaline Potion"},{"floor":14,"key":"Weak Potion"},{"floor":22,"key":"AttackPotion"}],"is_trial":false,"path_per_floor":["M","$","M","M","M","R","?","$","T","M","M","R","E","M","R","B",null,"M","?","$","?","M","E","R","M","T","$","E","$","M","M"],"character_chosen":"THE_SILENT","items_purchased":["Orichalcum","Poisoned Stab","Chemical X","Boot","Mango","testmod-Charity","PreservedInsect","conspire:TimeTravelPotion","Toy Ornithopter","Pantograph","TheBattery","DoctorFetus","testmod-TurbochargingSystem","TheBean"],"campfire_rested":2,"item_purchase_floors":[2,2,8,8,8,20,20,20,27,27,27,27,29,29],"current_hp_per_floor":[35,35,32,28,27,46,46,60,60,48,47,47,74,58,58,11,63,63,63,63,64,47,37,61,54,55,55,23,23,10,0,0],"gold":3652,"neow_bonus":"BOSS_RELIC","is_daily":false,"chose_seed":false,"campfire_upgraded":1,"win_rate":0.0,"timestamp":1611687915,"path_taken":["M","$","M","M","?","R","?","$","T","M","M","R","E","M","R","BOSS","M","?","$","?","M","E","R","?","T","$","E","$","M","M"],"items_purchased_type":["Relic","Card","Relic","Relic","Relic","Relic","Relic","Potion","Relic","Relic","Relic","Card","Relic","Relic"],"build_version":"2020-12-22","purchased_purges":4,"victory":false,"max_hp_per_floor":[66,66,66,66,66,66,66,80,80,80,80,80,80,80,80,80,80,80,80,80,81,82,83,83,84,85,85,86,86,87,87,87],"card_choices":[{"not_picked":[],"picked":"EpicFetus","floor":0},{"not_picked":["ReplayTheSpireMod:Speed Training","Cloak And Dagger","ReplayTheSpireMod:The Works"],"picked":"SKIP","floor":1},{"not_picked":["Deflect","Concentrate","Dodge and Roll"],"picked":"SKIP","floor":1},{"not_picked":["Cloak And Dagger","ReplayTheSpireMod:Necrosis","Dodge and Roll"],"picked":"SKIP","floor":3},{"not_picked":["Backflip","Poisoned Stab","Prepared"],"picked":"SKIP","floor":3},{"not_picked":["Predator","ReplayTheSpireMod:Tripwire"],"picked":"Dagger Spray","floor":4},{"not_picked":["Quick Slash","Sucker Punch","Sneak Up"],"picked":"SKIP","floor":4},{"not_picked":["ReplayTheSpireMod:Tripwire","Sneak Up"],"picked":"Catalyst","floor":5},{"not_picked":["Prepared","Choke"],"picked":"PiercingWail","floor":5},{"not_picked":["ReplayTheSpireMod:Tripwire","Cloak And Dagger"],"picked":"Glass Knife","floor":10},{"not_picked":["ReplayTheSpireMod:Shiv Toss","Fluid Movement","Prepared"],"picked":"SKIP","floor":10},{"not_picked":["Leg Sweep","Acrobatics","Prepared"],"picked":"SKIP","floor":11},{"not_picked":["Slice","Outmaneuver","Endless Agony"],"picked":"SKIP","floor":11},{"not_picked":["Quick Slash","Underhanded Strike","Outmaneuver"],"picked":"SKIP","floor":13},{"not_picked":["Well Laid Plans","ReplayTheSpireMod:Shiv Toss","Backflip"],"picked":"SKIP","floor":14},{"not_picked":["PiercingWail","Dagger Spray","Hidden Blade"],"picked":"SKIP","floor":14},{"not_picked":["Burst","Phantasmal Killer"],"picked":"Die Die Die","floor":16},{"not_picked":["Envenom","Doppelganger"],"picked":"Bullet Time","floor":16},{"not_picked":["Tools of the Trade","Wraith Form v2"],"picked":"Poison Darts","floor":16},{"not_picked":["Flying Knee","Sucker Punch","Slice"],"picked":"SKIP","floor":18},{"not_picked":["Leg Sweep","Cloak And Dagger","Poisoned Stab"],"picked":"SKIP","floor":18},{"not_picked":["Draining Mist","Calculated Gamble"],"picked":"Backstab","floor":22},{"not_picked":["Fluid Movement","Backflip","Sneak Up"],"picked":"SKIP","floor":22},{"not_picked":["Reflex","Predator","Dodge and Roll"],"picked":"SKIP","floor":23},{"not_picked":["Backflip","Dash","Hidden Blade"],"picked":"SKIP","floor":25},{"not_picked":["Flechettes","Eviscerate","Leg Sweep"],"picked":"SKIP","floor":25},{"not_picked":["Quick Slash","Grand Finale","Concentrate"],"picked":"SKIP","floor":25},{"not_picked":["Hidden Blade+1","Flying Knee"],"picked":"Noxious Fumes","floor":28},{"not_picked":["Poisoned Stab+1","Crippling Poison+1","Acrobatics"],"picked":"SKIP","floor":30},{"not_picked":["Cloak And Dagger","Escape Plan","Outmaneuver"],"picked":"SKIP","floor":30},{"not_picked":["Prepared","Dagger Spray","Flying Knee"],"picked":"SKIP","floor":30}],"player_experience":235061,"relics_obtained":[{"floor":13,"key":"ReplayTheSpireMod:Lightbulb"},{"floor":16,"key":"Iron Hammer"},{"floor":23,"key":"Prayer Wheel"},{"floor":26,"key":"Dream Catcher"},{"floor":28,"key":"Incense Burner"}],"event_choices":[{"damage_healed":0,"gold_gain":0,"player_choice":"Fled","damage_taken":0,"max_hp_gain":0,"max_hp_loss":0,"event_name":"Scrap Ooze","floor":7,"gold_loss":0},{"damage_healed":0,"gold_gain":0,"player_choice":"Upgraded","damage_taken":0,"max_hp_gain":0,"max_hp_loss":0,"event_name":"Upgrade Shrine","floor":19,"gold_loss":0,"cards_upgraded":["EpicFetus"]}],"is_beta":false,"boss_relics":[{"not_picked":["Replay:Bronze Core","Busted Crown","Snecko Scales"]}],"items_purged_floors":[8,20,27,29],"is_endless":false,"potions_floor_spawned":[1,1,3,4,10,10,10,11,11,14,16,18,22,23,25,25,25,30],"killed_by":"Shelled Parasite and Fungi","ascension_level":20}}