{"host":"gbbz8f5svnnpwo8d","time":1611624856,"event":{"mods":["AchievementEnabler","AlwaysNeverKeys","BaseMod","Bestiary","Better Altar","Better Match","Better Note","Better Sensory Stone","Better Silent Start","Better Skull","Better Third Choice","Better Vampires","Better-Laid Plans","BetterRewards","Block Reminder","Colored Map","Colored Powertips","Curses Come First","Dark Map","Displayed Cursed Tome","GifTheSpireLib","Minty Spire (QoL Compilation)","MonsterHotkey","Permanent Neow","Potion Indicator Mod","Quick Restart","Random Character Button","Rare Cards Sparkle","Relic Stats","Shop Mod","Spicy Shops","Spire Birthday Party","StSLib","Transform Curses"],"gold_per_floor":[113,20,20,36,48,48,60,60,84,111,42,42,71,89,89,190,190,204,204,217,133,133,133,167,167,194,206,206,206,218,218,218,323,323,334,41,58,77,89,121,121,46,46,60,15,31,63,82,82,82,82,82,63,63,63],"floor_reached":54,"language":"ENG","playtime":3060,"items_purged":["Strike_G"],"score":1027,"play_id":"89e1d25d-1221-4819-b1e4-55dd4dd6e0c4","local_time":"20210125183416","is_ascension_mode":false,"campfire_choices":[{"data":"Blade Dance","floor":6.0,"key":"SMITH"},{"data":"Glass Knife","floor":12.0,"key":"SMITH"},{"data":"Blade Dance","floor":15.0,"key":"SMITH"},{"data":"Blade Dance","floor":23.0,"key":"SMITH"},{"data":"Blade Dance","floor":25.0,"key":"SMITH"},{"data":"A Thousand Cuts","floor":28.0,"key":"SMITH"},{"data":"Finisher","floor":32.0,"key":"SMITH"},{"data":"A Thousand Cuts","floor":41.0,"key":"SMITH"},{"data":"Insight","floor":49.0,"key":"SMITH"},{"data":"Neutralize","floor":52.0,"key":"SMITH"}],"circlet_count":0,"master_deck":["Defend_G","Defend_G","Defend_G+1","Defend_G","Survivor+1","Neutralize+1","Escape Plan","Glass Knife+1","Blade Dance+1","Escape Plan","Escape Plan","Blur","Finisher+1","Blade Dance+1","Blade Dance+1","A Thousand Cuts+1","Dagger Spray+1","Corpse Explosion+1","Riddle With Holes+1","Blade Dance+1","Insight+1","Prepared","Necronomicurse","Terror+1","A Thousand Cuts+1","Well Laid Plans","Escape Plan","Infinite Blades+1","Footwork+1","PiercingWail","PiercingWail+1"],"relics":["Ring of the Snake","Lantern","Regal Pillow","Thread and Needle","MerchantsRug","Letter Opener","Pen Nib","Necronomicon","WristBlade","Shuriken","Eternal Feather","Kunai"],"acts_visited":["Exordium","TheCity","TheBeyond","TheEnding"],"potions_floor_usage":[],"damage_taken":[{"damage":2.0,"enemies":"Jaw Worm","floor":1.0,"turns":6.0},{"damage":0.0,"enemies":"Cultist","floor":4.0,"turns":2.0},{"damage":0.0,"enemies":"Small Slimes","floor":5.0,"turns":2.0},{"damage":0.0,"enemies":"Exordium Thugs","floor":7.0,"turns":3.0},{"damage":5.0,"enemies":"Gremlin Nob","floor":10.0,"turns":4.0},{"damage":5.0,"enemies":"3 Sentries","floor":13.0,"turns":6.0},{"damage":0.0,"enemies":"Looter","floor":14.0,"turns":2.0},{"damage":18.0,"enemies":"Hexaghost","floor":16.0,"turns":6.0},{"damage":1.0,"enemies":"Shell Parasite","floor":18.0,"turns":4.0},{"damage":0.0,"enemies":"3 Byrds","floor":20.0,"turns":1.0},{"damage":0.0,"enemies":"Gremlin Leader","floor":24.0,"turns":4.0},{"damage":0.0,"enemies":"Centurion and Healer","floor":27.0,"turns":1.0},{"damage":0.0,"enemies":"Shelled Parasite and Fungi","floor":30.0,"turns":2.0},{"damage":19.0,"enemies":"Champ","floor":33.0,"turns":5.0},{"damage":7.0,"enemies":"3 Darklings","floor":35.0,"turns":3.0},{"damage":0.0,"enemies":"3 Shapes","floor":37.0,"turns":1.0},{"damage":2.0,"enemies":"Transient","floor":38.0,"turns":5.0},{"damage":0.0,"enemies":"Spire Growth","floor":39.0,"turns":3.0},{"damage":0.0,"enemies":"Nemesis","floor":40.0,"turns":3.0},{"damage":2.0,"enemies":"Maw","floor":44.0,"turns":4.0},{"damage":2.0,"enemies":"Sphere and 2 Shapes","floor":46.0,"turns":3.0},{"damage":12.0,"enemies":"Reptomancer","floor":47.0,"turns":4.0},{"damage":0.0,"enemies":"Jaw Worm Horde","floor":48.0,"turns":1.0},{"damage":68.0,"enemies":"Donu and Deca","floor":50.0,"turns":6.0},{"damage":79,"enemies":"Shield and Spear","floor":54,"turns":3}],"seed_played":"1585424731867399160","potions_obtained":[{"floor":1.0,"key":"FearPotion"},{"floor":3.0,"key":"Fire Potion"},{"floor":3.0,"key":"BlessingOfTheForge"},{"floor":4.0,"key":"Block Potion"},{"floor":5.0,"key":"Swift Potion"},{"floor":7.0,"key":"Energy Potion"},{"floor":10.0,"key":"Weak Potion"},{"floor":13.0,"key":"FearPotion"},{"floor":14.0,"key":"Explosive Potion"},{"floor":16.0,"key":"PowerPotion"},{"floor":18.0,"key":"Weak Potion"},{"floor":20.0,"key":"EssenceOfSteel"},{"floor":24.0,"key":"EntropicBrew"},{"floor":27.0,"key":"Strength Potion"},{"floor":30.0,"key":"ColorlessPotion"},{"floor":33.0,"key":"DuplicationPotion"},{"floor":35.0,"key":"PowerPotion"},{"floor":37.0,"key":"Swift Potion"},{"floor":40.0,"key":"SpeedPotion"},{"floor":44.0,"key":"AttackPotion"},{"floor":46.0,"key":"DuplicationPotion"},{"floor":47.0,"key":"FearPotion"},{"floor":48.0,"key":"AttackPotion"}],"is_trial":false,"path_per_floor":["M","$","?","M","M","R","M","?","T","E","$","R","E","M","R","B",null,"M","?","M","$","?","R","E","R","T","M","R","?","M","?","R","B",null,"M","$","M","M","M","E","R","$","T","M","$","M","E","M","R","B",null,"R","$","E"],"character_chosen":"THE_SILENT","items_purchased":["Lantern","Regal Pillow","White Beast Statue","Glass Knife","Finisher","MerchantsRug","Shuriken","Well Laid Plans","Footwork+1","Kunai"],"campfire_rested":0,"item_purchase_floors":[0,0,0,2,11,21,36,36,45,53],"current_hp_per_floor":[61,61,61,61,61,61,61,47,47,49,49,49,44,44,44,26,77,76,76,76,76,76,76,77,77,77,77,77,61,63,63,63,46,77,70,70,70,74,77,77,77,77,77,75,75,75,65,67,77,11,77,77,77,0,0],"gold":63,"neow_bonus":"","is_daily":false,"chose_seed":false,"campfire_upgraded":10,"win_rate":0.0,"timestamp":1611624856,"path_taken":["M","$","?","?","M","R","M","?","T","E","?","R","E","M","R","BOSS","M","?","M","$","?","R","E","R","T","M","R","?","M","?","R","BOSS","M","$","M","M","M","E","R","$","T","M","$","M","E","M","R","BOSS","R","$","E"],"items_purchased_type":["Relic","Relic","Relic","Card","Card","Relic","Relic","Card","Card","Relic"],"build_version":"2020-12-22","purchased_purges":1,"victory":false,"max_hp_per_floor":[70,70,70,70,70,70,70,70,70,77,77,77,77,77,77,77,77,77,77,77,77,77,77,77,77,77,77,77,77,77,77,77,77,77,77,77,77,77,77,77,77,77,77,77,77,77,77,77,77,77,77,77,77,77,77],"relic_stats":{"Regal Pillow":0,"counters":[140,638],"Shuriken":[25],"Eternal Feather":10,"Pen Nib":[16],"Necronomicon":[9],"Letter Opener":[128],"Kunai":[2],"obtain_stats":[{"Ice Cream":48,"TwistedFunnel":27,"Gremlin Horn":52,"Vajra":23,"Ginger":39,"Bottled Tornado":45,"Boot":54,"Lizard Tail":48,"Strawberry":10,"MealTicket":0,"Fusion Hammer":17,"Necronomicon":29,"Kunai":0,"Toxic Egg 2":47,"Girya":37,"MerchantsRug":0,"Happy Flower":7,"Astrolabe":17,"Blue Candle":47,"Eternal Feather":9,"Tingsha":0,"Pen Nib":7,"Letter Opener":8,"Question Card":0,"Akabeko":36,"Du-Vu Doll":42,"SlaversCollar":17,"Shuriken":36,"Bronze Scales":54,"Bird Faced Urn":0,"Molten Egg 2":26,"Pandora\u0027s Box":34,"Unceasing Top":0,"Meat on the Bone":10,"Regal Pillow":14,"Lantern":44,"Torii":0,"Singing Bowl":43,"Snake Skull":43,"Incense Burner":47,"Empty Cage":34,"Cursed Key":17,"Emotion Chip":0,"Nunchaku":49,"Shovel":14,"WristBlade":34,"Ninja Scroll":28,"Gambling Chip":54,"Tiny Chest":27,"Red Mask":20,"Cracked Core":0,"InkBottle":43,"Ring of the Snake":0,"Potion Belt":28,"Lee\u0027s Waffle":0,"Golden Idol":11,"Thread and Needle":13,"PreservedInsect":0,"The Courier":9,"Frozen Egg 2":9,"White Beast Statue":7,"Nuclear Battery":17,"Anchor":42,"Ornamental Fan":0,"Bloody Idol":28,"Turnip":53,"Art of War":26,"Bag of Marbles":53,"Bottled Lightning":26,"Membership Card":27,"FossilizedHelix":53,"Toy Ornithopter":54},{"Ice Cream":30,"TwistedFunnel":102,"Gremlin Horn":64,"Vajra":50,"Ginger":60,"Bottled Tornado":28,"Boot":90,"Lizard Tail":88,"Strawberry":120,"MealTicket":66,"Fusion Hammer":46,"Necronomicon":127,"Kunai":37,"Toxic Egg 2":62,"Girya":27,"MerchantsRug":33,"Happy Flower":4,"Astrolabe":99,"Blue Candle":137,"Eternal Feather":4,"Tingsha":91,"Pen Nib":69,"Letter Opener":43,"Question Card":66,"Akabeko":82,"Du-Vu Doll":109,"SlaversCollar":7,"Shuriken":130,"Bronze Scales":32,"Bird Faced Urn":115,"Molten Egg 2":51,"Pandora\u0027s Box":55,"Unceasing Top":33,"Meat on the Bone":5,"Regal Pillow":45,"Lantern":85,"Torii":37,"Singing Bowl":60,"Snake Skull":85,"Incense Burner":111,"Empty Cage":25,"Cursed Key":72,"Emotion Chip":0,"Nunchaku":63,"Shovel":45,"WristBlade":104,"Ninja Scroll":102,"Gambling Chip":65,"Tiny Chest":51,"Red Mask":48,"Cracked Core":0,"InkBottle":27,"Ring of the Snake":0,"Potion Belt":80,"Lee\u0027s Waffle":66,"Golden Idol":5,"Thread and Needle":121,"PreservedInsect":0,"The Courier":43,"Frozen Egg 2":15,"White Beast Statue":42,"Nuclear Battery":19,"Anchor":60,"Ornamental Fan":0,"Bloody Idol":23,"Turnip":113,"Art of War":22,"Bag of Marbles":64,"Bottled Lightning":102,"Membership Card":102,"FossilizedHelix":113,"Toy Ornithopter":114},{"Ice Cream":146,"TwistedFunnel":496,"Gremlin Horn":310,"Vajra":253,"Ginger":297,"Bottled Tornado":134,"Boot":434,"Lizard Tail":422,"Strawberry":571,"MealTicket":324,"Fusion Hammer":235,"Necronomicon":595,"Kunai":197,"Toxic Egg 2":302,"Girya":121,"MerchantsRug":176,"Happy Flower":12,"Astrolabe":480,"Blue Candle":628,"Eternal Feather":12,"Tingsha":445,"Pen Nib":334,"Letter Opener":221,"Question Card":324,"Akabeko":393,"Du-Vu Doll":526,"SlaversCollar":26,"Shuriken":605,"Bronze Scales":170,"Bird Faced Urn":554,"Molten Egg 2":258,"Pandora\u0027s Box":275,"Unceasing Top":176,"Meat on the Bone":15,"Regal Pillow":227,"Lantern":407,"Torii":197,"Singing Bowl":297,"Snake Skull":407,"Incense Burner":535,"Empty Cage":106,"Cursed Key":351,"Emotion Chip":0,"Nunchaku":305,"Shovel":227,"WristBlade":510,"Ninja Scroll":496,"Gambling Chip":316,"Tiny Chest":258,"Red Mask":244,"Cracked Core":0,"InkBottle":121,"Ring of the Snake":0,"Potion Belt":378,"Lee\u0027s Waffle":324,"Golden Idol":15,"Thread and Needle":577,"PreservedInsect":0,"The Courier":221,"Frozen Egg 2":51,"White Beast Statue":214,"Nuclear Battery":66,"Anchor":297,"Ornamental Fan":0,"Bloody Idol":91,"Turnip":543,"Art of War":85,"Bag of Marbles":310,"Bottled Lightning":496,"Membership Card":496,"FossilizedHelix":543,"Toy Ornithopter":546}],"Ring of the Snake":[0]},"card_choices":[{"not_picked":["Deadly Poison","Concentrate"],"picked":"Escape Plan","floor":1.0},{"not_picked":["Flying Knee","Catalyst"],"picked":"Blade Dance","floor":4.0},{"not_picked":["Reflex","Bane"],"picked":"Escape Plan","floor":5.0},{"not_picked":["Masterful Stab","Malaise"],"picked":"Escape Plan","floor":7.0},{"not_picked":["Reflex","Calculated Gamble"],"picked":"Blur","floor":10.0},{"not_picked":["Bouncing Flask","Flying Knee"],"picked":"Blade Dance","floor":13.0},{"not_picked":["Dagger Spray","Dagger Throw"],"picked":"Blade Dance","floor":14.0},{"not_picked":["Storm of Steel","Tools of the Trade"],"picked":"A Thousand Cuts","floor":16.0},{"not_picked":["Calculated Gamble","Slice"],"picked":"Blade Dance","floor":18.0},{"not_picked":["Slice","Quick Slash","Acrobatics"],"picked":"SKIP","floor":20.0},{"not_picked":["Glass Knife","Dagger Throw+1"],"picked":"Prepared","floor":24.0},{"not_picked":["Slice","Flying Knee+1","Blade Dance"],"picked":"SKIP","floor":27.0},{"not_picked":["Poisoned Stab","Slice"],"picked":"Terror+1","floor":30.0},{"not_picked":["Malaise","Grand Finale"],"picked":"A Thousand Cuts","floor":33.0},{"not_picked":["Choke","Outmaneuver+1","Dodge and Roll"],"picked":"SKIP","floor":35.0},{"not_picked":["Deadly Poison","Poisoned Stab"],"picked":"Escape Plan","floor":37.0},{"not_picked":["Blade Dance","All Out Attack+1","Outmaneuver"],"picked":"SKIP","floor":38.0},{"not_picked":["Quick Slash+1","Die Die Die","Dodge and Roll"],"picked":"SKIP","floor":39.0},{"not_picked":["Masterful Stab+1","Cloak And Dagger+1"],"picked":"Infinite Blades+1","floor":40.0},{"not_picked":["Underhanded Strike","Masterful Stab","Skewer"],"picked":"SKIP","floor":44.0},{"not_picked":["Reflex+1","Eviscerate+1","Tactician+1"],"picked":"SKIP","floor":46.0},{"not_picked":["Expertise+1","Catalyst+1"],"picked":"PiercingWail","floor":47.0},{"not_picked":["Infinite Blades+1","Skewer"],"picked":"PiercingWail+1","floor":48.0}],"player_experience":3612406,"relics_obtained":[{"floor":9.0,"key":"Boot"},{"floor":10.0,"key":"Strawberry"},{"floor":13.0,"key":"Thread and Needle"},{"floor":24.0,"key":"Letter Opener"},{"floor":26.0,"key":"Pen Nib"},{"floor":40.0,"key":"Frozen Egg 2"},{"floor":43.0,"key":"Eternal Feather"},{"floor":47.0,"key":"Blue Candle"}],"event_choices":[{"damage_healed":0.0,"max_hp_gain":0.0,"max_hp_loss":0.0,"gold_gain":0.0,"event_name":"Lab","player_choice":"Got Potions","floor":3.0,"gold_loss":0.0,"damage_taken":0.0},{"damage_healed":61.0,"max_hp_gain":0.0,"max_hp_loss":70.0,"gold_gain":0.0,"event_name":"betterThird:BetterShining","player_choice":"Upgrade","floor":8.0,"gold_loss":0.0,"damage_taken":14.0,"cards_upgraded":["Defend_G","Survivor"]},{"cards_removed":["Strike_G"],"damage_healed":0.0,"max_hp_gain":0.0,"max_hp_loss":0.0,"gold_gain":0.0,"event_name":"betterNote:BetterNote","player_choice":"Give","floor":19.0,"gold_loss":0.0,"damage_taken":0.0,"cards_obtained":["Strike_R"]},{"damage_healed":0.0,"max_hp_gain":0.0,"max_hp_loss":0.0,"gold_gain":0.0,"event_name":"betterThird:BetterWriting","player_choice":"Insight","floor":22.0,"gold_loss":0.0,"damage_taken":0.0,"cards_obtained":["Insight"]},{"damage_healed":0.0,"max_hp_gain":0.0,"max_hp_loss":0.0,"gold_gain":0.0,"event_name":"Cursed Tome","player_choice":"Obtained Book","floor":29.0,"gold_loss":0.0,"damage_taken":16.0},{"damage_healed":0.0,"max_hp_gain":0.0,"max_hp_loss":0.0,"gold_gain":0.0,"event_name":"The Mausoleum","player_choice":"Ignored","floor":31.0,"gold_loss":0.0,"damage_taken":0.0}],"is_beta":false,"boss_relics":[{"not_picked":["HoveringKite","SacredBark"],"picked":"Astrolabe"},{"not_picked":["Cursed Key","Sozu"],"picked":"WristBlade"}],"items_purged_floors":[42],"is_endless":false,"potions_floor_spawned":[1,4,5,7,10,13,14,16,18,20,24,27,30,33,35,37,38,39,40,44,46,47,48],"killed_by":"Shield and Spear","ascension_level":0}}