{"host":"kwnpvqmnt47pmyi1","time":1611642312,"event":{"mods":["AchievementEnabler","BaseMod","Bestiary","BetterRewards","Downfall","Hermit","Hubris","Marisa????????","Minty Spire (QoL Compilation)","Random Character Mod","Reliquary","Replay The Spire","StSLib","The Marked","The Servant 0.9.4"],"gold_per_floor":[99,84,84,101,115,115,185,204,221,249,149,134,134,167,180,180,180,180],"floor_reached":16,"language":"ENG","playtime":1421,"items_purged":[],"score":110,"play_id":"0286a101-80c4-4dda-8ba0-14d376c055d8","local_time":"20210125222512","is_ascension_mode":false,"campfire_choices":[{"data":"Guardian:Defend_Guardian","floor":1,"key":"SMITH"},{"data":"Guardian:CurlUp","floor":6,"key":"SMITH"},{"data":"Guardian:FloatingOrbs","floor":11,"key":"SMITH"},{"floor":13,"key":"RECALL"}],"circlet_count":0,"master_deck":["Guardian:Strike_Guardian","Guardian:Strike_Guardian","Guardian:Strike_Guardian","Guardian:Strike_Guardian","Guardian:Defend_Guardian","Guardian:Defend_Guardian","Guardian:Defend_Guardian","Guardian:Defend_Guardian+1","Guardian:CurlUp+1","Guardian:TwinSlam","Guardian:CrystalBeam","Guardian:FloatingOrbs+1","Guardian:PrimingBeam","Guardian:Gem_Crimson","Guardian:PiercingHide","Guardian:Gem_Green"],"relics":["Guardian:ModeShifter","reliquary:PurpleTingedLeaf","reliquary:RosewoodLute","downfall:HeartBlessingGreen","Pen Nib"],"acts_visited":["Exordium"],"potions_floor_usage":[10,14],"damage_taken":[{"damage":0,"enemies":"downfall:FleeingMerchant","floor":2,"turns":4},{"damage":2,"enemies":"Small Slimes","floor":4,"turns":4},{"damage":1,"enemies":"Cultist","floor":5,"turns":4},{"damage":0,"enemies":"2 Louse","floor":8,"turns":4},{"damage":7,"enemies":"Blue Slaver","floor":9,"turns":3},{"damage":13,"enemies":"Gremlin Nob","floor":10,"turns":5},{"damage":0,"enemies":"downfall:FleeingMerchant","floor":12,"turns":4},{"damage":3,"enemies":"3 Sentries","floor":14,"turns":7},{"damage":0,"enemies":"Large Slime","floor":15,"turns":4},{"damage":87,"enemies":"WA_ARCHETYPE_RETAIN","floor":16,"turns":16}],"seed_played":"-3488866185962421498","potions_obtained":[{"floor":5,"key":"Guardian:DefensiveModePotion"},{"floor":8,"key":"AttackPotion"}],"is_trial":false,"path_per_floor":["R","$","?","M","M","R","T","M","M","E","R","$","R","E","M","B"],"character_chosen":"GUARDIAN","items_purchased":[],"campfire_rested":0,"item_purchase_floors":[],"current_hp_per_floor":[88,88,88,86,85,85,85,87,82,70,70,72,72,71,72,0,0,0],"gold":180,"neow_bonus":"TEN_PERCENT_HP_BONUS","is_daily":false,"chose_seed":false,"campfire_upgraded":3,"win_rate":0.0,"timestamp":1611642312,"path_taken":["R","$","?","M","M","R","T","M","?","E","R","?","R","E","M","BOSS"],"items_purchased_type":[],"build_version":"2020-12-22","purchased_purges":0,"victory":false,"max_hp_per_floor":[88,88,88,88,88,88,88,88,88,88,88,88,88,88,88,88,88,88],"card_choices":[{"not_picked":["Guardian:Gem_Cyan","Guardian:DecasProtection"],"picked":"Guardian:Gem_Red","floor":2},{"not_picked":["Guardian:WalkerClaw","Guardian:Emergency"],"picked":"Guardian:Gem_Red","floor":4},{"not_picked":["Guardian:Incinerate","Guardian:Gem_Red"],"picked":"Guardian:CrystalBeam","floor":5},{"not_picked":["Guardian:SpikerProtocol","Guardian:SentryBeam"],"picked":"Guardian:FloatingOrbs","floor":8},{"not_picked":["Guardian:TemporalStrike","Guardian:Gem_Lightblue"],"picked":"Guardian:PrimingBeam","floor":9},{"not_picked":["Guardian:PrimingBeam","Guardian:Clone"],"picked":"Guardian:Gem_Red","floor":10},{"not_picked":["Guardian:Suspension","Guardian:PrimingBeam"],"picked":"Guardian:Gem_Crimson","floor":12},{"not_picked":["Guardian:Recover","Guardian:RefractedBeam"],"picked":"Guardian:PiercingHide","floor":14},{"not_picked":["Guardian:WalkerClaw","Guardian:Clone"],"picked":"Guardian:Gem_Green","floor":15}],"player_experience":254410,"relics_obtained":[{"floor":7,"key":"reliquary:PurpleTingedLeaf"},{"floor":10,"key":"reliquary:RosewoodLute"},{"floor":14,"key":"Pen Nib"}],"event_choices":[],"is_beta":false,"boss_relics":[],"items_purged_floors":[],"is_endless":false,"potions_floor_spawned":[5,8],"killed_by":"WA_ARCHETYPE_RETAIN","ascension_level":0}}