{"host":"yvsfsto0agm53yt2","time":1611638012,"event":{"mods":["AchievementEnabler","Aspiration","BaseMod","Bestiary","Ironclad Rager","Minty Spire (QoL Compilation)","Practice Mode","Rare Cards Sparkle","Relic Stats","Spicy Shops","Spire Arcade","StSLib","everything is the same but u backflip on backflip"],"gold_per_floor":[109,124,124,134,147,173,173,205,205,237,312,16,29,45,45,150,150,168,187,198,198,198,230,230,255,279,296,296,296],"floor_reached":28,"language":"ENG","playtime":1070,"items_purged":[],"score":512,"play_id":"33ae24a6-1463-4853-b383-85b801031448","local_time":"20210126151332","is_ascension_mode":true,"campfire_choices":[{"data":"Auto Shields","floor":7.0,"key":"SMITH"},{"data":"Storm","floor":15,"key":"SMITH"},{"data":"Storm","floor":24,"key":"SMITH"}],"circlet_count":0,"master_deck":["AscendersBane","Strike_B","Defend_B","Defend_B","Defend_B","Defend_B","Zap","Dualcast","Sweeping Beam","Auto Shields+1","Regret","Rebound","Chill","Sweeping Beam","Defragment","Defragment","White Noise","Defragment","Storm+1","Storm+1","Thunder Strike","Rebound+1","White Noise+1","Cold Snap+1","Conserve Battery","Barrage","Reinforced Body","Echo Form","Tempest+1","Turbo","Cold Snap"],"relics":["Cracked Core","aspiration:Nostalgia","Burning Blood","Bronze Scales","Anchor","MealTicket","Blue Candle","Omamori","Calipers","Astrolabe","Smiling Mask","Pocketwatch","Mercury Hourglass","aspiration:Lifesprig"],"acts_visited":["Exordium","TheCity"],"potions_floor_usage":[16,16,20,23],"damage_taken":[{"damage":1.0,"enemies":"Jaw Worm","floor":1.0,"turns":5.0},{"damage":0.0,"enemies":"2 Louse","floor":2.0,"turns":2.0},{"damage":4.0,"enemies":"Cultist","floor":4.0,"turns":4.0},{"damage":6.0,"enemies":"Large Slime","floor":5.0,"turns":4.0},{"damage":14.0,"enemies":"3 Sentries","floor":6.0,"turns":9.0},{"damage":44.0,"enemies":"Gremlin Nob","floor":8.0,"turns":5.0},{"damage":8.0,"enemies":"3 Sentries","floor":10.0,"turns":6.0},{"damage":6.0,"enemies":"Lots of Slimes","floor":13.0,"turns":3.0},{"damage":1,"enemies":"2 Fungi Beasts","floor":14,"turns":3},{"damage":1,"enemies":"Slime Boss","floor":16,"turns":4},{"damage":11,"enemies":"Shell Parasite","floor":18,"turns":4},{"damage":0,"enemies":"Chosen","floor":19,"turns":3},{"damage":4,"enemies":"Snake Plant","floor":20,"turns":2},{"damage":41,"enemies":"Slavers","floor":23,"turns":5},{"damage":22,"enemies":"Book of Stabbing","floor":25,"turns":4},{"damage":11,"enemies":"Shelled Parasite and Fungi","floor":27,"turns":5},{"damage":19,"enemies":"Slavers","floor":28,"turns":1}],"seed_played":"-439238172771603028","potions_obtained":[{"floor":2.0,"key":"Fire Potion"},{"floor":4.0,"key":"EssenceOfSteel"},{"floor":8.0,"key":"Fire Potion"},{"floor":10.0,"key":"Regen Potion"},{"floor":14,"key":"Fire Potion"},{"floor":19,"key":"Energy Potion"},{"floor":20,"key":"DuplicationPotion"},{"floor":23,"key":"Strength Potion"}],"is_trial":false,"path_per_floor":["M","M","?","M","M","E","R","E","T","E","?","$","M","M","R","B",null,"M","M","M","?","?","E","R","E","T","M","E"],"character_chosen":"DEFECT","items_purchased":["Calipers","White Noise","Defragment"],"campfire_rested":0,"item_purchase_floors":[12,12,12],"current_hp_per_floor":[73,75,75,75,75,67,67,29,29,27,16,31,31,36,36,53,70,65,71,73,73,73,38,38,22,22,17,0,0],"gold":296,"neow_bonus":"NOSTALGIA","is_daily":false,"chose_seed":false,"campfire_upgraded":3,"win_rate":0.0,"timestamp":1611638012,"path_taken":["M","M","?","M","M","E","R","E","T","E","?","$","M","M","R","BOSS","M","M","M","?","?","E","R","E","T","M","E"],"items_purchased_type":["Relic","Card","Card"],"build_version":"2020-12-22","purchased_purges":0,"victory":false,"max_hp_per_floor":[75,75,75,75,75,75,75,75,75,75,75,75,75,75,75,75,75,75,75,75,75,75,75,75,75,75,75,75,75],"relic_stats":{"counters":[17,69],"Bronze Scales":[185],"Blue Candle":[5],"Astrolabe":["Rebound","White Noise","Cold Snap"],"MealTicket":15,"Smiling Mask":0,"obtain_stats":[{"aspiration:Lifesprig":26,"Calipers":12,"aspiration:Nostalgia":0,"Blue Candle":9,"Astrolabe":17,"Omamori":10,"Smiling Mask":22,"Burning Blood":0,"Mercury Hourglass":25,"Anchor":6,"Bronze Scales":3,"MealTicket":8,"Cracked Core":0,"Pocketwatch":23},{"aspiration:Lifesprig":15,"Calipers":7,"aspiration:Nostalgia":0,"Blue Candle":6,"Astrolabe":10,"Omamori":7,"Smiling Mask":13,"Burning Blood":0,"Mercury Hourglass":15,"Anchor":5,"Bronze Scales":2,"MealTicket":6,"Cracked Core":0,"Pocketwatch":14},{"aspiration:Lifesprig":63,"Calipers":35,"aspiration:Nostalgia":0,"Blue Candle":29,"Astrolabe":45,"Omamori":35,"Smiling Mask":54,"Burning Blood":0,"Mercury Hourglass":63,"Anchor":24,"Bronze Scales":7,"MealTicket":29,"Cracked Core":0,"Pocketwatch":59}],"Burning Blood":90,"Pocketwatch":[6],"Mercury Hourglass":[18]},"card_choices":[{"not_picked":["Chaos","Turbo"],"picked":"Sweeping Beam","floor":1.0},{"not_picked":["Chill","aspiration:Polymerization"],"picked":"Auto Shields","floor":2.0},{"not_picked":["Force Field","Chaos"],"picked":"Rebound","floor":4.0},{"not_picked":["Streamline","Turbo"],"picked":"Chill","floor":5.0},{"not_picked":["Turbo","Undo"],"picked":"Sweeping Beam","floor":6.0},{"not_picked":["Stack","Redo"],"picked":"Defragment","floor":8.0},{"not_picked":["Buffer","Stack"],"picked":"Defragment","floor":10.0},{"not_picked":["Go for the Eyes","Turbo"],"picked":"Storm","floor":13.0},{"not_picked":["Stack","Barrage"],"picked":"Storm","floor":14},{"not_picked":["Core Surge","Reboot"],"picked":"Thunder Strike","floor":16},{"not_picked":["Cold Snap","Beam Cell"],"picked":"Conserve Battery","floor":18},{"not_picked":["Go for the Eyes","Leap"],"picked":"Barrage","floor":19},{"not_picked":["Streamline","Gash"],"picked":"Reinforced Body","floor":20},{"not_picked":["Compile Driver","FTL+1"],"picked":"Tempest+1","floor":23},{"not_picked":["Steam","Leap"],"picked":"Turbo","floor":25},{"not_picked":["Streamline","Beam Cell"],"picked":"Cold Snap","floor":27}],"player_experience":279408,"relics_obtained":[{"floor":6.0,"key":"Anchor"},{"floor":8.0,"key":"MealTicket"},{"floor":9.0,"key":"Blue Candle"},{"floor":10.0,"key":"Omamori"},{"floor":22,"key":"Smiling Mask"},{"floor":23,"key":"Pocketwatch"},{"floor":25,"key":"Mercury Hourglass"},{"floor":26,"key":"aspiration:Lifesprig"}],"event_choices":[{"damage_healed":0.0,"max_hp_gain":0.0,"max_hp_loss":0.0,"gold_gain":0.0,"event_name":"Big Fish","player_choice":"Box","floor":3.0,"gold_loss":0.0,"damage_taken":0.0,"relics_obtained":["Bronze Scales"],"cards_obtained":["Regret"]},{"damage_healed":0.0,"max_hp_gain":0.0,"max_hp_loss":0.0,"gold_gain":75.0,"event_name":"World of Goop","player_choice":"Gather Gold","floor":11.0,"gold_loss":0.0,"damage_taken":11.0},{"damage_healed":0,"gold_gain":0,"player_choice":"Read","damage_taken":0,"max_hp_gain":0,"max_hp_loss":0,"event_name":"The Library","floor":21,"gold_loss":0,"cards_obtained":["Echo Form"]},{"damage_healed":0,"gold_gain":0,"player_choice":"Relic","damage_taken":0,"max_hp_gain":0,"max_hp_loss":0,"event_name":"Wheel of Change","floor":22,"gold_loss":0}],"is_beta":false,"boss_relics":[{"not_picked":["Runic Pyramid","SlaversCollar"],"picked":"Astrolabe"}],"items_purged_floors":[],"is_endless":false,"potions_floor_spawned":[2,4,8,10,14,19,20,23],"killed_by":"Slavers","ascension_level":11}}