{"host":"gltm229u6j2oow3a","time":1611651378,"event":{"mods":["BaseMod","Colored Powertips","Minty Spire (QoL Compilation)","[IsaacMod]ÒÔÈö¼âËþ"],"gold_per_floor":[115,186,198,211,211,237,237,268,268,293,304,319,336,353,353,456,456,473,36,135,35,35,35,49,79,79,104,104,104],"floor_reached":28,"language":"ZHS","playtime":801,"items_purged":["Strike_R","Defend_R"],"score":284,"play_id":"a823e640-6c6c-4b9f-b5a8-6bb1e66ccc85","local_time":"20210126165618","is_ascension_mode":true,"campfire_choices":[{"data":"Inflame","floor":7,"key":"SMITH"},{"data":"Flex","floor":15,"key":"SMITH"},{"data":"Flex","floor":23,"key":"SMITH"}],"circlet_count":0,"master_deck":["Strike_R","Defend_R","Defend_R+1","Bash","BloodyBrimstone","Pommel Strike","Thunderclap","Disarm+1","Power Through","Inflame+1","Headbutt","Seeing Red","Flex+1","Corruption","CurseOfTheBell","Thunderclap+1","Brutality+1","Body Slam+1","Dark Embrace+1","Flex+1","Writhe","Pommel Strike+1","Clash"],"relics":["HushsDoor","D4","Cracked Core","Prayer Wheel","Du-Vu Doll","Mango","Turnip","BloodDonationMachine","Paper Frog","War Paint","PreservedInsect","Astrolabe","MealTicket","MaYiHuaBei","Molten Egg 2","Art of War"],"acts_visited":["Exordium","TheCity"],"potions_floor_usage":[11,16,18],"damage_taken":[{"damage":6,"enemies":"Jaw Worm","floor":1,"turns":4},{"damage":0,"enemies":"Cultist","floor":3,"turns":2},{"damage":2,"enemies":"2 Louse","floor":4,"turns":2},{"damage":12,"enemies":"Gremlin Nob","floor":6,"turns":3},{"damage":27,"enemies":"3 Sentries","floor":8,"turns":6},{"damage":34,"enemies":"Lagavulin","floor":10,"turns":4},{"damage":0,"enemies":"Lots of Slimes","floor":11,"turns":3},{"damage":1,"enemies":"Looter","floor":12,"turns":2},{"damage":5,"enemies":"2 Fungi Beasts","floor":13,"turns":2},{"damage":14,"enemies":"Red Slaver","floor":14,"turns":2},{"damage":17,"enemies":"The Guardian","floor":16,"turns":6},{"damage":22,"enemies":"2 Thieves","floor":18,"turns":4},{"damage":34,"enemies":"Shell Parasite","floor":24,"turns":5},{"damage":30,"enemies":"Gremlin Leader","floor":25,"turns":4}],"seed_played":"-1682467647765555039","potions_obtained":[{"floor":1,"key":"Block Potion"},{"floor":3,"key":"Dexterity Potion"},{"floor":6,"key":"BlessingOfTheForge"},{"floor":8,"key":"LiquidMemories"},{"floor":25,"key":"LiquidMemories"}],"is_trial":false,"path_per_floor":["M","?","M","M","?","E","R","E","T","E","M","M","M","M","R","B",null,"M","$","?","$","?","R","M","E","T","T","?"],"character_chosen":"IRONCLAD","items_purchased":["D4","Flex"],"campfire_rested":0,"item_purchase_floors":[19,19],"current_hp_per_floor":[80,65,71,75,75,69,69,48,48,20,26,31,32,24,24,13,77,61,75,75,75,75,75,41,11,11,11,0,0],"gold":104,"neow_bonus":"RANDOM_COMMON_RELIC","is_daily":false,"chose_seed":false,"campfire_upgraded":3,"win_rate":0.0,"timestamp":1611651378,"path_taken":["M","?","M","M","?","E","R","E","T","E","?","M","M","M","R","BOSS","M","$","?","$","?","R","M","E","T","?","?"],"items_purchased_type":["Relic","Card"],"build_version":"2020-12-22","purchased_purges":2,"victory":false,"max_hp_per_floor":[80,80,80,80,80,80,80,80,80,80,80,80,80,80,80,77,77,77,91,91,91,91,91,91,91,91,91,91,91],"card_choices":[{"not_picked":[],"picked":"BloodyBrimstone","floor":0},{"not_picked":["Flame Barrier","Headbutt"],"picked":"Pommel Strike","floor":1},{"not_picked":["Sword Boomerang","Battle Trance"],"picked":"Thunderclap","floor":3},{"not_picked":["Armaments","Brutality"],"picked":"Disarm","floor":4},{"not_picked":["Cleave","Clash"],"picked":"Inflame","floor":6},{"not_picked":["Pummel","Armaments"],"picked":"Headbutt","floor":8},{"not_picked":["Carnage","Sword Boomerang","Clothesline"],"picked":"SKIP","floor":10},{"not_picked":["True Grit","Body Slam"],"picked":"Bomb","floor":11},{"not_picked":["Body Slam","Warcry"],"picked":"Seeing Red","floor":12},{"not_picked":["Clothesline","Warcry","Second Wind"],"picked":"SKIP","floor":13},{"not_picked":["Havoc","Anger"],"picked":"Flex","floor":14},{"not_picked":["Impervious","Offering"],"picked":"Corruption","floor":16},{"not_picked":["Warcry","Pommel Strike"],"picked":"Thunderclap+1","floor":18},{"not_picked":["Pummel","Metallicize"],"picked":"Pommel Strike+1","floor":24},{"not_picked":["Clothesline","Anger+1"],"picked":"Clash","floor":24},{"not_picked":["Twin Strike","Brutality","Shrug It Off"],"picked":"SKIP","floor":25}],"player_experience":99186,"relics_obtained":[{"floor":6,"key":"MoneyPower"},{"floor":8,"key":"Peace Pipe"},{"floor":10,"key":"Girya"},{"floor":17,"key":"Vajra"},{"floor":17,"key":"StrikeDummy"},{"floor":17,"key":"YumHeart"},{"floor":25,"key":"MaYiHuaBei"},{"floor":26,"key":"Molten Egg 2"},{"floor":27,"key":"Art of War"}],"event_choices":[{"damage_healed":0,"gold_gain":0,"cards_transformed":["Strike_R"],"player_choice":"Change","damage_taken":0,"max_hp_gain":0,"max_hp_loss":0,"event_name":"Living Wall","floor":5,"gold_loss":0,"cards_obtained":["Power Through"]},{"damage_healed":0,"gold_gain":99,"player_choice":"Stole From Cult","damage_taken":0,"max_hp_gain":0,"max_hp_loss":0,"event_name":"Nest","floor":20,"gold_loss":0},{"damage_healed":0,"gold_gain":0,"player_choice":"Opened","damage_taken":0,"relics_obtained":["MealTicket"],"max_hp_gain":0,"max_hp_loss":0,"event_name":"The Mausoleum","floor":22,"gold_loss":0,"cards_obtained":["Writhe"]}],"is_beta":false,"boss_relics":[{"not_picked":["Runic Pyramid","Black Star"],"picked":"Calling Bell"},{"not_picked":[]}],"items_purged_floors":[19,21],"is_endless":false,"potions_floor_spawned":[1,3,6,8,10,25],"ascension_level":2}}