{"host":"39i3emxub3h8uyq3","time":1611619687,"event":{"mods":["AchievementEnabler","BaseMod","Clockwork Mod","Colored Map","Downfall","Glutton Mod","Gold Saver","Minty Spire (QoL Compilation)","StSLib","TheHeartMod"],"gold_per_floor":[734,527,540,490,501,501,516,516,541,541,561,587,312,369,369,467,467,479,479,492,504,518,518,545,545,593,605,637,349,349,349],"floor_reached":30,"language":"ENG","playtime":1590,"items_purged":["downfall:Aged"],"score":275,"play_id":"89e1cbe3-363f-4d58-8288-b16a7bc7f4ec","local_time":"20210125190807","is_ascension_mode":false,"campfire_choices":[{"data":"Anger","floor":6,"key":"SMITH"},{"floor":8,"key":"REST"},{"data":"Rampage","floor":10,"key":"SMITH"},{"floor":15,"key":"REST"},{"floor":23,"key":"REST"},{"floor":27,"key":"REST"}],"circlet_count":0,"master_deck":["Strike_R","Strike_R","Strike_R","Strike_R","Strike_R","Defend_R","Defend_R","Defend_R","Defend_R","Bash","Anger+1","Sword Boomerang","Clothesline","Shrug It Off","Rampage+1","Reckless Charge","Demon Form","Armaments","Metallicize","Headbutt","Reckless Charge","Demon Form","Heavy Blade+1","Armaments","Headbutt","Iron Wave","Pummel","Whirlwind","Wild Strike+1","Cleave+1","Rampage"],"relics":["Burning Blood","Dream Catcher","Potion Belt","Orichalcum","TheAbacus","Cursed Key","Strawberry","MawBank","MealTicket"],"acts_visited":["Exordium","TheCity"],"potions_floor_usage":[12,20,20,21,22,22,30],"damage_taken":[{"damage":6,"enemies":"Jaw Worm","floor":1,"turns":5},{"damage":7,"enemies":"2 Louse","floor":3,"turns":2},{"damage":0,"enemies":"Small Slimes","floor":5,"turns":2},{"damage":10,"enemies":"Red Slaver","floor":7,"turns":4},{"damage":9,"enemies":"Exordium Wildlife","floor":11,"turns":4},{"damage":13,"enemies":"Lagavulin","floor":12,"turns":5},{"damage":41,"enemies":"Hexaghost","floor":16,"turns":9},{"damage":2,"enemies":"Chosen","floor":18,"turns":3},{"damage":17,"enemies":"2 Thieves","floor":20,"turns":4},{"damage":7,"enemies":"Cultist and Chosen","floor":21,"turns":5},{"damage":11,"enemies":"Centurion and Healer","floor":22,"turns":5},{"damage":35,"enemies":"Book of Stabbing","floor":24,"turns":5},{"damage":24,"enemies":"Snake Plant","floor":28,"turns":4},{"damage":78,"enemies":"Slavers","floor":30,"turns":5}],"seed_played":"8017922235780325597","potions_obtained":[{"floor":11,"key":"Energy Potion"},{"floor":16,"key":"hexamod:SoulburnPotion"},{"floor":18,"key":"EntropicBrew"},{"floor":20,"key":"SteroidPotion"},{"floor":28,"key":"PowerPotion"}],"is_trial":false,"path_per_floor":["M","$","M","?","M","R","M","R","T","R","M","E","$","?","R","B",null,"M","?","M","M","M","R","E","?","T","R","M","$","E"],"character_chosen":"IRONCLAD","items_purchased":["Sword Boomerang","Dream Catcher","Metallicize","Headbutt","TheAbacus","MealTicket","Rampage"],"campfire_rested":4,"item_purchase_floors":[2,2,13,13,13,29,29],"current_hp_per_floor":[88,88,87,87,88,88,84,88,88,88,85,78,78,78,88,53,88,88,88,77,76,71,88,66,66,66,94,76,76,0,0],"gold":349,"neow_bonus":"TEN_PERCENT_HP_BONUS","is_daily":false,"chose_seed":false,"campfire_upgraded":2,"win_rate":0.0,"timestamp":1611619687,"path_taken":["M","$","M","?","M","R","M","R","T","R","M","E","$","?","R","BOSS","M","?","M","?","M","R","E","?","T","R","M","$","E"],"items_purchased_type":["Card","Relic","Card","Card","Relic","Relic","Card"],"build_version":"2020-12-22","purchased_purges":1,"victory":false,"max_hp_per_floor":[88,88,88,88,88,88,88,88,88,88,88,88,88,88,88,88,88,88,88,88,88,88,88,95,95,95,95,95,95,95,95],"card_choices":[{"not_picked":["Pummel","Hemokinesis"],"picked":"Anger","floor":1},{"not_picked":["True Grit","Sword Boomerang"],"picked":"Clothesline","floor":3},{"not_picked":["Pummel","Ghostly Armor"],"picked":"Shrug It Off","floor":5},{"not_picked":["Sever Soul","Clothesline"],"picked":"Rampage","floor":7},{"not_picked":["Dual Wield","Shrug It Off"],"picked":"Reckless Charge","floor":8},{"not_picked":["Entrench","Flame Barrier"],"picked":"Demon Form","floor":11},{"not_picked":["Seeing Red","Body Slam"],"picked":"Armaments","floor":12},{"not_picked":["Sentinel","Hemokinesis"],"picked":"Reckless Charge","floor":15},{"not_picked":["Offering","Juggernaut"],"picked":"Demon Form","floor":16},{"not_picked":["Anger+1","Burning Pact"],"picked":"Heavy Blade+1","floor":18},{"not_picked":["Blood for Blood","Battle Trance+1"],"picked":"Armaments","floor":20},{"not_picked":["Dark Embrace","Limit Break"],"picked":"Headbutt","floor":21},{"not_picked":["Intimidate","True Grit+1"],"picked":"Iron Wave","floor":22},{"not_picked":["Body Slam+1","Dark Embrace"],"picked":"Pummel","floor":23},{"not_picked":["Shrug It Off","Metallicize"],"picked":"Whirlwind","floor":24},{"not_picked":["Flex+1","Body Slam"],"picked":"Wild Strike+1","floor":27},{"not_picked":["Inflame","Shrug It Off"],"picked":"Cleave+1","floor":28}],"player_experience":56128,"relics_obtained":[{"floor":9,"key":"Potion Belt"},{"floor":12,"key":"Orichalcum"},{"floor":24,"key":"Strawberry"},{"floor":26,"key":"MawBank"}],"event_choices":[{"damage_healed":0,"gold_gain":0,"player_choice":"Left Gold","damage_taken":0,"max_hp_gain":0,"max_hp_loss":0,"event_name":"World of Goop","floor":4,"gold_loss":50},{"damage_healed":0,"gold_gain":57,"player_choice":"Gained Gold","damage_taken":0,"max_hp_gain":0,"max_hp_loss":0,"event_name":"Golden Wing","floor":14,"gold_loss":0},{"cards_removed":["Defend_R"],"damage_healed":0,"gold_gain":0,"player_choice":"Took Card","damage_taken":0,"max_hp_gain":0,"max_hp_loss":0,"event_name":"NoteForYourself","floor":19,"gold_loss":0,"cards_obtained":["Defend_R"]},{"damage_healed":0,"gold_gain":0,"player_choice":"Ignored","damage_taken":0,"max_hp_gain":0,"max_hp_loss":0,"event_name":"Vampires","floor":25,"gold_loss":0}],"is_beta":false,"boss_relics":[{"not_picked":["Ectoplasm","Fusion Hammer"],"picked":"Cursed Key"}],"items_purged_floors":[29],"is_endless":false,"potions_floor_spawned":[11,16,18,20,28],"killed_by":"Slavers","ascension_level":0}}