{"host":"uv5ws9rdk87e8i5k","time":1611626133,"event":{"mods":["AchievementEnabler","BaseMod","Colored Map","Minty Spire (QoL Compilation)","Permanent Neow","Quick Restart","StSLib","SuperFastMode","The Animator","The Cursed","The Hierophant","The Necromancer"],"gold_per_floor":[359,371,371,384,399,427,447,447,474,502,533,545,577,589,601,713,725,757,346,365,365],"floor_reached":20,"language":"ENG","playtime":631,"items_purged":["TheCursedMod:Strike_TheCursed"],"score":180,"play_id":"901b5f4c-d78d-4c03-85d3-f83ff2903a49","local_time":"20210125195533","is_ascension_mode":false,"campfire_choices":[{"floor":8,"key":"REST"},{"floor":12,"key":"REST"},{"data":"TheCursedMod:CollectTribute","floor":15,"key":"SMITH"}],"circlet_count":0,"master_deck":["TheCursedMod:Strike_TheCursed+1","TheCursedMod:Strike_TheCursed","TheCursedMod:Strike_TheCursed","TheCursedMod:Defend_TheCursed+1","TheCursedMod:Defend_TheCursed","TheCursedMod:Defend_TheCursed","TheCursedMod:Defend_TheCursed","TheCursedMod:CursedWand","TheCursedMod:CleanUpWorkshop","TheCursedMod:Dregs","TheCursedMod:Hemoplague","TheCursedMod:CursedBlade","TheCursedMod:AbyssShockwave","TheCursedMod:BlessingInDisguise","TheCursedMod:SpitefulStrike","TheCursedMod:CollectTribute+1","TheCursedMod:Obscuration","TheCursedMod:CursedRelics","TheCursedMod:RapidMovement","TheCursedMod:NeowsMight","TheCursedMod:VitalStrike","TheCursedMod:LuckyCharm","TheCursedMod:SurpriseAttack","TheCursedMod:TacticalStrike"],"relics":["TheCursedMod:BlackMagic101","Bird Faced Urn","MawBank","Cursed Key","Bottled Lightning"],"acts_visited":["Exordium","TheCity"],"potions_floor_usage":[10,11,18],"damage_taken":[{"damage":0,"enemies":"Cultist","floor":1,"turns":3},{"damage":2,"enemies":"2 Louse","floor":2,"turns":3},{"damage":8,"enemies":"Jaw Worm","floor":4,"turns":4},{"damage":13,"enemies":"Large Slime","floor":5,"turns":5},{"damage":6,"enemies":"3 Sentries","floor":6,"turns":4},{"damage":7,"enemies":"3 Louse","floor":7,"turns":3},{"damage":17,"enemies":"Exordium Thugs","floor":10,"turns":3},{"damage":0,"enemies":"Gremlin Gang","floor":11,"turns":1},{"damage":0,"enemies":"Red Slaver","floor":13,"turns":3},{"damage":19,"enemies":"Hexaghost","floor":16,"turns":9},{"damage":16,"enemies":"2 Thieves","floor":18,"turns":3},{"damage":9,"enemies":"Spheric Guardian","floor":20,"turns":4}],"seed_played":"-762550237537164509","potions_obtained":[{"floor":4,"key":"TheCursedMod:DregsPotion"},{"floor":5,"key":"LiquidMemories"},{"floor":6,"key":"Ancient Potion"},{"floor":13,"key":"Energy Potion"},{"floor":16,"key":"PowerPotion"}],"is_trial":false,"path_per_floor":["M","M","?","M","M","E","M","R","T","M","M","R","M","?","R","B",null,"M","$","M"],"character_chosen":"THE_CURSED","items_purchased":["TheCursedMod:LuckyCharm","Bottled Lightning","TheCursedMod:SurpriseAttack"],"campfire_rested":2,"item_purchase_floors":[19,19,19],"current_hp_per_floor":[54,52,52,44,31,25,18,40,40,27,27,49,49,34,34,19,75,59,59,56,56],"gold":365,"neow_bonus":"TWO_FIFTY_GOLD","is_daily":false,"chose_seed":false,"campfire_upgraded":1,"win_rate":0.0,"timestamp":1611626133,"path_taken":["M","M","?","M","M","E","M","R","T","M","M","R","M","?","R","BOSS","M","$","M"],"items_purchased_type":["Card","Relic","Card"],"build_version":"2020-12-22","purchased_purges":1,"victory":false,"max_hp_per_floor":[75,75,75,75,75,75,75,75,75,75,75,75,75,75,75,75,75,75,75,75,75],"card_choices":[{"not_picked":["TheCursedMod:RapidMovement","TheCursedMod:CursedSpellbook"],"picked":"TheCursedMod:Hemoplague","floor":1},{"not_picked":["TheCursedMod:RapidMovement","TheCursedMod:SpitefulPlan"],"picked":"TheCursedMod:CursedBlade","floor":2},{"not_picked":["TheCursedMod:CursedBlade","TheCursedMod:PrepareRite"],"picked":"TheCursedMod:AbyssShockwave","floor":4},{"not_picked":["TheCursedMod:SmokeScreen","TheCursedMod:CursedShiv"],"picked":"TheCursedMod:BlessingInDisguise","floor":5},{"not_picked":["TheCursedMod:BloodBarrier","TheCursedMod:CursedBoomerang"],"picked":"TheCursedMod:SpitefulStrike","floor":6},{"not_picked":["TheCursedMod:CursedShiv","TheCursedMod:Wield"],"picked":"TheCursedMod:CollectTribute","floor":7},{"not_picked":["TheCursedMod:VitalStrike","TheCursedMod:CircleOfAmplification"],"picked":"TheCursedMod:Obscuration","floor":10},{"not_picked":["TheCursedMod:CursedBoomerang","TheCursedMod:SpitefulStrike"],"picked":"TheCursedMod:CursedRelics","floor":11},{"not_picked":["TheCursedMod:Stigma","TheCursedMod:CursedAmulet"],"picked":"TheCursedMod:RapidMovement","floor":13},{"not_picked":["TheCursedMod:AntiAging","TheCursedMod:ManaCirculation"],"picked":"TheCursedMod:NeowsMight","floor":16},{"not_picked":["TheCursedMod:Stretching+1","TheCursedMod:EmpowerCircles+1"],"picked":"TheCursedMod:VitalStrike","floor":18},{"not_picked":["TheCursedMod:CursedAmulet","TheCursedMod:Mangle"],"picked":"TheCursedMod:TacticalStrike","floor":20}],"player_experience":280909,"relics_obtained":[{"floor":6,"key":"Bird Faced Urn"},{"floor":9,"key":"MawBank"}],"event_choices":[{"damage_healed":0,"gold_gain":0,"player_choice":"Ignored","damage_taken":0,"max_hp_gain":0,"max_hp_loss":0,"event_name":"Liars Game","floor":3,"gold_loss":0},{"damage_healed":0,"gold_gain":0,"player_choice":"Entered Light","damage_taken":15,"max_hp_gain":0,"max_hp_loss":0,"event_name":"Shining Light","floor":14,"gold_loss":0,"cards_upgraded":["TheCursedMod:Defend_TheCursed","TheCursedMod:Strike_TheCursed"]}],"is_beta":false,"boss_relics":[{"not_picked":["Astrolabe","Busted Crown"],"picked":"Cursed Key"}],"items_purged_floors":[19],"is_endless":false,"potions_floor_spawned":[4,5,6,7,13,16],"killed_by":"Spheric Guardian","ascension_level":0}}