{"host":"yiuxawbvzhpm7ctb","time":1611689112,"event":{"mods":["AchievementEnabler","Act Like it!","Aspiration","BaseMod","Better Altar","Better Match","Better Note","Better Sensory Stone","Better Skull","Better Third Choice","Better Vampires","Colored Map","Conspire","Downfall","Emptier Cage","Halation","Hubris","Infinite Spire","Jedi Mod","Marisa????????","Minty Spire (QoL Compilation)","Pale of the Ancients","Reliquary","Replay The Spire","StSLib","The Jungle","Wandering Minibosses"],"gold_per_floor":[99,114,134,147,147,210,210,210,244,394,404,232,232,232,232,232],"floor_reached":14,"language":"ENG","playtime":754,"items_purged":[],"score":88,"play_id":"d1ff8fec-22c4-4fcf-8437-424fb9f20505","local_time":"20210126142512","is_ascension_mode":false,"campfire_choices":[{"data":"sneckomod:Unknown","floor":1,"key":"SMITH"},{"data":"sneckomod:UnknownBlock","floor":8,"key":"SMITH"}],"circlet_count":0,"master_deck":["sneckomod:Strike","sneckomod:Strike","sneckomod:Strike","sneckomod:Defend","sneckomod:Defend","sneckomod:Defend","sneckomod:Unknown+1","sneckomod:Unknown","sneckomod:Unknown1Cost","sneckomod:SnakeSap","sneckomod:UnknownDraw","hubris:DuctTapeCard","sneckomod:SlitherStrike","downfall:Icky","sneckomod:MasterEye","sneckomod:ImprovisedGuard","sneckomod:UnknownBoss","hexamod:Hexaguard+1"],"relics":["sneckomod:SneckoSoul","jedi:HeartOfTheCards","hubris:DuctTape","Simple Rune"],"acts_visited":["Exordium"],"potions_floor_usage":[6,9],"damage_taken":[{"damage":11,"enemies":"Jaw Worm","floor":2,"turns":4},{"damage":5,"enemies":"Small Slimes","floor":3,"turns":5},{"damage":9,"enemies":"2 Louse","floor":4,"turns":2},{"damage":44,"enemies":"3 Sentries","floor":6,"turns":8},{"damage":15,"enemies":"3 Sentries","floor":9,"turns":7},{"damage":10,"enemies":"Large Slime","floor":11,"turns":5},{"damage":0,"enemies":"downfall:FleeingMerchant","floor":12,"turns":4},{"damage":11,"enemies":"Gremlin Nob","floor":14,"turns":2}],"seed_played":"8816694379213589320","potions_obtained":[{"floor":3,"key":"jedi:StrikingPotion"},{"floor":6,"key":"champ:CounterPotion"}],"is_trial":false,"path_per_floor":["R","M","M","M","?","?","T","R","E","?","M","$","R","E"],"character_chosen":"THE_SNECKO","items_purchased":["sneckomod:UnknownBoss"],"campfire_rested":0,"item_purchase_floors":[12],"current_hp_per_floor":[99,88,83,74,74,30,30,30,15,15,5,5,5,0,0,0],"gold":232,"neow_bonus":"TEN_PERCENT_HP_BONUS","is_daily":false,"chose_seed":false,"campfire_upgraded":2,"win_rate":0.0,"timestamp":1611689112,"path_taken":["R","M","M","M","?","?","T","R","E","?","M","$","R","E"],"items_purchased_type":["Card"],"build_version":"2020-12-22","purchased_purges":0,"victory":false,"max_hp_per_floor":[99,99,99,99,99,99,99,99,99,99,99,99,99,99,99,99],"card_choices":[{"not_picked":["sneckomod:SoulDraw","sneckomod:UnknownStrike"],"picked":"sneckomod:Unknown1Cost","floor":2},{"not_picked":["sneckomod:IronFang","sneckomod:UnknownCommonSkill"],"picked":"sneckomod:SnakeSap","floor":3},{"not_picked":["sneckomod:ImprovisedAttack","sneckomod:RainOfDice"],"picked":"sneckomod:UnknownDraw","floor":4},{"not_picked":["sneckomod:SnekBeam","sneckomod:Nope"],"picked":"sneckomod:UnknownBlock","floor":6},{"not_picked":["sneckomod:RainOfDice","sneckomod:UnknownStrike"],"picked":"sneckomod:SlitherStrike","floor":9},{"not_picked":["sneckomod:SnekBeam","sneckomod:SnakeSap"],"picked":"sneckomod:MasterEye","floor":11},{"not_picked":["sneckomod:SoulRoll","sneckomod:Unknown1Cost"],"picked":"sneckomod:ImprovisedGuard","floor":12}],"player_experience":604112,"relics_obtained":[{"floor":6,"key":"jedi:HeartOfTheCards"},{"floor":7,"key":"hubris:DuctTape"},{"floor":9,"key":"Simple Rune"}],"event_choices":[],"is_beta":false,"boss_relics":[],"items_purged_floors":[],"is_endless":false,"potions_floor_spawned":[3,6],"killed_by":"Gremlin Nob","ascension_level":0}}