{"host":"i98650m3tufgrrto","time":1611658705,"event":{"mods":["100% Spire Juice","Act Like it!","BaseMod","CapriCore","KomeijiMod","Marisa£®ÏF”Í°°ƒß¿Ì…≥£©","Minty Spire (QoL Compilation)","Reimu£®≤©¿ˆ¡È√Œ£©","Remilia£®¿Ÿ√◊¿Ú—«£©","StSLib","The Immortal","The Servant 0.9.4","Yakumo Yukari mod","Youmu£®ªÍ∆«—˝√Œ£©"],"gold_per_floor":[173,173,173,183,183,183,217,235,235,72,72,72],"floor_reached":11,"language":"ZHS","playtime":477,"items_purged":["FitfulNightmare"],"score":142,"play_id":"63d41d25-fae5-4005-b647-d1c2bf80b57f","local_time":"20210126185825","is_ascension_mode":true,"campfire_choices":[{"data":"Absorbed","floor":6.0,"key":"SMITH"}],"circlet_count":0,"master_deck":["AscendersBane","Absorbed+1","Scratch","BloodPact","Rewrite","FateConcerto","Tepes","BloodCoagulation","ScarletDestiny","SealingFear","YoungDemonLord","YoungDemonLord","DemonLordWalk"],"relics":["Pandora\u0027s Box","Letter Opener","Frozen Egg 2"],"acts_visited":["Exordium"],"potions_floor_usage":[11],"damage_taken":[{"damage":16.0,"enemies":"2 Louse","floor":1.0,"turns":3.0},{"damage":22.0,"enemies":"Small Slimes","floor":4.0,"turns":4.0},{"damage":30.0,"enemies":"Lagavulin","floor":7.0,"turns":6.0},{"damage":5.0,"enemies":"Jaw Worm","floor":8.0,"turns":5.0},{"damage":20,"enemies":"3 Sentries","floor":11,"turns":4}],"seed_played":"4049593576975146718","potions_obtained":[{"floor":1.0,"key":"Swift Potion"},{"floor":7.0,"key":"LiquidBronze"}],"is_trial":false,"path_per_floor":["M","?","?","M","?","R","E","M","T","$","E"],"character_chosen":"RemiriaScarlet","items_purchased":["DemonLordWalk"],"campfire_rested":0,"item_purchase_floors":[10],"current_hp_per_floor":[74,79,79,57,57,57,27,22,22,22,2,2],"gold":72,"neow_bonus":"BOSS_RELIC","is_daily":false,"chose_seed":false,"campfire_upgraded":1,"win_rate":0.0,"timestamp":1611658705,"path_taken":["M","?","?","M","?","R","E","M","T","$","E"],"items_purchased_type":["Card"],"build_version":"2020-12-22","purchased_purges":1,"victory":false,"max_hp_per_floor":[100,105,105,105,105,105,105,105,105,105,105,105],"card_choices":[{"not_picked":["Exsanguinate","BathedInBlood"],"picked":"YoungDemonLord","floor":1.0},{"not_picked":["BloodCollect","DemonsDinnerFork_Remiria"],"picked":"YoungDemonLord","floor":4.0},{"not_picked":["Feint","Offensive","MiserableFate_Remiria"],"picked":"SKIP","floor":7.0},{"not_picked":["VampirishNight","RocketKickup","TricksterDevil"],"picked":"SKIP","floor":8.0}],"player_experience":1218326,"relics_obtained":[{"floor":7.0,"key":"Letter Opener"},{"floor":9.0,"key":"Frozen Egg 2"}],"event_choices":[{"damage_healed":0.0,"max_hp_gain":5.0,"max_hp_loss":0.0,"gold_gain":0.0,"event_name":"Big Fish","player_choice":"Donut","floor":2.0,"gold_loss":0.0,"damage_taken":0.0},{"damage_healed":0.0,"max_hp_gain":0.0,"max_hp_loss":0.0,"gold_gain":0.0,"event_name":"Shining Light","player_choice":"Ignored","floor":5.0,"gold_loss":0.0,"damage_taken":0.0}],"is_beta":false,"boss_relics":[],"items_purged_floors":[10],"is_endless":false,"potions_floor_spawned":[1,7,8],"killed_by":"3 Sentries","ascension_level":20}}