{"host":"qekv59dthhdg54sz","time":1611667451,"event":{"mods":["AchievementEnabler","BaseMod","Colored Map","DeckTracker","KOR Keyword Fix","Minty Spire (QoL Compilation)","Rare Cards Sparkle","StSLib","SuperFastMode"],"gold_per_floor":[114,114,32,32,48,91,104,104,128,163,163,88,112,136,136,225,225,256,292,304,331,367,379,391,421,433,460,472,484,324,365,365,464,464,489,489,489,489,508,508,548,572,572,572,605,146,146,164,164,164],"floor_reached":51,"language":"KOR","playtime":2201,"items_purged":["Strike_R","Strike_R","Strike_R"],"score":1222,"play_id":"4eb388a6-c500-42bb-bab6-b72fdd31428e","local_time":"20210126222411","is_ascension_mode":true,"campfire_choices":[{"data":"True Grit","floor":8.0,"key":"SMITH"},{"data":"Fire Breathing","floor":15.0,"key":"SMITH"},{"data":"Fiend Fire","floor":23.0,"key":"SMITH"},{"data":"Battle Trance","floor":29.0,"key":"SMITH"},{"floor":32.0,"key":"REST"},{"floor":40,"key":"REST"},{"data":"Evolve","floor":44,"key":"SMITH"},{"floor":49,"key":"REST"}],"circlet_count":0,"master_deck":["AscendersBane","Strike_R","Defend_R","Defend_R","Defend_R","Defend_R","Bash","Battle Trance+1","Fire Breathing+1","Fiend Fire+1","Wild Strike","True Grit+1","Shrug It Off","Disarm","CurseOfTheBell","Sever Soul+1","Dark Embrace+1","Writhe","Reckless Charge","Impervious","Impervious","Evolve+1","Wild Strike","Barricade","Shrug It Off"],"relics":["Burning Blood","NeowsBlessing","Golden Idol","Potion Belt","PreservedInsect","Bottled Tornado","Calling Bell","MawBank","Question Card","Charon\u0027s Ashes","HornCleat","WingedGreaves","Mercury Hourglass","SlaversCollar","Pantograph","Prayer Wheel","Toy Ornithopter","Dream Catcher","Membership Card","Torii"],"acts_visited":["Exordium","TheCity","TheBeyond"],"potions_floor_usage":[39,39,45,50,50,50],"damage_taken":[{"damage":0.0,"enemies":"2 Louse","floor":1.0,"turns":1.0},{"damage":0.0,"enemies":"Jaw Worm","floor":5.0,"turns":1.0},{"damage":0.0,"enemies":"Gremlin Nob","floor":6.0,"turns":1.0},{"damage":0.0,"enemies":"Cultist","floor":7.0,"turns":2.0},{"damage":15.0,"enemies":"3 Sentries","floor":10.0,"turns":4.0},{"damage":7.0,"enemies":"Looter","floor":13.0,"turns":3.0},{"damage":6.0,"enemies":"2 Fungi Beasts","floor":14.0,"turns":3.0},{"damage":29.0,"enemies":"Hexaghost","floor":16.0,"turns":12.0},{"damage":23.0,"enemies":"2 Thieves","floor":18.0,"turns":3.0},{"damage":16.0,"enemies":"Shell Parasite","floor":19.0,"turns":10.0},{"damage":2.0,"enemies":"3 Cultists","floor":21.0,"turns":4.0},{"damage":14.0,"enemies":"Shelled Parasite and Fungi","floor":22.0,"turns":5.0},{"damage":12.0,"enemies":"Cultist and Chosen","floor":25.0,"turns":4.0},{"damage":18.0,"enemies":"Snake Plant","floor":27.0,"turns":4.0},{"damage":23.0,"enemies":"Book of Stabbing","floor":31.0,"turns":5.0},{"damage":25.0,"enemies":"Collector","floor":33.0,"turns":10.0},{"damage":13.0,"enemies":"Orb Walker","floor":35.0,"turns":4.0},{"damage":21,"enemies":"3 Shapes","floor":39,"turns":5},{"damage":8,"enemies":"Giant Head","floor":41,"turns":7},{"damage":2,"enemies":"Sphere and 2 Shapes","floor":42,"turns":3},{"damage":21,"enemies":"Reptomancer","floor":45,"turns":4},{"damage":35,"enemies":"Maw","floor":48,"turns":8},{"damage":60,"enemies":"Donu and Deca","floor":50,"turns":6}],"seed_played":"2424833357981730865","potions_obtained":[{"floor":1.0,"key":"HeartOfIron"},{"floor":10.0,"key":"Swift Potion"},{"floor":16.0,"key":"ElixirPotion"},{"floor":19.0,"key":"LiquidBronze"},{"floor":21.0,"key":"Regen Potion"},{"floor":27.0,"key":"GamblersBrew"},{"floor":33.0,"key":"Regen Potion"},{"floor":35.0,"key":"SpeedPotion"},{"floor":39,"key":"BloodPotion"},{"floor":42,"key":"SneckoOil"},{"floor":48,"key":"Fire Potion"}],"is_trial":false,"path_per_floor":["M","?","$","?","M","E","M","R","T","E","?","$","M","M","R","B",null,"M","M","$","M","M","R","?","M","T","M","?","R","$","E","R","B",null,"M","?","?","T","M","R","E","M","T","R","E","$","?","M","R","B",null],"character_chosen":"IRONCLAD","items_purchased":["Fire Breathing","Reckless Charge","Membership Card","Torii","Barricade","Shrug It Off"],"campfire_rested":3,"item_purchase_floors":[3,30,46,46,46,46],"current_hp_per_floor":[78,58,58,58,64,70,76,76,76,67,67,67,66,66,66,43,71,54,44,44,48,52,52,52,46,46,34,34,34,34,17,41,22,66,59,59,49,49,48,72,70,74,74,74,64,64,64,35,57,47],"gold":164,"neow_bonus":"THREE_ENEMY_KILL","is_daily":false,"chose_seed":false,"campfire_upgraded":5,"win_rate":0.0,"timestamp":1611667451,"path_taken":["M","?","$","?","?","E","M","R","T","E","?","$","M","M","R","BOSS","M","M","$","M","M","R","?","M","T","M","?","R","?","E","R","BOSS","M","?","?","?","?","R","E","M","T","R","E","$","?","M","R","BOSS"],"items_purchased_type":["Card","Card","Relic","Relic","Card","Card"],"build_version":"2020-12-22","purchased_purges":3,"victory":true,"max_hp_per_floor":[80,80,80,80,80,80,80,80,80,80,80,80,80,80,80,80,80,80,80,80,80,80,80,80,80,80,80,80,80,80,80,80,80,80,80,80,80,80,80,80,80,80,80,80,80,80,76,76,76,76],"card_choices":[{"not_picked":["Fire Breathing","Flame Barrier"],"picked":"Battle Trance","floor":1.0},{"not_picked":["Metallicize","Headbutt"],"picked":"Wild Strike","floor":5.0},{"not_picked":["Hemokinesis","Twin Strike"],"picked":"True Grit","floor":6.0},{"not_picked":["Cleave","Anger","Twin Strike"],"picked":"SKIP","floor":7.0},{"not_picked":["Dropkick","Searing Blow"],"picked":"Shrug It Off","floor":10.0},{"not_picked":["Heavy Blade","Sever Soul","Rage"],"picked":"SKIP","floor":13.0},{"not_picked":["Flex","Sword Boomerang"],"picked":"Disarm","floor":14.0},{"not_picked":["Iron Wave+1","Sword Boomerang+1","Perfected Strike","Disarm"],"picked":"SKIP","floor":18.0},{"not_picked":["Warcry","Thunderclap+1","Whirlwind+1","Perfected Strike+1"],"picked":"SKIP","floor":19.0},{"not_picked":["True Grit","Disarm","Sword Boomerang","Flex"],"picked":"SKIP","floor":21.0},{"not_picked":["True Grit","Reckless Charge","Flex+1"],"picked":"Sever Soul+1","floor":22.0},{"not_picked":["Uppercut+1","Bludgeon","Cleave","Headbutt+1"],"picked":"SKIP","floor":25.0},{"not_picked":["Thunderclap","Shockwave","Perfected Strike"],"picked":"Dark Embrace+1","floor":27.0},{"not_picked":["Rampage","Body Slam","Seeing Red"],"picked":"Impervious","floor":31.0},{"not_picked":["Demon Form","Limit Break","Barricade"],"picked":"Impervious","floor":33.0},{"not_picked":["Flame Barrier","Wild Strike+1","Twin Strike"],"picked":"Evolve","floor":35.0},{"not_picked":["Bloodletting","Heavy Blade","Dark Embrace+1","Perfected Strike"],"picked":"SKIP","floor":39},{"not_picked":["Perfected Strike","Rage","Dual Wield"],"picked":"Wild Strike","floor":41},{"not_picked":["Cleave","Body Slam","Twin Strike+1","Rage"],"picked":"SKIP","floor":42},{"not_picked":["Headbutt+1","Perfected Strike","Wild Strike","Body Slam"],"picked":"SKIP","floor":42},{"not_picked":["Heavy Blade+1","Bludgeon","Cleave","Flex"],"picked":"SKIP","floor":45},{"not_picked":["Heavy Blade+1","Shrug It Off","Headbutt+1","Flex"],"picked":"SKIP","floor":48},{"not_picked":["Reckless Charge","Sword Boomerang+1","Heavy Blade","Wild Strike"],"picked":"SKIP","floor":48}],"player_experience":852149,"relics_obtained":[{"floor":6.0,"key":"Potion Belt"},{"floor":9.0,"key":"PreservedInsect"},{"floor":10.0,"key":"Bottled Tornado"},{"floor":17.0,"key":"MawBank"},{"floor":17.0,"key":"Question Card"},{"floor":17.0,"key":"Charon\u0027s Ashes"},{"floor":26.0,"key":"HornCleat"},{"floor":31.0,"key":"Mercury Hourglass"},{"floor":38.0,"key":"Pantograph"},{"floor":41,"key":"Prayer Wheel"},{"floor":43,"key":"Toy Ornithopter"},{"floor":45,"key":"Dream Catcher"}],"event_choices":[{"damage_healed":0.0,"max_hp_gain":0.0,"max_hp_loss":0.0,"gold_gain":0.0,"event_name":"Golden Idol","player_choice":"Take Damage","floor":2.0,"gold_loss":0.0,"damage_taken":20.0,"relics_obtained":["Golden Idol"]},{"damage_healed":0.0,"max_hp_gain":0.0,"max_hp_loss":0.0,"gold_gain":0.0,"event_name":"Match and Keep!","player_choice":"1 cards matched","floor":4.0,"gold_loss":0.0,"damage_taken":0.0,"cards_obtained":["Fiend Fire"]},{"damage_healed":0.0,"max_hp_gain":0.0,"max_hp_loss":0.0,"gold_gain":0.0,"event_name":"Liars Game","player_choice":"Ignored","floor":11.0,"gold_loss":0.0,"damage_taken":0.0},{"damage_healed":0.0,"max_hp_gain":0.0,"max_hp_loss":0.0,"gold_gain":0.0,"event_name":"Vampires","player_choice":"Ignored","floor":24.0,"gold_loss":0.0,"damage_taken":0.0},{"damage_healed":0.0,"max_hp_gain":0.0,"max_hp_loss":0.0,"gold_gain":0.0,"event_name":"The Mausoleum","player_choice":"Opened","floor":28.0,"gold_loss":0.0,"damage_taken":0.0,"relics_obtained":["WingedGreaves"],"cards_obtained":["Writhe"]},{"cards_removed":["Strike_R"],"damage_healed":0.0,"max_hp_gain":0.0,"max_hp_loss":0.0,"gold_gain":0.0,"event_name":"Falling","player_choice":"Removed Attack","floor":36.0,"gold_loss":0.0,"damage_taken":0.0},{"damage_healed":0.0,"max_hp_gain":0.0,"max_hp_loss":0.0,"gold_gain":0.0,"event_name":"SensoryStone","player_choice":"Memory 3","floor":37.0,"gold_loss":0.0,"damage_taken":10.0},{"damage_healed":0,"gold_gain":0,"player_choice":"Max HP","damage_taken":0,"max_hp_gain":0,"max_hp_loss":4,"event_name":"Winding Halls","floor":47,"gold_loss":0}],"is_beta":false,"boss_relics":[{"not_picked":["Cursed Key","Sozu"],"picked":"Calling Bell"},{"not_picked":["Snecko Eye","Busted Crown"],"picked":"SlaversCollar"}],"items_purged_floors":[12,30,46],"is_endless":false,"potions_floor_spawned":[1,10,16,19,21,27,33,35,39,42,48],"ascension_level":13}}