{"host":"lnnm69al9x392px5","time":1611649476,"event":{"mods":["BaseMod","Downfall","Minty Spire (QoL Compilation)","Replay The Spire","StSLib"],"gold_per_floor":[99,110,110,120,120,105,184,184,217,234,260,272,286,306,320,419,419,419,438,449,469,469,487,511,541,554,454,554,554,570,580,594,691,691,591,604,604,619,619,644,691,717,729,740,767,784,684,684,684,684],"floor_reached":48,"language":"ENG","playtime":2726,"items_purged":[],"score":730,"play_id":"ab7f5d02-f101-42ad-8923-d72d4d3759a6","local_time":"20210126002436","is_ascension_mode":true,"campfire_choices":[{"data":"hexamod:Float","floor":1,"key":"SMITH"},{"data":"hexamod:Incineration","floor":8,"key":"SMITH"},{"floor":27,"key":"RECALL"},{"floor":35,"key":"DIG"},{"data":"hexamod:VolcanoVisage","floor":47,"key":"SMITH"},{"data":"hexamod:WildfireWeapon","floor":47,"key":"SMITH"}],"circlet_count":0,"master_deck":["hexamod:Strike","hexamod:Defend","hexamod:Defend+1","hexamod:Defend+1","hexamod:Defend","hexamod:Sear","hexamod:Float+1","hexamod:Hexaguard","hexamod:DynamicBlow","hexamod:Incineration+1","hexamod:GhostLash","hexamod:NightmareGuise+1","hexamod:UnlimitedPower+1","hexamod:ShieldOfDarkness+1","hexamod:HeatShield+1","hexamod:ChargedBarrage+1","hexamod:BurningTouch+1","hexamod:WildfireWeapon+1","hexamod:EtherealExpedition+1","hexamod:AdvancingGuard+1","hexamod:RecurringNightmare+1","hexamod:VolcanoVisage+1","hexamod:FastForward+1","hexamod:RadiantFlame+1","hexamod:ShieldOfDarkness+1","hexamod:GhostShield+1","hexamod:FourthSeal","hexamod:ApocalypseNow+1","hexamod:SearingWound+1","hexamod:Firestarter+1","hexamod:TimeOfNeed+1","hexamod:RetreatToShadows+1","hexamod:GhostflameBarrier+1"],"relics":["Coffee Dripper","hexamod:InflammatoryLetter","Toxic Egg 2","ReplayTheSpireMod:Lightbulb","Runic Pyramid","Centennial Puzzle","War Paint","downfall:HeartBlessingBlue","Counterbalance","InkBottle","SlaversCollar","downfall:HeartBlessingRed","Bottled Flame","Replay:Arrowhead","Replay:Rubber Ducky","Potion Belt","PreservedInsect","downfall:HeartBlessingGreen"],"acts_visited":["Exordium","TheCity","TheBeyond"],"potions_floor_usage":[16,16,28,31,32,32,33,44],"damage_taken":[{"damage":0,"enemies":"Small Slimes","floor":2,"turns":3},{"damage":7,"enemies":"Jaw Worm","floor":4,"turns":3},{"damage":0,"enemies":"Cultist","floor":5,"turns":1},{"damage":0,"enemies":"downfall:FleeingMerchant","floor":6,"turns":4},{"damage":16,"enemies":"Gremlin Nob","floor":9,"turns":3},{"damage":0,"enemies":"3 Louse","floor":10,"turns":2},{"damage":6,"enemies":"Replay:BlueRogue","floor":11,"turns":3},{"damage":5,"enemies":"Gremlin Gang","floor":12,"turns":5},{"damage":12,"enemies":"Exordium Wildlife","floor":13,"turns":2},{"damage":6,"enemies":"Exordium Thugs","floor":14,"turns":3},{"damage":0,"enemies":"Large Slime","floor":15,"turns":3},{"damage":6,"enemies":"IC_STATUS_ARCHETYPE","floor":16,"turns":3},{"damage":13,"enemies":"Shell Parasite","floor":19,"turns":4},{"damage":9,"enemies":"3 Cultists","floor":20,"turns":5},{"damage":1,"enemies":"Cultist and Chosen","floor":21,"turns":4},{"damage":9,"enemies":"Centurion and Healer","floor":23,"turns":6},{"damage":15,"enemies":"Slavers","floor":25,"turns":5},{"damage":9,"enemies":"Snake Plant","floor":26,"turns":3},{"damage":13,"enemies":"Colosseum Nobs","floor":28,"turns":3},{"damage":0,"enemies":"Snecko","floor":30,"turns":4},{"damage":0,"enemies":"Cultist and Chosen","floor":31,"turns":4},{"damage":0,"enemies":"3 Cultists","floor":32,"turns":5},{"damage":6,"enemies":"WA_ARCHETYPE_CALM","floor":33,"turns":13},{"damage":12,"enemies":"3 Darklings","floor":36,"turns":4},{"damage":9,"enemies":"Orb Walker","floor":38,"turns":3},{"damage":0,"enemies":"Nemesis","floor":40,"turns":4},{"damage":0,"enemies":"Giant Head","floor":42,"turns":6},{"damage":3,"enemies":"4 Shapes","floor":43,"turns":5},{"damage":37,"enemies":"Sphere and 2 Shapes","floor":44,"turns":5},{"damage":6,"enemies":"Reptomancer","floor":45,"turns":6},{"damage":3,"enemies":"3 Darklings","floor":46,"turns":3},{"damage":11,"enemies":"Jaw Worm Horde","floor":48,"turns":3}],"seed_played":"-1140434895528148894","potions_obtained":[{"floor":4,"key":"SneckoOil"},{"floor":11,"key":"AttackPotion"},{"floor":12,"key":"Weak Potion"},{"floor":13,"key":"sneckomod:MuddlingPotion"},{"floor":19,"key":"PowerPotion"},{"floor":20,"key":"Dexterity Potion"},{"floor":28,"key":"Toxic Potion"},{"floor":31,"key":"AttackPotion"},{"floor":32,"key":"Languid Potion"},{"floor":33,"key":"SkillPotion"},{"floor":38,"key":"Elixir"},{"floor":38,"key":"FearPotion"},{"floor":42,"key":"Languid Potion"},{"floor":43,"key":"Energy Potion"},{"floor":43,"key":"hexamod:DoubleChargePotion"},{"floor":44,"key":"BlessingOfTheForge"}],"is_trial":false,"path_per_floor":["R","M","?","M","M","$","T","R","E","M","E","M","M","M","M","B",null,"R","M","M","M","T","M","T","E","M","R","?","?","M","M","M","B",null,"R","M","?","M","?","E","T","E","M","M","E","M","R","M"],"character_chosen":"THE_SPIRIT","items_purchased":[],"campfire_rested":0,"item_purchase_floors":[],"current_hp_per_floor":[70,70,70,63,63,63,63,63,47,47,41,36,24,18,18,12,70,70,57,48,47,47,38,38,23,14,24,11,11,11,11,11,5,80,80,68,68,59,59,59,59,59,56,19,13,10,10,0,0,0],"gold":684,"neow_bonus":"BOSS_RELIC","is_daily":false,"chose_seed":false,"campfire_upgraded":4,"win_rate":0.0,"timestamp":1611649476,"path_taken":["R","M","?","M","M","?","T","R","E","M","E","?","M","M","M","BOSS","R","M","M","M","?","M","T","E","M","R","?","?","M","?","M","BOSS","R","M","?","M","?","E","T","E","M","M","E","M","R","M"],"items_purchased_type":[],"build_version":"2020-12-22","purchased_purges":0,"victory":false,"max_hp_per_floor":[70,70,70,70,70,70,70,70,70,70,70,70,70,70,70,70,70,70,70,70,70,70,70,70,70,70,80,80,80,80,80,80,80,80,80,80,80,80,80,80,80,80,80,80,80,80,80,80,80,80],"card_choices":[{"not_picked":["hexamod:ThermalTransfer","hexamod:FastForward"],"picked":"hexamod:Hexaguard","floor":2},{"not_picked":["hexamod:GhostShield","hexamod:GhostOfSpirePast"],"picked":"hexamod:DynamicBlow","floor":4},{"not_picked":["hexamod:BurningTouch","hexamod:Hexaguard"],"picked":"hexamod:Incineration","floor":5},{"not_picked":["hexamod:SpectralSpark","hexamod:HauntingEcho"],"picked":"hexamod:GhostLash","floor":6},{"not_picked":["hexamod:FastForward+1","hexamod:Haunt+1"],"picked":"hexamod:NightmareGuise+1","floor":9},{"not_picked":["hexamod:GhostShield+1","hexamod:SwordOfDarkness"],"picked":"hexamod:UnlimitedPower+1","floor":10},{"not_picked":["hexamod:NightmareStrike","hexamod:SpectersWail"],"picked":"hexamod:ShieldOfDarkness+1","floor":11},{"not_picked":["hexamod:ShieldOfDarkness+1","hexamod:Firestarter"],"picked":"hexamod:HeatShield+1","floor":12},{"not_picked":["hexamod:NightmareStrike","hexamod:Firestarter"],"picked":"hexamod:ChargedBarrage+1","floor":13},{"not_picked":["hexamod:NightmareGuise+1","hexamod:Hexaguard+1"],"picked":"hexamod:BurningTouch+1","floor":14},{"not_picked":["hexamod:SuperheatedStrike","hexamod:Haunt+1","hexamod:ThermalTransfer"],"picked":"SKIP","floor":15},{"not_picked":["hexamod:ApocalypticArmor","hexamod:ParanormalForm"],"picked":"hexamod:WildfireWeapon","floor":16},{"not_picked":["hexamod:Firestarter","hexamod:ThermalTransfer"],"picked":"hexamod:AdvancingGuard+1","floor":19},{"not_picked":["hexamod:HauntingEcho","hexamod:Hexaguard+1"],"picked":"hexamod:RecurringNightmare+1","floor":20},{"not_picked":["hexamod:GhostShield+1","hexamod:Firestarter","hexamod:HauntingEcho"],"picked":"SKIP","floor":21},{"not_picked":["hexamod:Incineration","hexamod:SwordOfDarkness"],"picked":"hexamod:VolcanoVisage","floor":23},{"not_picked":["hexamod:CatchUp+1","hexamod:GhostOfSpireFuture"],"picked":"hexamod:FastForward+1","floor":25},{"not_picked":["hexamod:ShieldOfDarkness+1","hexamod:SpectersWail"],"picked":"hexamod:RadiantFlame+1","floor":26},{"not_picked":["hexamod:NightmareStrike","hexamod:HeatMetal"],"picked":"hexamod:ShieldOfDarkness+1","floor":28},{"not_picked":["hexamod:NightmareStrike","hexamod:HauntingEcho"],"picked":"hexamod:GhostShield+1","floor":30},{"not_picked":["hexamod:ThermalTransfer","hexamod:GhostLash"],"picked":"hexamod:FourthSeal","floor":31},{"not_picked":["hexamod:GhostLash","hexamod:HeatShield+1"],"picked":"hexamod:ApocalypseNow+1","floor":32},{"not_picked":["hexamod:ApocalypticArmor","hexamod:UnlimitedPower+1"],"picked":"hexamod:SearingWound+1","floor":33},{"not_picked":["hexamod:BurningTouch+1","hexamod:FastForward+1","hexamod:HeatMetal+1"],"picked":"SKIP","floor":36},{"not_picked":["hexamod:ShieldOfDarkness+1","hexamod:BurningTouch+1"],"picked":"hexamod:Firestarter+1","floor":38},{"not_picked":["hexamod:FlamesFromBeyond+1","hexamod:AdvancingGuard+1"],"picked":"hexamod:TimeOfNeed+1","floor":40},{"not_picked":["hexamod:HauntingEcho+1","hexamod:Hexaguard+1"],"picked":"hexamod:RetreatToShadows+1","floor":42},{"not_picked":["hexamod:GhostLash","hexamod:NightmareStrike"],"picked":"hexamod:GhostflameBarrier+1","floor":43},{"not_picked":["hexamod:SpectersWail","hexamod:AdvancingGuard+1","hexamod:BurningTouch+1"],"picked":"SKIP","floor":44},{"not_picked":["hexamod:BacktrackSmack","hexamod:SwordOfDarkness","hexamod:FastForward+1"],"picked":"SKIP","floor":45},{"not_picked":["hexamod:BacktrackSmack+1","hexamod:NightmareStrike","hexamod:FourthSeal"],"picked":"SKIP","floor":46}],"player_experience":260039,"relics_obtained":[{"floor":7,"key":"hexamod:InflammatoryLetter"},{"floor":9,"key":"Toxic Egg 2"},{"floor":11,"key":"ReplayTheSpireMod:Lightbulb"},{"floor":24,"key":"Centennial Puzzle"},{"floor":25,"key":"War Paint"},{"floor":28,"key":"Counterbalance"},{"floor":28,"key":"InkBottle"},{"floor":35,"key":"Bottled Flame"},{"floor":40,"key":"Replay:Arrowhead"},{"floor":41,"key":"Replay:Rubber Ducky"},{"floor":42,"key":"Potion Belt"},{"floor":45,"key":"PreservedInsect"}],"event_choices":[{"cards_removed":["hexamod:Strike"],"damage_healed":0,"gold_gain":0,"player_choice":"Card Removal","damage_taken":0,"max_hp_gain":0,"max_hp_loss":0,"event_name":"Wheel of Change","floor":29,"gold_loss":0},{"damage_healed":0,"gold_gain":0,"player_choice":"Ignored","damage_taken":0,"max_hp_gain":0,"max_hp_loss":0,"event_name":"Mysterious Sphere","floor":37,"gold_loss":0}],"is_beta":false,"boss_relics":[{"not_picked":["Abe\u0027s Treasure","Empty Cage"],"picked":"Runic Pyramid"},{"not_picked":["hexamod:IceCube","Kintsugi"],"picked":"SlaversCollar"}],"items_purged_floors":[],"is_endless":false,"potions_floor_spawned":[4,11,12,13,15,19,20,21,28,31,33,38,43,44,45],"killed_by":"Jaw Worm Horde","ascension_level":3}}