{"host":"9jskdx4t2il7kdto","time":1611691310,"event":{"mods":["AchievementEnabler","Act Like it!","BaseMod","Card Forge","Colored Powertips","Highlight Path","Minty Spire (QoL Compilation)","Replay The Spire","StSLib","TheSurvivalist","UnlockEverythingMod"],"gold_per_floor":[111,111,127,49,66,66,94,105,105,115,115,131,146,158,158,158,158],"floor_reached":16,"language":"ENG","playtime":1107,"items_purged":[],"score":106,"play_id":"0a0a0899-cd5d-4243-834f-8c9e850d91e3","local_time":"20210126140150","is_ascension_mode":false,"campfire_choices":[{"data":"survmod:ComplexMutation","floor":6,"key":"SMITH"},{"data":"survmod:BendAndBow","floor":11,"key":"SMITH"},{"data":"survmod:AcidArrow","floor":15,"key":"SMITH"}],"circlet_count":0,"master_deck":["survmod:Strike","survmod:Strike","survmod:Strike","survmod:Defend","survmod:Defend","survmod:Defend","survmod:Defend","survmod:VersatileOffense","survmod:Sprint","survmod:TrickShot","survmod:DuckAndFlare","survmod:QuickDash","survmod:GoForFace","survmod:ComplexMutation+1","survmod:TacticalManeuver","survmod:LongShot","survmod:BendAndBow+1","survmod:FocusedFire","survmod:AcidArrow+1"],"relics":["survmod:InnateMutation","Hammer of Thor","Seething Fire","Anvil of the Gods","NeowsBlessing","Darkstone Periapt","Eternal Feather"],"acts_visited":["Exordium"],"potions_floor_usage":[16,16,16],"damage_taken":[{"damage":0,"enemies":"2 Louse","floor":1,"turns":1},{"damage":0,"enemies":"Cultist","floor":3,"turns":1},{"damage":0,"enemies":"Small Slimes","floor":5,"turns":1},{"damage":1,"enemies":"Replay:BlueRogue","floor":7,"turns":9},{"damage":4,"enemies":"Looter","floor":8,"turns":3},{"damage":4,"enemies":"Red Slaver","floor":10,"turns":4},{"damage":0,"enemies":"Blue Slaver","floor":12,"turns":4},{"damage":4,"enemies":"Looter","floor":13,"turns":4},{"damage":13,"enemies":"Lots of Slimes","floor":14,"turns":4},{"damage":42,"enemies":"Slime Boss","floor":16,"turns":9}],"seed_played":"8450362464022932968","potions_obtained":[{"floor":1,"key":"PowerPotion"},{"floor":5,"key":"Weak Potion"},{"floor":7,"key":"SkillPotion"},{"floor":14,"key":"BlessingOfTheForge"}],"is_trial":false,"path_per_floor":["M","?","M","$","M","R","E","M","T","M","R","M","M","M","R","B"],"character_chosen":"THE_SURVIVOR","items_purchased":["survmod:QuickDash","survmod:GoForFace"],"campfire_rested":0,"item_purchase_floors":[4,4],"current_hp_per_floor":[50,50,50,50,50,50,49,45,45,41,50,50,46,33,42,0,0],"gold":158,"neow_bonus":"THREE_ENEMY_KILL","is_daily":false,"chose_seed":false,"campfire_upgraded":3,"win_rate":0.0,"timestamp":1611691310,"path_taken":["M","?","?","$","M","R","E","M","T","M","R","M","M","M","R","BOSS"],"items_purchased_type":["Card","Card"],"build_version":"2020-12-22","purchased_purges":0,"victory":false,"max_hp_per_floor":[50,50,50,50,50,50,50,50,50,50,50,50,50,50,50,50,50],"card_choices":[{"not_picked":["survmod:FocusedFire","survmod:RejectWeakness"],"picked":"survmod:TrickShot","floor":1},{"not_picked":["survmod:AcidTrap","survmod:HailOfArrows"],"picked":"survmod:DuckAndFlare","floor":3},{"not_picked":["survmod:FenceTrap","survmod:FlashbangTrap"],"picked":"survmod:ComplexMutation","floor":5},{"not_picked":["survmod:SkillfulManeuver","survmod:Marksmanship"],"picked":"survmod:TacticalManeuver","floor":7},{"not_picked":["survmod:FenceTrap","survmod:PersonalMark"],"picked":"survmod:LongShot","floor":8},{"not_picked":["survmod:SimpleMutation","survmod:PiercingShot"],"picked":"survmod:BendAndBow","floor":10},{"not_picked":["survmod:Marksmanship","survmod:OverwhelmingAssault"],"picked":"survmod:FocusedFire","floor":12},{"not_picked":["survmod:Adaptability","survmod:MarkTrap","survmod:TwinShot"],"picked":"SKIP","floor":13},{"not_picked":["survmod:PinningSnipe","survmod:ChokingBow"],"picked":"survmod:AcidArrow","floor":14}],"player_experience":371760,"relics_obtained":[{"floor":7,"key":"Darkstone Periapt"},{"floor":9,"key":"Eternal Feather"}],"event_choices":[{"cards_removed":["survmod:Strike"],"damage_healed":0,"gold_gain":0,"player_choice":"Purged","damage_taken":0,"max_hp_gain":0,"max_hp_loss":0,"event_name":"Purifier","floor":2,"gold_loss":0}],"is_beta":false,"boss_relics":[],"items_purged_floors":[],"is_endless":false,"potions_floor_spawned":[1,5,7,10,14],"killed_by":"Slime Boss","ascension_level":0}}