{"host":"bq4pt811tk9yrmjl","time":1611629558,"event":{"mods":["AchievementEnabler","BaseMod","Colored Map","Colored Powertips","Defuse TimeMaze Blight","Hermit","Minty Spire (QoL Compilation)","StSLib","SuperFastMode"],"gold_per_floor":[117,36,36,36,36,36,74,99,99,137,212,212,212,245,245,371,371,389,389,408,408,408,441,441,475,554,409,409,429,458,476,476,579,579,592,592,592,592,642,642,671,444,467,478,490,284,301,315,315,315,315,315,13,40,40,40],"floor_reached":55,"language":"ENG","playtime":1092,"items_purged":["Strike_R"],"score":882,"play_id":"aee8e9a6-f556-4dcf-961c-7150f91aab4a","local_time":"20210126005238","is_ascension_mode":true,"campfire_choices":[{"data":"Metallicize","floor":6.0,"key":"SMITH"},{"data":"Demon Form","floor":13.0,"key":"SMITH"},{"floor":15.0,"key":"REST"},{"floor":24.0,"key":"REST"},{"data":"Flame Barrier","floor":32.0,"key":"SMITH"},{"floor":40,"key":"RECALL"},{"data":"Anger","floor":49,"key":"SMITH"},{"data":"Reaper","floor":52,"key":"SMITH"}],"circlet_count":0,"master_deck":["Strike_R","Strike_R","Strike_R","Strike_R","Defend_R","Defend_R","Defend_R","Defend_R","Bash","Clash","Metallicize+1","Flame Barrier+1","Demon Form+1","Reaper+1","Cleave","Anger+1","Shockwave+1","Armaments+1","Berserk+1","Heavy Blade","Feel No Pain+1"],"relics":["Burning Blood","NeowsBlessing","Bloody Idol","CaptainsWheel","FossilizedHelix","Dream Catcher","Sozu","MutagenicStrength","Tiny Chest","Red Skull","Frozen Egg 2","Medical Kit","Juzu Bracelet","Busted Crown","Paper Frog","Pocketwatch","Ice Cream","Membership Card","Bronze Scales","Happy Flower","ClockworkSouvenir","Bottled Lightning","Letter Opener","Art of War","Lantern"],"acts_visited":["Exordium","TheCity","TheBeyond","TheEnding"],"potions_floor_usage":[],"damage_taken":[{"damage":0.0,"enemies":"Cultist","floor":1.0,"turns":1.0},{"damage":0.0,"enemies":"Gremlin Nob","floor":7.0,"turns":1.0},{"damage":0.0,"enemies":"Jaw Worm","floor":8.0,"turns":1.0},{"damage":18.0,"enemies":"Lagavulin","floor":10.0,"turns":8.0},{"damage":8.0,"enemies":"Gremlin Nob","floor":14.0,"turns":5.0},{"damage":0.0,"enemies":"Slime Boss","floor":16.0,"turns":6.0},{"damage":0.0,"enemies":"Chosen","floor":18.0,"turns":5.0},{"damage":0.0,"enemies":"Shell Parasite","floor":20.0,"turns":4.0},{"damage":23.0,"enemies":"Book of Stabbing","floor":23.0,"turns":6.0},{"damage":35.0,"enemies":"Slavers","floor":25.0,"turns":7.0},{"damage":7.0,"enemies":"Chosen and Byrds","floor":29.0,"turns":7.0},{"damage":32.0,"enemies":"Book of Stabbing","floor":30.0,"turns":6.0},{"damage":0.0,"enemies":"Snecko","floor":31.0,"turns":5.0},{"damage":63.0,"enemies":"Automaton","floor":33.0,"turns":9.0},{"damage":0.0,"enemies":"3 Shapes","floor":35.0,"turns":7.0},{"damage":8,"enemies":"Mind Bloom Boss Battle","floor":39,"turns":8},{"damage":17,"enemies":"Giant Head","floor":41,"turns":7},{"damage":0,"enemies":"3 Darklings","floor":44,"turns":4},{"damage":0,"enemies":"Maw","floor":45,"turns":6},{"damage":0,"enemies":"Spire Growth","floor":47,"turns":4},{"damage":0,"enemies":"Transient","floor":48,"turns":5},{"damage":70,"enemies":"Donu and Deca","floor":50,"turns":9},{"damage":65,"enemies":"Shield and Spear","floor":54,"turns":6},{"damage":91,"enemies":"The Heart","floor":55,"turns":6}],"seed_played":"-5988379804422488417","potions_obtained":[{"floor":1.0,"key":"EssenceOfSteel"},{"floor":16.0,"key":"Dexterity Potion"}],"is_trial":false,"path_per_floor":["M","$","?","$","?","R","E","M","T","E","?","?","R","E","R","B",null,"M","?","M","?","?","E","R","E","T","$","?","M","E","M","R","B",null,"M","?","T","?","?","R","E","$","T","M","M","$","M","M","R","B",null,"R","$","E","B"],"character_chosen":"IRONCLAD","items_purchased":["Metallicize","Medical Kit","Membership Card","Bronze Scales","ClockworkSouvenir","Bottled Lightning","Letter Opener","Heavy Blade","Art of War","Feel No Pain+1"],"campfire_rested":2,"item_purchase_floors":[2,27,42,42,46,46,53,53,53,53],"current_hp_per_floor":[80,80,80,80,60,60,66,72,72,60,49,49,49,47,71,77,80,80,80,80,80,80,63,80,80,80,80,80,80,59,80,80,56,80,80,80,80,80,80,80,74,74,79,80,80,80,80,80,80,57,80,80,80,80,0,0],"gold":40,"neow_bonus":"THREE_ENEMY_KILL","is_daily":false,"chose_seed":false,"campfire_upgraded":5,"win_rate":0.0,"timestamp":1611629558,"path_taken":["M","$","?","$","?","R","E","M","T","E","?","?","R","E","R","BOSS","M","?","M","?","?","E","R","E","T","?","?","M","E","M","R","BOSS","M","?","?","?","?","R","E","$","T","M","M","$","M","M","R","BOSS","R","$","E","BOSS"],"items_purchased_type":["Card","Relic","Relic","Relic","Relic","Relic","Relic","Card","Relic","Card"],"build_version":"2020-12-22","purchased_purges":1,"victory":false,"max_hp_per_floor":[80,80,80,80,80,80,80,80,80,80,80,80,80,80,80,80,80,80,80,80,80,80,80,80,80,80,80,80,80,80,80,80,80,80,80,80,80,80,80,80,80,80,80,80,80,80,80,80,80,80,80,80,80,80,80,80],"card_choices":[{"not_picked":["Searing Blow","True Grit"],"picked":"Clash","floor":1.0},{"not_picked":["Pommel Strike","Headbutt"],"picked":"Flame Barrier","floor":7.0},{"not_picked":["Sword Boomerang","Clash","Perfected Strike"],"picked":"SKIP","floor":8.0},{"not_picked":["Headbutt","Body Slam"],"picked":"Demon Form","floor":10.0},{"not_picked":["Bludgeon","Sentinel","Body Slam"],"picked":"SKIP","floor":14.0},{"not_picked":["Offering","Brutality"],"picked":"Reaper","floor":16.0},{"not_picked":["Clash","Sword Boomerang"],"picked":"Cleave","floor":18.0},{"not_picked":["Headbutt","Flex"],"picked":"Shockwave+1","floor":20.0},{"not_picked":["Offering","Headbutt"],"picked":"Armaments+1","floor":23.0},{"not_picked":["Bloodletting","Searing Blow+1","Exhume"],"picked":"SKIP","floor":25.0},{"not_picked":["Reckless Charge","Clothesline+1","Combust+1"],"picked":"SKIP","floor":29.0},{"not_picked":["Fire Breathing+1","Anger","Clothesline"],"picked":"SKIP","floor":30.0},{"not_picked":["Clothesline","True Grit","Bloodletting+1"],"picked":"SKIP","floor":31.0},{"not_picked":["Double Tap","Impervious"],"picked":"Berserk+1","floor":33.0},{"not_picked":["Heavy Blade"],"picked":"SKIP","floor":35.0},{"not_picked":["Inflame+1"],"picked":"SKIP","floor":41},{"not_picked":["Evolve+1"],"picked":"SKIP","floor":44},{"not_picked":["Flame Barrier"],"picked":"SKIP","floor":45},{"not_picked":["Clash+1"],"picked":"SKIP","floor":47},{"not_picked":["Blood for Blood"],"picked":"SKIP","floor":48},{"not_picked":["Perfected Strike+1"],"picked":"SKIP","floor":54}],"player_experience":254901,"relics_obtained":[{"floor":7.0,"key":"CaptainsWheel"},{"floor":10.0,"key":"FossilizedHelix"},{"floor":14.0,"key":"Dream Catcher"},{"floor":23.0,"key":"Tiny Chest"},{"floor":25.0,"key":"Red Skull"},{"floor":26.0,"key":"Frozen Egg 2"},{"floor":30.0,"key":"Juzu Bracelet"},{"floor":37.0,"key":"Paper Frog"},{"floor":39,"key":"Pocketwatch"},{"floor":41,"key":"Ice Cream"},{"floor":43,"key":"Happy Flower"},{"floor":54,"key":"Lantern"}],"event_choices":[{"damage_healed":0.0,"max_hp_gain":0.0,"max_hp_loss":0.0,"gold_gain":0.0,"event_name":"The Cleric","player_choice":"Leave","floor":3.0,"gold_loss":0.0,"damage_taken":0.0},{"damage_healed":0.0,"max_hp_gain":0.0,"max_hp_loss":0.0,"gold_gain":0.0,"event_name":"Golden Idol","player_choice":"Take Damage","floor":5.0,"gold_loss":0.0,"damage_taken":20.0,"relics_obtained":["Golden Idol"]},{"damage_healed":0.0,"max_hp_gain":0.0,"max_hp_loss":0.0,"gold_gain":75.0,"event_name":"World of Goop","player_choice":"Gather Gold","floor":11.0,"gold_loss":0.0,"damage_taken":11.0},{"damage_healed":0.0,"max_hp_gain":0.0,"max_hp_loss":0.0,"gold_gain":0.0,"event_name":"Scrap Ooze","player_choice":"Fled","floor":12.0,"gold_loss":0.0,"damage_taken":0.0},{"damage_healed":0.0,"max_hp_gain":0.0,"max_hp_loss":0.0,"gold_gain":0.0,"event_name":"The Library","player_choice":"Read","floor":19.0,"gold_loss":0.0,"damage_taken":0.0,"cards_obtained":["Anger"]},{"damage_healed":0.0,"max_hp_gain":0.0,"max_hp_loss":0.0,"gold_gain":0.0,"event_name":"Drug Dealer","player_choice":"Inject Mutagens","floor":21.0,"gold_loss":0.0,"damage_taken":0.0,"relics_obtained":["MutagenicStrength"]},{"damage_healed":0.0,"max_hp_gain":0.0,"max_hp_loss":0.0,"gold_gain":0.0,"event_name":"Vampires","player_choice":"Ignored","floor":22.0,"gold_loss":0.0,"damage_taken":0.0},{"damage_healed":0.0,"max_hp_gain":0.0,"max_hp_loss":0.0,"gold_gain":0.0,"event_name":"Forgotten Altar","player_choice":"Gave Idol","floor":28.0,"relics_lost":["Golden Idol"],"gold_loss":0.0,"damage_taken":0.0,"relics_obtained":["Bloody Idol"]},{"damage_healed":0.0,"max_hp_gain":0.0,"max_hp_loss":0.0,"gold_gain":0.0,"event_name":"Tomb of Lord Red Mask","player_choice":"Ignored","floor":36.0,"gold_loss":0.0,"damage_taken":0.0},{"damage_healed":0,"gold_gain":0,"player_choice":"Memory 1","damage_taken":0,"max_hp_gain":0,"max_hp_loss":0,"event_name":"SensoryStone","floor":38,"gold_loss":0},{"damage_healed":0,"gold_gain":0,"player_choice":"Fight","damage_taken":0,"max_hp_gain":0,"max_hp_loss":0,"event_name":"MindBloom","floor":39,"gold_loss":0}],"is_beta":false,"boss_relics":[{"not_picked":["Pandora\u0027s Box","Cursed Key"],"picked":"Sozu"},{"not_picked":["Calling Bell","Mark of Pain"],"picked":"Busted Crown"}],"items_purged_floors":[53],"is_endless":false,"potions_floor_spawned":[1,16,29,30,35,39],"killed_by":"The Heart","ascension_level":1}}