{"host":"q3s8ewiy6v9taln3","time":1611626899,"event":{"mods":["BaseMod","Minty Spire (QoL Compilation)"],"gold_per_floor":[218,230,5,80,99,99,131,131,156,156,173,173,25,45,45,149,149,166,182,83,0,0,0,0,0],"floor_reached":24,"language":"ENG","playtime":836,"items_purged":["Strike_R","Strike_R"],"score":223,"play_id":"6f3a0dcb-da21-4bb7-b37a-2e44c47cf28e","local_time":"20210125210819","is_ascension_mode":true,"campfire_choices":[{"data":"Seeing Red","floor":6,"key":"SMITH"},{"data":"Bash","floor":8,"key":"SMITH"},{"data":"Pommel Strike","floor":10,"key":"SMITH"},{"data":"Shrug It Off","floor":12,"key":"SMITH"},{"floor":15,"key":"REST"},{"data":"True Grit","floor":23,"key":"SMITH"}],"circlet_count":0,"master_deck":["Strike_R","Strike_R","Strike_R","Defend_R+1","Defend_R","Defend_R+1","Defend_R","Bash+1","Twin Strike","Shrug It Off+1","Seeing Red+1","Pommel Strike+1","Hemokinesis","Immolate","Power Through+1","True Grit+1","Pommel Strike"],"relics":["Burning Blood","Juzu Bracelet","War Paint","Orichalcum","Sozu","MutagenicStrength"],"acts_visited":["Exordium","TheCity"],"potions_floor_usage":[7,7,16],"damage_taken":[{"damage":10,"enemies":"Cultist","floor":1,"turns":5},{"damage":0,"enemies":"Small Slimes","floor":2,"turns":3},{"damage":0,"enemies":"2 Louse","floor":5,"turns":3},{"damage":48,"enemies":"Lagavulin","floor":7,"turns":8},{"damage":17,"enemies":"Exordium Wildlife","floor":11,"turns":5},{"damage":2,"enemies":"Blue Slaver","floor":14,"turns":2},{"damage":36,"enemies":"Slime Boss","floor":16,"turns":10},{"damage":6,"enemies":"Chosen","floor":18,"turns":3},{"damage":16,"enemies":"Spheric Guardian","floor":19,"turns":4},{"damage":70,"enemies":"Gremlin Leader","floor":24,"turns":9}],"seed_played":"-929260029774467244","potions_obtained":[{"floor":1,"key":"Swift Potion"},{"floor":2,"key":"Fire Potion"}],"is_trial":false,"path_per_floor":["M","M","$","?","M","R","E","R","T","R","M","R","$","M","R","B",null,"M","M","$","?","?","R","E"],"character_chosen":"IRONCLAD","items_purchased":["Juzu Bracelet","FearPotion","True Grit","Pommel Strike"],"campfire_rested":1,"item_purchase_floors":[3,13,20,20],"current_hp_per_floor":[76,80,80,69,75,75,33,33,33,33,22,22,22,26,50,20,80,80,70,70,70,70,70,0,0],"gold":0,"neow_bonus":"HUNDRED_GOLD","is_daily":false,"chose_seed":false,"campfire_upgraded":5,"win_rate":0.0,"timestamp":1611626899,"path_taken":["M","?","$","?","M","R","E","R","T","R","M","R","$","M","R","BOSS","M","M","$","?","?","R","E"],"items_purchased_type":["Relic","Potion","Card","Card"],"build_version":"2020-12-22","purchased_purges":2,"victory":false,"max_hp_per_floor":[80,80,80,80,80,80,80,80,80,80,80,80,80,80,80,80,80,80,80,80,80,80,80,80,80],"card_choices":[{"not_picked":["Burning Pact","Shockwave"],"picked":"Twin Strike","floor":1},{"not_picked":["Cleave","Pommel Strike"],"picked":"Shrug It Off","floor":2},{"not_picked":["Armaments","Anger"],"picked":"Seeing Red","floor":5},{"not_picked":["Fire Breathing","Perfected Strike"],"picked":"Pommel Strike","floor":7},{"not_picked":["Armaments","Sword Boomerang","Spot Weakness"],"picked":"SKIP","floor":11},{"not_picked":["Rage","Iron Wave"],"picked":"Hemokinesis","floor":14},{"not_picked":["Feed","Reaper"],"picked":"Immolate","floor":16},{"not_picked":["Body Slam","Intimidate"],"picked":"Power Through+1","floor":18},{"not_picked":["Clothesline","Sword Boomerang","Seeing Red"],"picked":"SKIP","floor":19}],"player_experience":126002,"relics_obtained":[{"floor":7,"key":"War Paint"},{"floor":9,"key":"Orichalcum"}],"event_choices":[{"damage_healed":0,"gold_gain":75,"player_choice":"Gather Gold","damage_taken":11,"max_hp_gain":0,"max_hp_loss":0,"event_name":"World of Goop","floor":4,"gold_loss":0},{"damage_healed":0,"gold_gain":0,"player_choice":"Paid Fearfully","damage_taken":0,"max_hp_gain":0,"max_hp_loss":0,"event_name":"Masked Bandits","floor":21,"gold_loss":83},{"damage_healed":0,"gold_gain":0,"player_choice":"Inject Mutagens","damage_taken":0,"relics_obtained":["MutagenicStrength"],"max_hp_gain":0,"max_hp_loss":0,"event_name":"Drug Dealer","floor":22,"gold_loss":0}],"is_beta":false,"boss_relics":[{"not_picked":["Tiny House","Coffee Dripper"],"picked":"Sozu"}],"items_purged_floors":[3,13],"is_endless":false,"potions_floor_spawned":[1,2],"killed_by":"Gremlin Leader","ascension_level":3}}