{"host":"zqowyf7xxb4s9ib0","time":1611629608,"event":{"mods":["BaseMod","Better Note","Colored Map","Colored Powertips","Downfall","Highlight Path","Minty Spire (QoL Compilation)","Permanent Neow","Quick Restart","StSLib"],"gold_per_floor":[99,119,136,286,27,27,97,197,216,216,16,16,44,54,73,170,170,70,83,103,114,125,125,125,125],"floor_reached":23,"language":"ENG","playtime":1200,"items_purged":[],"score":218,"play_id":"b3639bcc-f9fa-49cb-8a49-264819bb888b","local_time":"20210125185328","is_ascension_mode":false,"campfire_choices":[{"floor":1,"key":"RECALL"},{"data":"bronze:Deprecate","floor":6,"key":"SMITH"},{"data":"bronze:WhirlingStrike","floor":11,"key":"SMITH"},{"data":"bronze:FollowUp","floor":18,"key":"SMITH"}],"circlet_count":0,"master_deck":["bronze:Strike","bronze:Strike","bronze:Strike","bronze:Strike","bronze:Defend","bronze:Defend","bronze:Defend","bronze:Defend","bronze:Replicate","bronze:Goto","bronze:Deprecate+1","bronze:Fortify","downfall:Icky","bronze:InfiniteLoop","bronze:WhirlingStrike+1","bronze:ClassDefault","bronze:Iterate","bronze:FollowUp+1","bronze:Refactor","CurseOfTheBell","bronze:OilSpill","bronze:Invalidate+1","bronze:BronzeArmor"],"relics":["bronze:BronzeCore","Bag of Preparation","Membership Card","Vajra","downfall:HeartBlessingRed","downfall:HeartBlessingBlue","Bottled Flame","Calling Bell","Toy Ornithopter","Matryoshka","Bird Faced Urn","downfall:HeartBlessingGreen"],"acts_visited":["Exordium","TheCity"],"potions_floor_usage":[],"damage_taken":[{"damage":1,"enemies":"Jaw Worm","floor":2,"turns":4},{"damage":0,"enemies":"Small Slimes","floor":3,"turns":4},{"damage":0,"enemies":"downfall:FleeingMerchant","floor":5,"turns":4},{"damage":0,"enemies":"Cultist","floor":9,"turns":3},{"damage":13,"enemies":"Lagavulin","floor":13,"turns":6},{"damage":6,"enemies":"Large Slime","floor":14,"turns":5},{"damage":9,"enemies":"Exordium Thugs","floor":15,"turns":3},{"damage":48,"enemies":"IC_STATUS_ARCHETYPE","floor":16,"turns":9},{"damage":0,"enemies":"Chosen","floor":19,"turns":4},{"damage":10,"enemies":"Snecko","floor":20,"turns":4},{"damage":12,"enemies":"Snake Plant","floor":21,"turns":5},{"damage":6,"enemies":"3 Cultists","floor":22,"turns":3},{"damage":69,"enemies":"Gremlin Leader","floor":23,"turns":7}],"seed_played":"597537849915593214","potions_obtained":[{"floor":2,"key":"Regen Potion"},{"floor":3,"key":"Strength Potion"},{"floor":9,"key":"Strength Potion"},{"floor":13,"key":"DuplicationPotion"}],"is_trial":false,"path_per_floor":["R","M","M","?","$","R","T","?","M","?","R","?","E","M","M","B",null,"R","M","M","M","M","E"],"character_chosen":"THE_AUTOMATON","items_purchased":["Membership Card","bronze:WhirlingStrike","Vajra"],"campfire_rested":0,"item_purchase_floors":[5,5,5],"current_hp_per_floor":[70,69,69,69,69,69,69,69,69,74,84,84,71,65,56,8,85,85,85,75,63,57,0,0,0],"gold":125,"neow_bonus":"RANDOM_COMMON_RELIC","is_daily":false,"chose_seed":false,"campfire_upgraded":3,"win_rate":0.0,"timestamp":1611629608,"path_taken":["R","M","M","?","$","R","T","?","M","?","R","?","E","M","M","BOSS","R","M","M","M","M","E"],"items_purchased_type":["Relic","Card","Relic"],"build_version":"2020-12-22","purchased_purges":0,"victory":false,"max_hp_per_floor":[70,70,70,70,70,70,70,70,70,75,85,85,85,85,85,85,85,85,85,85,85,85,85,85,85],"card_choices":[{"not_picked":["bronze:BronzeArmor","bronze:Repulsor"],"picked":"bronze:Deprecate","floor":2},{"not_picked":["bronze:Deprecate","bronze:Overload"],"picked":"bronze:Fortify","floor":3},{"not_picked":["bronze:ChildClass","bronze:BitShift"],"picked":"bronze:InfiniteLoop","floor":5},{"not_picked":["bronze:Philosophize","bronze:WhirlingStrike"],"picked":"bronze:ClassDefault","floor":9},{"not_picked":["bronze:ItsAFeature","bronze:DelayedGuard"],"picked":"bronze:Iterate","floor":13},{"not_picked":["bronze:FineTuning","bronze:InfiniteBeams"],"picked":"bronze:FollowUp","floor":14},{"not_picked":["bronze:FineTuning","bronze:ChosenStrike"],"picked":"bronze:Refactor","floor":15},{"not_picked":["bronze:Shield+1","bronze:Terminator+1"],"picked":"bronze:OilSpill","floor":19},{"not_picked":["bronze:BugBarrage","bronze:BuggyMess+1","bronze:ChosenStrike"],"picked":"SKIP","floor":20},{"not_picked":["bronze:CutThrough","bronze:WildBeam"],"picked":"bronze:Invalidate+1","floor":21},{"not_picked":["bronze:DelayedGuard","bronze:WhirlingStrike"],"picked":"bronze:BronzeArmor","floor":22}],"player_experience":510100,"relics_obtained":[{"floor":13,"key":"Bottled Flame"},{"floor":17,"key":"Toy Ornithopter"},{"floor":17,"key":"Matryoshka"},{"floor":17,"key":"Bird Faced Urn"}],"event_choices":[{"damage_healed":0,"gold_gain":0,"player_choice":"Donut","damage_taken":0,"max_hp_gain":5,"max_hp_loss":0,"event_name":"Big Fish","floor":10,"gold_loss":0}],"is_beta":false,"boss_relics":[{"not_picked":["Snecko Eye","Empty Cage"],"picked":"Calling Bell"}],"items_purged_floors":[],"is_endless":false,"potions_floor_spawned":[2,3,9,13,20,21],"killed_by":"Gremlin Leader","ascension_level":0}}