{"host":"fligtxqnrbjmaaid","time":1611651291,"event":{"mods":["ATMod(°¢èªMod)","AchievementEnabler","Act Like it!","BaseMod","Dota2Spire","Downfall","Hallownest","Infinite Spire","Lobotomy","Marisa£¨ìFÓê¡¡Ä§ÀíÉ³£©","Minty Spire (QoL Compilation)","Replay The Spire","StSLib","The Blackbeard","The Construct","The Cursed","The Gatherer","The Runesmith","The Senshi","[IsaacMod]ÒÔÈö¼âËþ"],"gold_per_floor":[119,141,70,84,104,104,130,152,152,199,217,217,236,236,236,348,348,365,365,365,398,324,324,324,324,348,348,406,211,300,314,314],"floor_reached":31,"language":"ZHS","playtime":1813,"items_purged":["Bash"],"score":239,"play_id":"d30a066e-4cf2-4c7e-8a47-fc9cb0dbab69","local_time":"20210126165451","is_ascension_mode":false,"campfire_choices":[{"data":"AT_FamilyPortrait","floor":6,"key":"SMITH"},{"data":"Armaments","floor":12,"key":"SMITH"},{"data":"Berserk","floor":15,"key":"SMITH"},{"data":"Fire Breathing","floor":23,"key":"SMITH"},{"data":"Armaments","floor":25,"key":"SMITH"},{"data":"Combust","floor":27,"key":"SMITH"}],"circlet_count":0,"master_deck":["Strike_R","Strike_R","Strike_R","Strike_R","Strike_R","Defend_R","Defend_R","Defend_R","Defend_R","AT_FamilyPortrait+1","Dramatic Entrance","Juggernaut+1","Feel No Pain","Berserk+1","Armaments+1","Armaments+1","Combust+1","Dark Embrace+1","Fire Breathing+1","Dark Embrace","Feel No Pain","Armaments","Life Link"],"relics":["Burning Blood","HushsDoor","AT_ATBox","SalivaCoin","Dota2Spire:BladeMail","Runesmith:AutoHammer","bronze:MakeshiftBattery","Centennial Puzzle"],"acts_visited":["Exordium","TheCity"],"potions_floor_usage":[10,16,16,16],"damage_taken":[{"damage":5,"enemies":"2 Louse","floor":1,"turns":2},{"damage":1,"enemies":"Cultist","floor":2,"turns":3},{"damage":0,"enemies":"Small Slimes","floor":4,"turns":3},{"damage":4,"enemies":"Exordium Thugs","floor":5,"turns":3},{"damage":9,"enemies":"Blue Slaver","floor":7,"turns":3},{"damage":10,"enemies":"Looter","floor":8,"turns":3},{"damage":26,"enemies":"Lagavulin","floor":10,"turns":5},{"damage":0,"enemies":"Lots of Slimes","floor":11,"turns":1},{"damage":5,"enemies":"3 Louse","floor":13,"turns":3},{"damage":20,"enemies":"Slime Boss","floor":16,"turns":10},{"damage":0,"enemies":"Shell Parasite","floor":18,"turns":8},{"damage":15,"enemies":"Chosen","floor":21,"turns":4},{"damage":29,"enemies":"3 Cultists","floor":28,"turns":5},{"damage":43,"enemies":"Snake Plant","floor":30,"turns":5},{"damage":11,"enemies":"Nightmare","floor":31,"turns":3}],"seed_played":"1944907565927800303","potions_obtained":[{"floor":1,"key":"PowerPotion"},{"floor":2,"key":"Dota2Spire:Clarity"},{"floor":7,"key":"SneckoOil"},{"floor":11,"key":"Fire Potion"},{"floor":30,"key":"infinitespire:BlackPotion"}],"is_trial":false,"path_per_floor":["M","M","$","M","M","R","M","M","T","E","M","R","M","?","R","B",null,"M","?","AVR","M","$","R","?","R","T","R","M","$","M","NM"],"character_chosen":"IRONCLAD","items_purchased":["Juggernaut","Fire Breathing","Feel No Pain","Armaments"],"campfire_rested":0,"item_purchase_floors":[3,22,29,29],"current_hp_per_floor":[80,80,80,80,80,80,77,73,73,53,59,59,60,60,60,46,80,80,80,80,71,71,71,71,71,71,71,48,48,11,0,0],"gold":314,"neow_bonus":"RANDOM_COLORLESS","is_daily":false,"chose_seed":false,"campfire_upgraded":6,"win_rate":0.0,"timestamp":1611651291,"path_taken":["M","M","$","M","M","R","M","M","T","E","M","R","M","?","R","BOSS","M","?","AVR","M","$","R","?","R","T","R","M","$","M","NM"],"items_purchased_type":["Card","Card","Card","Card"],"build_version":"2020-12-22","purchased_purges":1,"victory":false,"max_hp_per_floor":[80,80,80,80,80,80,80,80,80,80,80,80,80,80,80,80,80,80,80,80,80,80,80,80,80,80,80,80,80,80,80,80],"card_choices":[{"not_picked":["Trip","Bomb"],"picked":"Dramatic Entrance","floor":0},{"not_picked":["Uppercut","AT_IchimonjiDouble","Whirlwind"],"picked":"SKIP","floor":1},{"not_picked":["Wild Strike","AT_IchimonjiDouble","True Grit"],"picked":"SKIP","floor":2},{"not_picked":["Wild Strike","Intimidate"],"picked":"Feel No Pain","floor":4},{"not_picked":["Flex","Shrug It Off"],"picked":"Berserk","floor":5},{"not_picked":["True Grit","Hemokinesis","Perfected Strike"],"picked":"SKIP","floor":7},{"not_picked":["ReplayReversal","Heavy Blade","Havoc"],"picked":"SKIP","floor":8},{"not_picked":["Headbutt","Wild Strike"],"picked":"Armaments","floor":10},{"not_picked":["Headbutt","AT_IchimonjiDouble","Replay:Many Hands"],"picked":"SKIP","floor":11},{"not_picked":["Heavy Blade","Anger"],"picked":"Armaments","floor":13},{"not_picked":["Havoc","Sever Soul"],"picked":"Combust","floor":18},{"not_picked":["Heavy Blade","Thunderclap"],"picked":"Dark Embrace+1","floor":21},{"not_picked":["Run Through","Wild Strike"],"picked":"Dark Embrace","floor":28},{"not_picked":["AT_DiedThrough","Flex"],"picked":"Life Link","floor":30}],"player_experience":92714,"relics_obtained":[{"floor":9,"key":"Dota2Spire:BladeMail"},{"floor":10,"key":"Runesmith:AutoHammer"},{"floor":26,"key":"Centennial Puzzle"}],"event_choices":[{"damage_healed":0,"gold_gain":0,"player_choice":"Forge","damage_taken":0,"max_hp_gain":0,"max_hp_loss":0,"event_name":"Accursed Blacksmith","floor":14,"gold_loss":0,"cards_upgraded":["Juggernaut"]},{"damage_healed":0,"gold_gain":0,"player_choice":"Ignored","damage_taken":0,"max_hp_gain":0,"max_hp_loss":0,"event_name":"The Mausoleum","floor":19,"gold_loss":0}],"is_beta":false,"boss_relics":[{"not_picked":["Painkiller Herb","Black Blood"],"picked":"bronze:MakeshiftBattery"},{"not_picked":[]}],"items_purged_floors":[29],"is_endless":false,"potions_floor_spawned":[1,2,7,11,30],"killed_by":"Nightmare","ascension_level":0}}