{"host":"rzjc4nrqz5d54r3r","time":1611665906,"event":{"mods":["BaseMod","Colored Map","Keyboard Shortcuts","Minty Spire (QoL Compilation)","Quick Restart","StSLib","SuperFastMode","everything is the same but u backflip on backflip"],"gold_per_floor":[115,132,132,144,163,163,189,189,189,189,209,235,296,330,330,427,427,438,473,473,484,503,503,520,520,520,530,530,530,563,134,134,234,234,250,250,262,69,88,88,102,112,112,112,132,165,22,36,36,36],"floor_reached":51,"language":"KOR","playtime":1614,"items_purged":["Strike_B+1","Strike_B+1"],"score":804,"play_id":"58d86e03-f748-4044-886a-6f5427184984","local_time":"20210126215826","is_ascension_mode":true,"campfire_choices":[{"data":"Streamline","floor":6.0,"key":"SMITH"},{"data":"Dualcast","floor":10.0,"key":"SMITH"},{"floor":15.0,"key":"REST"},{"floor":23.0,"key":"REST"},{"data":"Defragment","floor":25,"key":"SMITH"},{"floor":32,"key":"REST"},{"data":"Biased Cognition","floor":40,"key":"SMITH"},{"data":"Blizzard","floor":44,"key":"SMITH"},{"data":"Panacea","floor":49,"key":"SMITH"}],"circlet_count":0,"master_deck":["Strike_B+1","Strike_B+1","Defend_B+1","Defend_B+1","Defend_B+1","Defend_B+1","Zap","Dualcast+1","Streamline+1","Coolheaded","Sweeping Beam+1","Rainbow","Hologram","Beam Cell+1","Biased Cognition+1","Conserve Battery","Coolheaded+1","Defragment+1","BootSequence","Panacea+1","Reboot","Blizzard+1","Chaos+1","Redo+1","Reboot","White Noise"],"relics":["Cracked Core","PreservedInsect","Sundial","Bag of Marbles","Smiling Mask","Nunchaku","Black Star","Red Mask","Darkstone Periapt","Happy Flower","Bag of Preparation","Potion Belt","Membership Card","Whetstone","Oddly Smooth Stone","Coffee Dripper","Ice Cream","Ornamental Fan","Toy Ornithopter","Pear","Letter Opener"],"acts_visited":["Exordium","TheCity","TheBeyond"],"potions_floor_usage":[24,30,33,50,50,50,50],"damage_taken":[{"damage":6.0,"enemies":"Jaw Worm","floor":1.0,"turns":3.0},{"damage":0.0,"enemies":"2 Louse","floor":2.0,"turns":3.0},{"damage":1.0,"enemies":"Cultist","floor":4.0,"turns":3.0},{"damage":11.0,"enemies":"2 Fungi Beasts","floor":5.0,"turns":3.0},{"damage":14.0,"enemies":"Gremlin Nob","floor":7.0,"turns":3.0},{"damage":5.0,"enemies":"3 Louse","floor":11.0,"turns":3.0},{"damage":11.0,"enemies":"3 Sentries","floor":12.0,"turns":4.0},{"damage":5.0,"enemies":"Gremlin Nob","floor":14.0,"turns":3.0},{"damage":23.0,"enemies":"Slime Boss","floor":16.0,"turns":4.0},{"damage":5.0,"enemies":"Chosen","floor":18.0,"turns":2.0},{"damage":39.0,"enemies":"Masked Bandits","floor":19.0,"turns":4.0},{"damage":8.0,"enemies":"Shell Parasite","floor":21.0,"turns":4.0},{"damage":4.0,"enemies":"Centurion and Healer","floor":22.0,"turns":8.0},{"damage":4,"enemies":"Snecko","floor":24,"turns":5},{"damage":15,"enemies":"Shelled Parasite and Fungi","floor":27,"turns":5},{"damage":0,"enemies":"Book of Stabbing","floor":30,"turns":5},{"damage":28,"enemies":"Collector","floor":33,"turns":8},{"damage":12,"enemies":"3 Darklings","floor":35,"turns":5},{"damage":0,"enemies":"3 Shapes","floor":37,"turns":4},{"damage":7,"enemies":"Jaw Worm Horde","floor":39,"turns":4},{"damage":0,"enemies":"Sphere and 2 Shapes","floor":41,"turns":6},{"damage":0,"enemies":"4 Shapes","floor":42,"turns":6},{"damage":0,"enemies":"Maw","floor":45,"turns":7},{"damage":10,"enemies":"Giant Head","floor":46,"turns":6},{"damage":0,"enemies":"Writhing Mass","floor":48,"turns":5},{"damage":1,"enemies":"Awakened One","floor":50,"turns":11}],"seed_played":"5370901143178256478","potions_obtained":[{"floor":5.0,"key":"Dexterity Potion"},{"floor":7.0,"key":"Swift Potion"},{"floor":8.0,"key":"EssenceOfSteel"},{"floor":12.0,"key":"EssenceOfDarkness"},{"floor":14.0,"key":"FocusPotion"},{"floor":18.0,"key":"Dexterity Potion"},{"floor":19.0,"key":"FocusPotion"},{"floor":39,"key":"Block Potion"},{"floor":42,"key":"PowerPotion"},{"floor":45,"key":"SteroidPotion"},{"floor":46,"key":"DuplicationPotion"}],"is_trial":false,"path_per_floor":["M","M","?","M","M","R","E","?","T","R","M","E","?","E","R","B",null,"M","?","?","M","M","R","M","R","T","M","?","T","E","$","R","B",null,"M","?","M","$","M","R","M","M","T","R","M","E","$","M","R","B",null],"character_chosen":"DEFECT","items_purchased":["Membership Card","Whetstone","Oddly Smooth Stone","Panacea","PowerPotion","Ice Cream","White Noise","Letter Opener"],"campfire_rested":3,"item_purchase_floors":[31,31,31,31,31,38,47,47],"current_hp_per_floor":[76,76,51,50,39,39,25,25,25,25,20,9,9,4,28,5,82,77,38,38,30,26,50,46,46,46,31,31,31,31,31,55,27,82,70,92,92,92,85,85,85,85,85,85,85,85,85,85,85,101],"gold":36,"neow_bonus":"TEN_PERCENT_HP_BONUS","is_daily":false,"chose_seed":false,"campfire_upgraded":6,"win_rate":0.0,"timestamp":1611665906,"path_taken":["M","M","?","M","M","R","E","?","T","R","?","E","?","E","R","BOSS","M","?","?","M","M","R","M","R","T","M","?","?","E","$","R","BOSS","M","?","M","$","M","R","?","M","T","R","M","E","$","M","R","BOSS"],"items_purchased_type":["Relic","Relic","Relic","Card","Potion","Relic","Card","Relic"],"build_version":"2020-12-22","purchased_purges":2,"victory":true,"max_hp_per_floor":[82,82,82,82,82,82,82,82,82,82,82,82,82,82,82,82,82,82,82,82,82,82,82,82,82,82,82,82,82,82,82,82,82,82,82,92,92,92,92,92,92,92,92,92,92,102,102,102,102,102],"card_choices":[{"not_picked":["Barrage","Go for the Eyes"],"picked":"Streamline","floor":1.0},{"not_picked":["Fission","Stack","Streamline"],"picked":"SKIP","floor":2.0},{"not_picked":["Aggregate","Rebound"],"picked":"Coolheaded","floor":4.0},{"not_picked":["Tempest","Auto Shields"],"picked":"Sweeping Beam","floor":5.0},{"not_picked":["Coolheaded","Conserve Battery"],"picked":"Rainbow","floor":7.0},{"not_picked":["FTL","Storm"],"picked":"Hologram","floor":11.0},{"not_picked":["Stack","Reinforced Body"],"picked":"Fission","floor":12.0},{"not_picked":["Machine Learning","Hello World"],"picked":"Beam Cell","floor":14.0},{"not_picked":["Machine Learning","Fission"],"picked":"Biased Cognition","floor":16.0},{"not_picked":["Beam Cell","Sweeping Beam","Rebound"],"picked":"SKIP","floor":18.0},{"not_picked":["Beam Cell+1","Streamline"],"picked":"Conserve Battery","floor":21.0},{"not_picked":["Amplify","Doom and Gloom"],"picked":"Coolheaded+1","floor":22.0},{"not_picked":["FTL","Double Energy"],"picked":"Defragment","floor":24},{"not_picked":["Compile Driver","Sweeping Beam"],"picked":"BootSequence","floor":27},{"not_picked":["Biased Cognition","Leap","Heatsinks"],"picked":"SKIP","floor":30},{"not_picked":["Thunder Strike","Machine Learning"],"picked":"Reboot","floor":33},{"not_picked":["Steam+1","Fusion"],"picked":"Blizzard","floor":35},{"not_picked":["Undo","Go for the Eyes+1"],"picked":"Chaos+1","floor":37},{"not_picked":["Rebound","Steam"],"picked":"Redo+1","floor":39},{"not_picked":["Beam Cell","Redo+1","Sweeping Beam+1"],"picked":"SKIP","floor":41},{"not_picked":["Aggregate+1","Undo","Static Discharge"],"picked":"SKIP","floor":42},{"not_picked":["Skim","Gash"],"picked":"Reboot","floor":45},{"not_picked":["Genetic Algorithm+1","Tempest","Sweeping Beam"],"picked":"SKIP","floor":46},{"not_picked":["Rebound+1","Scrape+1","Compile Driver+1"],"picked":"SKIP","floor":48}],"player_experience":14702,"relics_obtained":[{"floor":7.0,"key":"Sundial"},{"floor":9.0,"key":"Bag of Marbles"},{"floor":12.0,"key":"Smiling Mask"},{"floor":14.0,"key":"Nunchaku"},{"floor":19.0,"key":"Red Mask"},{"floor":26,"key":"Darkstone Periapt"},{"floor":29,"key":"Happy Flower"},{"floor":30,"key":"Bag of Preparation"},{"floor":30,"key":"Potion Belt"},{"floor":43,"key":"Ornamental Fan"},{"floor":46,"key":"Toy Ornithopter"},{"floor":46,"key":"Pear"}],"event_choices":[{"damage_healed":0.0,"max_hp_gain":0.0,"max_hp_loss":0.0,"gold_gain":0.0,"event_name":"Scrap Ooze","player_choice":"Success","floor":3.0,"gold_loss":0.0,"damage_taken":25.0,"relics_obtained":["PreservedInsect"]},{"damage_healed":0.0,"max_hp_gain":0.0,"max_hp_loss":0.0,"gold_gain":0.0,"event_name":"Lab","player_choice":"Got Potions","floor":8.0,"gold_loss":0.0,"damage_taken":0.0},{"damage_healed":0.0,"max_hp_gain":0.0,"max_hp_loss":0.0,"gold_gain":61.0,"event_name":"Golden Wing","player_choice":"Gained Gold","floor":13.0,"gold_loss":0.0,"damage_taken":0.0},{"damage_healed":0.0,"max_hp_gain":0.0,"max_hp_loss":0.0,"gold_gain":0.0,"event_name":"Masked Bandits","player_choice":"Fought Bandits","floor":19.0,"gold_loss":0.0,"damage_taken":0.0},{"damage_healed":0.0,"max_hp_gain":0.0,"max_hp_loss":0.0,"gold_gain":0.0,"event_name":"Vampires","player_choice":"Ignored","floor":20.0,"gold_loss":0.0,"damage_taken":0.0},{"damage_healed":0,"gold_gain":0,"player_choice":"Simplicity","damage_taken":0,"max_hp_gain":0,"max_hp_loss":0,"event_name":"Back to Basics","floor":28,"gold_loss":0,"cards_upgraded":["Strike_B","Strike_B","Strike_B","Strike_B","Defend_B","Defend_B","Defend_B","Defend_B"]},{"cards_removed":["Fission"],"damage_healed":12,"gold_gain":0,"player_choice":"Offered Rare","damage_taken":0,"max_hp_gain":10,"max_hp_loss":0,"event_name":"Bonfire Elementals","floor":36,"gold_loss":0}],"is_beta":false,"boss_relics":[{"not_picked":["Snecko Eye","Runic Pyramid"],"picked":"Black Star"},{"not_picked":["Astrolabe","Tiny House"],"picked":"Coffee Dripper"}],"items_purged_floors":[31,38],"is_endless":false,"potions_floor_spawned":[5,7,12,14,18,19,21,39,42,45,46],"ascension_level":1}}