{"host":"tq7pufgtqftqw8yr","time":1611683489,"event":{"mods":["BaseMod","Downfall","Minty Spire (QoL Compilation)","StSLib"],"gold_per_floor":[99,99,99,99,99,99,149,49,59,79,89,109,143,53,68,68,68,68],"floor_reached":16,"language":"ZHS","playtime":917,"items_purged":["bronze:Strike"],"score":100,"play_id":"e1208648-91f0-453c-ad6c-d7fe2a322b8d","local_time":"20210127015129","is_ascension_mode":false,"campfire_choices":[{"floor":1,"key":"RECALL"},{"data":"bronze:Separator","floor":6,"key":"SMITH"},{"data":"bronze:Constructor","floor":8,"key":"SMITH"}],"circlet_count":0,"master_deck":["bronze:Strike","bronze:Strike","bronze:Strike","bronze:Defend","bronze:Defend","bronze:Defend","bronze:Defend","bronze:Replicate","bronze:Goto","bronze:Constructor+1","bronze:Separator+1","bronze:Shell","bronze:FollowUp","bronze:GetLatest"],"relics":["bronze:BronzeCore","downfall:HeartsMalice","downfall:HeartBlessingRed","bronze:SilverBullet"],"acts_visited":["Exordium"],"potions_floor_usage":[],"damage_taken":[{"damage":0,"enemies":"Small Slimes","floor":2,"turns":1},{"damage":0,"enemies":"Cultist","floor":3,"turns":1},{"damage":0,"enemies":"Jaw Worm","floor":5,"turns":1},{"damage":7,"enemies":"Gremlin Gang","floor":9,"turns":6},{"damage":2,"enemies":"Exordium Thugs","floor":10,"turns":3},{"damage":5,"enemies":"3 Louse","floor":11,"turns":3},{"damage":0,"enemies":"Exordium Wildlife","floor":12,"turns":3},{"damage":7,"enemies":"Gremlin Nob","floor":13,"turns":5},{"damage":0,"enemies":"downfall:FleeingMerchant","floor":14,"turns":4},{"damage":13,"enemies":"Red Slaver","floor":15,"turns":4},{"damage":41,"enemies":"IC_STATUS_ARCHETYPE","floor":16,"turns":8}],"seed_played":"-3744311194027991539","potions_obtained":[{"floor":10,"key":"ColorlessPotion"},{"floor":11,"key":"Explosive Potion"},{"floor":12,"key":"Dexterity Potion"}],"is_trial":false,"path_per_floor":["R","M","M","?","M","R","T","R","M","M","M","M","E","$","M","B"],"character_chosen":"THE_AUTOMATON","items_purchased":[],"campfire_rested":0,"item_purchase_floors":[],"current_hp_per_floor":[70,70,70,70,70,70,70,70,63,61,56,56,49,49,36,0,0,0],"gold":68,"neow_bonus":"THREE_ENEMY_KILL","is_daily":false,"chose_seed":false,"campfire_upgraded":2,"win_rate":0.0,"timestamp":1611683489,"path_taken":["R","M","M","?","M","R","T","R","?","M","M","M","E","$","M","BOSS"],"items_purchased_type":[],"build_version":"2020-12-22","purchased_purges":1,"victory":false,"max_hp_per_floor":[70,70,70,70,70,70,70,70,70,70,70,70,70,70,70,70,70,70],"card_choices":[{"not_picked":["bronze:Boost","bronze:BuggyMess"],"picked":"bronze:Constructor","floor":2},{"not_picked":["bronze:BuggyMess","bronze:WhirlingStrike","bronze:CloningBeam"],"picked":"SKIP","floor":3},{"not_picked":["bronze:Philosophize","bronze:WhirlingStrike"],"picked":"bronze:Separator","floor":5},{"not_picked":["bronze:Shield","bronze:Deprecate","bronze:MaxOutput"],"picked":"SKIP","floor":9},{"not_picked":["bronze:ForceShield","bronze:ClassDefault","bronze:BugBarrage"],"picked":"SKIP","floor":10},{"not_picked":["bronze:DarkDash","bronze:BitShift","bronze:DelayedGuard"],"picked":"SKIP","floor":11},{"not_picked":["bronze:Backtrace","bronze:Deprecate"],"picked":"bronze:Shell","floor":12},{"not_picked":["bronze:Iterate","bronze:BugBarrage","bronze:CutThrough"],"picked":"SKIP","floor":13},{"not_picked":["bronze:Overload","bronze:MaxOutput"],"picked":"bronze:FollowUp","floor":14},{"not_picked":["bronze:DarkDash","bronze:Constructor"],"picked":"bronze:GetLatest","floor":15}],"player_experience":837137,"relics_obtained":[{"floor":13,"key":"bronze:SilverBullet"}],"event_choices":[{"damage_healed":0,"gold_gain":0,"player_choice":"Ignored","damage_taken":0,"max_hp_gain":0,"max_hp_loss":0,"event_name":"NoteForYourself","floor":4,"gold_loss":0}],"is_beta":false,"boss_relics":[],"items_purged_floors":[14],"is_endless":false,"potions_floor_spawned":[10,11,12,13],"killed_by":"IC_STATUS_ARCHETYPE","ascension_level":0}}