{"host":"i1h39d0gfh5c6uxl","time":1611664210,"event":{"mods":["AchievementEnabler","BaseMod","Colored Map","Colored Powertips","Highlight Path","Minty Spire (QoL Compilation)"],"gold_per_floor":[110,110,128,79,96,96,96,128,128,128,141,141,171,186,186,283,283,295,311,311,328,328,361,361,361,361],"floor_reached":25,"language":"ENG","playtime":1568,"items_purged":[],"score":231,"play_id":"1ccdaafb-1600-42e7-9472-c67db81459c0","local_time":"20210126203010","is_ascension_mode":false,"campfire_choices":[{"data":"Clothesline","floor":6.0,"key":"SMITH"},{"data":"Corruption","floor":10.0,"key":"SMITH"},{"data":"Uppercut","floor":12.0,"key":"SMITH"},{"data":"Fiend Fire","floor":15,"key":"SMITH"},{"floor":24,"key":"REST"}],"circlet_count":0,"master_deck":["Bash","Bludgeon","Corruption+1","Double Tap","Shrug It Off","Pommel Strike","Burning Pact","Rampage","Perfected Strike","Feel No Pain","Clothesline+1","True Grit","Sentinel","Uppercut+1","Fiend Fire+1","Demon Form","Dark Embrace","Armaments","RitualDagger","Ghostly Armor+1","Reaper"],"relics":["Pandora\u0027s Box"],"acts_visited":["Exordium","TheCity"],"potions_floor_usage":[16,19,21,22,25],"damage_taken":[{"damage":3.0,"enemies":"Jaw Worm","floor":1.0,"turns":3.0},{"damage":5.0,"enemies":"2 Louse","floor":3.0,"turns":3.0},{"damage":0.0,"enemies":"Cultist","floor":5.0,"turns":2.0},{"damage":7.0,"enemies":"3 Sentries","floor":8.0,"turns":7.0},{"damage":10.0,"enemies":"Exordium Thugs","floor":11.0,"turns":5.0},{"damage":13.0,"enemies":"Lagavulin","floor":13.0,"turns":6.0},{"damage":0,"enemies":"2 Fungi Beasts","floor":14,"turns":3},{"damage":11,"enemies":"Hexaghost","floor":16,"turns":7},{"damage":14,"enemies":"2 Thieves","floor":18,"turns":4},{"damage":7,"enemies":"3 Byrds","floor":19,"turns":3},{"damage":42,"enemies":"Shelled Parasite and Fungi","floor":21,"turns":9},{"damage":22,"enemies":"Book of Stabbing","floor":23,"turns":6},{"damage":48,"enemies":"Gremlin Leader","floor":25,"turns":7}],"seed_played":"-4850359880055713196","potions_obtained":[{"floor":1.0,"key":"BloodPotion"},{"floor":13,"key":"BlessingOfTheForge"},{"floor":14,"key":"Regen Potion"},{"floor":16,"key":"LiquidBronze"},{"floor":23,"key":"Swift Potion"}],"is_trial":false,"path_per_floor":["M","?","M","?","M","R","?","E","T","R","M","R","E","M","R","B",null,"M","M","?","M","?","E","R","E"],"character_chosen":"IRONCLAD","items_purchased":[],"campfire_rested":1,"item_purchase_floors":[],"current_hp_per_floor":[77,77,72,72,72,72,72,65,65,65,55,55,42,42,42,31,80,66,59,53,26,28,6,31,0,0],"gold":361,"neow_bonus":"BOSS_RELIC","is_daily":false,"chose_seed":false,"campfire_upgraded":4,"win_rate":0.0,"timestamp":1611664210,"path_taken":["M","?","M","?","M","R","?","E","T","R","?","R","E","M","R","BOSS","M","M","?","M","?","E","R","E"],"items_purchased_type":[],"build_version":"2020-12-22","purchased_purges":0,"victory":false,"max_hp_per_floor":[80,80,80,80,80,80,80,80,80,80,80,80,80,80,80,80,80,80,80,80,80,85,85,85,85,85],"card_choices":[{"not_picked":["Inflame","Blood for Blood"],"picked":"Clothesline","floor":1.0},{"not_picked":["Inflame","Heavy Blade"],"picked":"True Grit","floor":3.0},{"not_picked":["Iron Wave","Cleave"],"picked":"Sentinel","floor":5.0},{"not_picked":["Rupture","Feel No Pain","Dropkick"],"picked":"SKIP","floor":8.0},{"not_picked":["Twin Strike","Wild Strike"],"picked":"Uppercut","floor":11.0},{"not_picked":["Armaments","Flame Barrier"],"picked":"Fiend Fire","floor":13},{"not_picked":["Havoc","Warcry","Sword Boomerang"],"picked":"SKIP","floor":14},{"not_picked":["Fiend Fire","Offering"],"picked":"Demon Form","floor":16},{"not_picked":["Blood for Blood+1","Rupture"],"picked":"Dark Embrace","floor":18},{"not_picked":["Perfected Strike","Clothesline"],"picked":"Armaments","floor":19},{"not_picked":["Clothesline","Hemokinesis"],"picked":"Ghostly Armor+1","floor":21},{"not_picked":["Intimidate+1","Sentinel"],"picked":"Reaper","floor":23}],"player_experience":1382572,"relics_obtained":[],"event_choices":[{"damage_healed":0.0,"max_hp_gain":0.0,"max_hp_loss":0.0,"gold_gain":0.0,"event_name":"Liars Game","player_choice":"Ignored","floor":2.0,"gold_loss":0.0,"damage_taken":0.0},{"damage_healed":0.0,"max_hp_gain":0.0,"max_hp_loss":0.0,"gold_gain":0.0,"event_name":"World of Goop","player_choice":"Left Gold","floor":4.0,"gold_loss":49.0,"damage_taken":0.0},{"damage_healed":0.0,"max_hp_gain":0.0,"max_hp_loss":0.0,"gold_gain":0.0,"event_name":"WeMeetAgain","player_choice":"Ignored","floor":7.0,"gold_loss":0.0,"damage_taken":0.0},{"damage_healed":0,"gold_gain":0,"player_choice":"Joined the Cult","damage_taken":6,"max_hp_gain":0,"max_hp_loss":0,"event_name":"Nest","floor":20,"gold_loss":0,"cards_obtained":["RitualDagger"]},{"damage_healed":0,"gold_gain":0,"player_choice":"Shed Blood","damage_taken":20,"max_hp_gain":5,"max_hp_loss":0,"event_name":"Forgotten Altar","floor":22,"gold_loss":0}],"is_beta":false,"boss_relics":[{"not_picked":["Fusion Hammer","Runic Dome","SacredBark"]}],"items_purged_floors":[],"is_endless":false,"potions_floor_spawned":[1,13,14,16,18,23],"killed_by":"Gremlin Leader","ascension_level":0}}