{"host":"9xv6exvwmlpefxuw","time":1611635463,"event":{"mods":["ATMod(阿瑾Mod)","AchievementEnabler","Act Like it!","Aspiration","BaseMod","Chen","Colored Powertips","Conspire","Downfall","Friendly Minions","Gensokyo","GifTheSpireLib","KinomotoSakuraMod(木之本樱)","Koishi","KomeijiMod","Lobotomy","LobotomyExtend","Marisa（F雨　魔理沙）","Minty Spire (QoL Compilation)","MostiFishMod","Pale of the Ancients","Rare Cards Sparkle","Reimu（博丽灵梦）","Remilia_Scarlet Moed（蕾米莉亚・斯卡雷特）3.3.5","Remilia（蕾米莉亚）","RumiaBox-露米娅的神秘盒子","StSLib","The Administrix","The Mystic","The Servant 0.9.4","WarShipGirlsR/战舰少女R mod","Yakumo Yukari mod","Youmu（魂魄妖梦）","Yuyuko","[IsaacMod]以撒尖塔","[功能]功能增强和修复MOD","【功能Mod】混沌之环修复补丁","【功能Mod】聪明的最终Boss","【遗物卡牌】REMEMod"],"gold_per_floor":[112,112,130,142,142,171,197,226,226,264,276,313,325,365,377,485,497,523,545,470,490,510,535,535,566,648,675,707,707,727,753,753,856,856,875,773,773,773],"floor_reached":37,"language":"ZHS","playtime":1741,"items_purged":["MostiFishMod:404NotFound+1"],"score":878,"play_id":"69dc8f72-e72d-42a0-9363-01a6ceb4093b","local_time":"20210126123103","daily_mods":["Heirloom","downfall:Jewelcrafting","DeadlyEvents","Elite Swarm","Lethality","downfall:Enraging","downfall:ExchangeController"],"is_ascension_mode":false,"campfire_choices":[{"data":"Limit Break","floor":11,"key":"SMITH"},{"data":"MostiFishMod:404NotFound","floor":15,"key":"SMITH"},{"data":"Limit Break","floor":29,"key":"SMITH"}],"circlet_count":0,"master_deck":["Strike_R","Strike_R","Strike_R","Strike_R","Strike_R","Defend_R","Defend_R","Defend_R","Defend_R","Bash","Guardian:ExploitGems","Guardian:ExploitGems","Armaments","Pommel Strike","Heavy Blade","Strike_R","MostiFishMod:PerfectStrikeMKII","Anger","Feed","Limit Break+1","MostiFishMod:UltimateDefense","Limit Break+1","Limit Break","Cleave+1","Limit Break","Guardian:Gem_Fragmented","Guardian:Gem_Red"],"relics":["Burning Blood","Guardian:PickAxe","downfall:NeowBlessing_Player","AT_ATBox","HushsDoor","REME_ComplimentaryCards","DaveBox","Turnip","PokeGo","GreenFoldingFan","SynthV:TestCard","Lizard Tail","Odd Mushroom","Slimebound:PreparedRelic","MawBank","D6","Oddly Smooth Stone","CombinedTypeHook","BloodWine","REME_LimitBreaker","conspire:TreasureMap","aspiration:AnachronicSnailShell","ShirouKen","Tea:ReiMu","ZombieArmy","conspire:GiftBox","DaveBox","DianDianMeat","Busted Crown","AT_ForceNature","Darkstone Periapt"],"acts_visited":["Exordium","TheCity","TheBeyond"],"potions_floor_usage":[],"damage_taken":[{"damage":12,"enemies":"Small Slimes","floor":1,"turns":3},{"damage":22,"enemies":"2 Louse","floor":3,"turns":3},{"damage":12,"enemies":"Cultist","floor":4,"turns":3},{"damage":61,"enemies":"3 Sentries","floor":6,"turns":7},{"damage":19,"enemies":"The Mushroom Lair","floor":7,"turns":3},{"damage":22,"enemies":"Gremlin Nob","floor":8,"turns":3},{"damage":23,"enemies":"3 Sentries","floor":10,"turns":6},{"damage":4,"enemies":"Lagavulin","floor":12,"turns":2},{"damage":22,"enemies":"3 Sentries","floor":14,"turns":5},{"damage":132,"enemies":"Hexaghost","floor":16,"turns":6},{"damage":14,"enemies":"Chosen","floor":18,"turns":2},{"damage":4,"enemies":"2 Thieves","floor":19,"turns":2},{"damage":4,"enemies":"Snake Plant","floor":21,"turns":2},{"damage":9,"enemies":"Sentry and Sphere","floor":22,"turns":4},{"damage":6,"enemies":"conspire:Head Lice","floor":23,"turns":3},{"damage":24,"enemies":"Book of Stabbing","floor":25,"turns":3},{"damage":18,"enemies":"Gremlin Leader","floor":27,"turns":2},{"damage":4,"enemies":"Book of Stabbing","floor":28,"turns":2},{"damage":4,"enemies":"3 Cultists","floor":30,"turns":2},{"damage":34,"enemies":"Gremlin Leader","floor":31,"turns":3},{"damage":29,"enemies":"conspire:MysteriousRune","floor":33,"turns":5},{"damage":4,"enemies":"3 Darklings","floor":35,"turns":2},{"damage":431,"enemies":"Remilia_Byz","floor":37,"turns":8}],"seed_played":"-3728167170726373015","potions_obtained":[{"floor":4,"key":"MagicPotion:ReiMu"},{"floor":8,"key":"RedTea"}],"is_trial":true,"path_per_floor":["M","?","M","M","?","E","?","E","T","E","R","E","R","E","R","B",null,"M","M","$","M","M","E","?","E","T","E","E","R","M","E","R","B",null,"M","$","?"],"character_chosen":"IRONCLAD","items_purchased":["REME_LimitBreaker","conspire:TreasureMap","AT_ForceNature","Darkstone Periapt"],"campfire_rested":0,"item_purchase_floors":[20,20,36,36],"current_hp_per_floor":[180,180,174,178,178,133,130,124,124,120,120,132,132,126,126,105,283,283,283,283,286,289,289,289,281,281,282,292,292,292,274,277,264,395,395,395,0,0],"gold":773,"neow_bonus":"","is_daily":false,"chose_seed":false,"campfire_upgraded":3,"win_rate":0.0,"timestamp":1611635463,"path_taken":["M","?","M","M","?","E","?","E","T","E","R","E","R","E","R","BOSS","M","M","$","M","M","E","?","E","T","?","E","R","M","E","R","BOSS","M","$","?"],"items_purchased_type":["Relic","Relic","Relic","Relic"],"build_version":"2020-12-22","purchased_purges":1,"victory":false,"max_hp_per_floor":[180,180,180,180,180,180,180,180,180,183,183,183,183,183,183,183,283,283,283,283,286,289,289,289,289,289,292,292,292,292,292,295,295,395,395,395,395,395],"card_choices":[{"not_picked":["True Grit","Body Slam"],"picked":"Armaments","floor":1},{"not_picked":["Reckless Charge","Twin Strike","Bomb","Perfected Strike"],"picked":"Pommel Strike","floor":3},{"not_picked":["Entrench","Bomb","AT_IchimonjiDouble","Twin Strike"],"picked":"Heavy Blade","floor":4},{"not_picked":["conspire:Purge","MostiFishMod:TemporaryOutbreak","MostiFishMod:FireWorks","MostiFishMod:Chiaki"],"picked":"MostiFishMod:PerfectStrikeMKII","floor":6},{"not_picked":["Headbutt","AT_BodySlamDance","Twin Strike","Sword Boomerang"],"picked":"Anger","floor":7},{"not_picked":["MostiFishMod:DarkDeal","Impervious","MostiFishMod:FireWorks","MostiFishMod:NewArrival"],"picked":"Feed","floor":8},{"not_picked":["Feed","MostiFishMod:RacingGame","Demon Form","Immolate"],"picked":"Limit Break","floor":10},{"not_picked":["MostiFishMod:ChineseTea","conspire:Purge","Double Tap","MostiFishMod:Mania","AT_Dispersion"],"picked":"SKIP","floor":12},{"not_picked":["MostiFishMod:KnuckleDown","Corruption","Feed","Brutality"],"picked":"MostiFishMod:404NotFound","floor":14},{"not_picked":["Dropkick","Warcry","True Grit","Armaments+1","Infernal Blade"],"picked":"SKIP","floor":18},{"not_picked":["Perfected Strike","Havoc","Clash","Cleave","AT_BodySlamDance"],"picked":"SKIP","floor":19},{"not_picked":["Body Slam+1","REME_SingleHolding","AT_ManFootWork","Rage+1","Warcry+1"],"picked":"SKIP","floor":21},{"not_picked":["Clash","Double Tap","Dark Embrace","Shockwave","Clothesline"],"picked":"SKIP","floor":22},{"not_picked":["Berserk","Brutality","Exhume","MostiFishMod:RainCloud"],"picked":"MostiFishMod:UltimateDefense","floor":23},{"not_picked":["REME_TheLastStrike","AT_Dispersion","MostiFishMod:RainCloud","MostiFishMod:PerfectStrikeMKII"],"picked":"Limit Break","floor":25},{"not_picked":["Juggernaut","Impervious","MostiFishMod:PerfectStrikeMKII","MostiFishMod:ChineseTea","Offering"],"picked":"SKIP","floor":27},{"not_picked":["REME_TheLastStrike","MostiFishMod:PerfectStrikeMKII"],"picked":"Limit Break","floor":28},{"not_picked":["conspire:HitWhereItHurts","REME_Fury","MostiFishMod:OrdinaryWorld","Reaper","MostiFishMod:ChineseTea"],"picked":"SKIP","floor":28},{"not_picked":["AT_IchimonjiDouble","Armaments","Headbutt","AT_DiedThrough+1"],"picked":"Cleave+1","floor":30},{"not_picked":["MostiFishMod:NewArrival","MostiFishMod:Mania","MostiFishMod:KnuckleDown","MostiFishMod:CullingBlade"],"picked":"Limit Break","floor":31},{"not_picked":["Armaments","Heavy Blade","Second Wind"],"picked":"SKIP","floor":35}],"player_experience":161333,"relics_obtained":[{"floor":1,"key":"SynthV:TestCard"},{"floor":6,"key":"Lizard Tail"},{"floor":7,"key":"Odd Mushroom"},{"floor":8,"key":"Slimebound:PreparedRelic"},{"floor":9,"key":"MawBank"},{"floor":10,"key":"D6"},{"floor":12,"key":"Oddly Smooth Stone"},{"floor":14,"key":"CombinedTypeHook"},{"floor":23,"key":"aspiration:AnachronicSnailShell"},{"floor":25,"key":"ShirouKen"},{"floor":26,"key":"Tea:ReiMu"},{"floor":27,"key":"ZombieArmy"},{"floor":28,"key":"conspire:GiftBox"},{"floor":31,"key":"Diplopia"}],"event_choices":[{"damage_healed":0,"gold_gain":0,"player_choice":"Fought Mushrooms","damage_taken":0,"max_hp_gain":0,"max_hp_loss":0,"event_name":"Mushrooms","floor":7,"gold_loss":0},{"damage_healed":0,"gold_gain":0,"player_choice":"Ignored","damage_taken":0,"max_hp_gain":0,"max_hp_loss":0,"event_name":"Ghosts","floor":24,"gold_loss":0}],"is_beta":false,"boss_relics":[{"not_picked":["aspiration:RitualDagger","EctoplasmExtend"],"picked":"BloodWine"},{"not_picked":[]},{"not_picked":["conspire:SeveredTorchhead","RhineFirstAidKit"],"picked":"Busted Crown"},{"not_picked":[]}],"items_purged_floors":[20],"is_endless":true,"potions_floor_spawned":[4,6,7,8,12,14,16,18,19,21,23,23,25,25,25,27,30,31,31,31,33,35],"killed_by":"Remilia_Byz","ascension_level":0}}