{"host":"hjw1ay65n7jm40lc","time":1611630940,"event":{"mods":["AchievementEnabler","BaseMod","Block Reminder","Colored Map","Colored Powertips","Curses Come First","Downfall","Googly Eyes","Hermit","Highlight Path","Minty Spire (QoL Compilation)","Quick Restart","Relic Stats","StSLib"],"gold_per_floor":[99,115,135,153,153,185,185,198,254,254,269,280,280,298,316,394,394,394,412,428,428,428,461,486,501,401,228,247,282,282,313,323,395,395,395,405,417,432,449,359,359,359,209,224,259,259,159,192,206,206],"floor_reached":51,"language":"ENG","playtime":5011,"items_purged":["Guardian:Strike_Guardian"],"score":1621,"play_id":"00755c7f-1660-4a31-a7e1-9c7cbc9c8b28","local_time":"20210125221540","is_ascension_mode":true,"campfire_choices":[{"data":"Guardian:TwinSlam","floor":1.0,"key":"SMITH"},{"floor":10.0,"key":"REST"},{"data":"Guardian:MultiBeam","floor":13.0,"key":"SMITH"},{"floor":18.0,"key":"RECALL"},{"floor":26.0,"key":"REST"},{"floor":30.0,"key":"REST"},{"floor":42.0,"key":"REST"},{"floor":47.0,"key":"REST"}],"circlet_count":0,"master_deck":["AscendersBane","Guardian:Strike_Guardian","Guardian:Strike_Guardian","Guardian:Defend_Guardian","Guardian:Defend_Guardian","Guardian:Defend_Guardian","Guardian:Defend_Guardian","Guardian:CurlUp","Guardian:TwinSlam+1","Guardian:MultiBeam+1","Guardian:Reroute","Guardian:Clone","Guardian:Recover","Guardian:SpikerProtocol","Guardian:BodySlam","Guardian:Preprogram","Guardian:StasisEngine","Guardian:Gem_Fragmented","Guardian:EvasiveProtocol","Guardian:StasisEngine","Guardian:Gem_Red","Guardian:Gem_Yellow","Guardian:Gem_Blue","Guardian:Emergency+1","Guardian:Clone+1","Guardian:RevengeProtocol"],"relics":["expansioncontent:StudyCardRelic","Slimebound:PreparedRelic","Pantograph","Art of War","Fusion Hammer","Strawberry","Bag of Preparation","downfall:HeartBlessingRed","OrangePellets","Guardian:DefensiveModeMoreBlock","Guardian:PickAxe","Busted Crown","InkBottle","Anchor","downfall:HeartBlessingBlue","PreservedInsect"],"acts_visited":["Exordium","TheCity","TheBeyond"],"potions_floor_usage":[50],"damage_taken":[{"damage":7.0,"enemies":"Jaw Worm","floor":2.0,"turns":3.0},{"damage":9.0,"enemies":"2 Louse","floor":3.0,"turns":2.0},{"damage":7.0,"enemies":"Small Slimes","floor":4.0,"turns":2.0},{"damage":5.0,"enemies":"Lagavulin","floor":6.0,"turns":4.0},{"damage":12.0,"enemies":"3 Louse","floor":8.0,"turns":4.0},{"damage":0.0,"enemies":"3 Sentries","floor":9.0,"turns":8.0},{"damage":0.0,"enemies":"Large Slime","floor":11.0,"turns":3.0},{"damage":14.0,"enemies":"Lots of Slimes","floor":12.0,"turns":3.0},{"damage":3.0,"enemies":"Exordium Thugs","floor":14.0,"turns":2.0},{"damage":0.0,"enemies":"Blue Slaver","floor":15.0,"turns":2.0},{"damage":37.0,"enemies":"DF_ARCHETYPE_STREAMLINE","floor":16.0,"turns":12.0},{"damage":0.0,"enemies":"Chosen","floor":19.0,"turns":3.0},{"damage":0.0,"enemies":"Spheric Guardian","floor":20.0,"turns":3.0},{"damage":26.0,"enemies":"Book of Stabbing","floor":23.0,"turns":5.0},{"damage":6.0,"enemies":"Snake Plant","floor":25.0,"turns":2.0},{"damage":0.0,"enemies":"downfall:FleeingMerchant","floor":27.0,"turns":4.0},{"damage":0.0,"enemies":"Sentry and Sphere","floor":28.0,"turns":4.0},{"damage":21.0,"enemies":"Slavers","floor":29.0,"turns":2.0},{"damage":0.0,"enemies":"Gremlin Leader","floor":31.0,"turns":6.0},{"damage":0.0,"enemies":"Snecko","floor":32.0,"turns":3.0},{"damage":20.0,"enemies":"WA_ARCHETYPE_CALM","floor":33.0,"turns":7.0},{"damage":0.0,"enemies":"Orb Walker","floor":36.0,"turns":3.0},{"damage":10.0,"enemies":"3 Darklings","floor":37.0,"turns":2.0},{"damage":18.0,"enemies":"Writhing Mass","floor":38.0,"turns":6.0},{"damage":44.0,"enemies":"4 Shapes","floor":39.0,"turns":9.0},{"damage":0.0,"enemies":"downfall:FleeingMerchant","floor":40.0,"turns":4.0},{"damage":0.0,"enemies":"Sphere and 2 Shapes","floor":44.0,"turns":3.0},{"damage":0.0,"enemies":"Giant Head","floor":45.0,"turns":6.0},{"damage":22.0,"enemies":"Reptomancer","floor":48.0,"turns":4.0},{"damage":0.0,"enemies":"Transient","floor":49.0,"turns":6.0},{"damage":43,"enemies":"IC_BLOCK_ARCHETYPE","floor":50,"turns":9}],"seed_played":"-7083324036083258754","potions_obtained":[{"floor":3.0,"key":"Energy Potion"},{"floor":4.0,"key":"Guardian:DefensiveModePotion"},{"floor":15.0,"key":"sneckomod:MuddlingPotion"},{"floor":16.0,"key":"hexamod:SoulburnPotion"},{"floor":25.0,"key":"GamblersBrew"},{"floor":28.0,"key":"DuplicationPotion"},{"floor":31.0,"key":"GamblersBrew"},{"floor":38.0,"key":"Dexterity Potion"},{"floor":45.0,"key":"FearPotion"}],"is_trial":false,"path_per_floor":["R","M","M","M","?","E","T","M","?","R","M","M","R","M","M","B",null,"R","M","M","?","?","E","T","M","R","$","M","E","R","E","M","B",null,"R","M","M","M","M","$","T","R","?","M","E","T","R","E","M","B",null],"character_chosen":"GUARDIAN","items_purchased":["OrangePellets"],"campfire_rested":5,"item_purchase_floors":[27],"current_hp_per_floor":[65,58,49,42,42,37,37,25,25,46,46,32,32,29,29,17,58,58,58,58,58,58,39,39,33,56,56,56,35,58,58,58,59,74,74,74,64,46,2,2,2,25,89,89,89,89,99,77,77,56],"gold":206,"neow_bonus":"BOSS_RELIC","is_daily":false,"chose_seed":false,"campfire_upgraded":2,"win_rate":0.0,"timestamp":1611630940,"path_taken":["R","M","M","M","?","E","T","M","?","R","M","M","R","M","M","BOSS","R","M","M","?","?","E","T","M","R","$","M","E","R","E","M","BOSS","R","M","M","M","M","$","T","R","?","?","E","?","R","E","M","BOSS"],"items_purchased_type":["Relic"],"build_version":"2020-12-22","purchased_purges":1,"victory":true,"max_hp_per_floor":[72,72,72,72,72,72,72,72,72,72,72,72,72,72,72,72,72,72,72,72,72,72,79,79,79,79,79,79,79,79,79,79,79,79,79,79,79,79,79,79,79,79,89,89,89,89,99,99,99,99],"relic_stats":{"OrangePellets":[11],"Busted Crown":18,"counters":[31,136],"Pantograph":68,"PreservedInsect":0,"Art of War":[9],"Bag of Preparation":[34],"obtain_stats":[{"Guardian:DefensiveModeMoreBlock":29,"downfall:HeartBlessingRed":26,"Guardian:ModeShifter":0,"PreservedInsect":48,"expansioncontent:StudyCardRelic":0,"Bag of Preparation":24,"Guardian:PickAxe":31,"OrangePellets":27,"Anchor":45,"Busted Crown":34,"downfall:HeartBlessingBlue":47,"Pantograph":7,"Strawberry":23,"Slimebound:PreparedRelic":6,"Fusion Hammer":17,"Art of War":9,"InkBottle":41},{"Guardian:DefensiveModeMoreBlock":18,"downfall:HeartBlessingRed":15,"Guardian:ModeShifter":0,"PreservedInsect":29,"expansioncontent:StudyCardRelic":0,"Bag of Preparation":14,"Guardian:PickAxe":19,"OrangePellets":16,"Anchor":28,"Busted Crown":21,"downfall:HeartBlessingBlue":28,"Pantograph":4,"Strawberry":14,"Slimebound:PreparedRelic":4,"Fusion Hammer":11,"Art of War":6,"InkBottle":26},{"Guardian:DefensiveModeMoreBlock":68,"downfall:HeartBlessingRed":58,"Guardian:ModeShifter":0,"PreservedInsect":121,"expansioncontent:StudyCardRelic":0,"Bag of Preparation":56,"Guardian:PickAxe":74,"OrangePellets":62,"Anchor":117,"Busted Crown":84,"downfall:HeartBlessingBlue":117,"Pantograph":11,"Strawberry":56,"Slimebound:PreparedRelic":11,"Fusion Hammer":45,"Art of War":23,"InkBottle":108}],"InkBottle":[29]},"card_choices":[{"not_picked":["Guardian:ShieldCharger","Guardian:TimeBomb"],"picked":"Guardian:MultiBeam","floor":2.0},{"not_picked":["Guardian:Preprogram","Guardian:Gem_Green"],"picked":"Guardian:Gem_Yellow","floor":3.0},{"not_picked":["Guardian:VentSteam","Guardian:Planning"],"picked":"Guardian:Reroute","floor":4.0},{"not_picked":["Guardian:FierceBash","Guardian:Gem_Lightblue"],"picked":"Guardian:Clone","floor":6.0},{"not_picked":["Guardian:PrismaticBeam","Guardian:DonusPower"],"picked":"Guardian:Recover","floor":8.0},{"not_picked":["Guardian:SpikerProtocol","Guardian:Gem_Green"],"picked":"Guardian:Gem_Cyan","floor":11.0},{"not_picked":["Guardian:PrimingBeam","Guardian:ChargeCore","Guardian:Incinerate"],"picked":"SKIP","floor":12.0},{"not_picked":["Guardian:TemporalStrike","Guardian:Clone","Guardian:Gem_Lightblue"],"picked":"SKIP","floor":14.0},{"not_picked":["Guardian:Reroute","Guardian:CrystalBeam"],"picked":"Guardian:SpikerProtocol","floor":15.0},{"not_picked":["Guardian:GatlingBeam","Guardian:StasisField"],"picked":"Guardian:Gem_Orange","floor":16.0},{"not_picked":["Guardian:Gem_Red","Guardian:Gem_Lightblue"],"picked":"Guardian:BodySlam","floor":19.0},{"not_picked":["Guardian:PrismaticBeam","Guardian:ShieldCharger+1","Guardian:PrimingBeam"],"picked":"SKIP","floor":20.0},{"not_picked":["Guardian:RollAttack","Guardian:Recover"],"picked":"Guardian:Gem_Cyan","floor":23.0},{"not_picked":["Guardian:Reroute","Guardian:PolyBeam"],"picked":"Guardian:Preprogram","floor":25.0},{"not_picked":["Guardian:SpikerProtocol+1","Guardian:Gem_Yellow"],"picked":"Guardian:StasisEngine","floor":27.0},{"not_picked":["Guardian:Recover","Guardian:Reroute","Guardian:Planning+1"],"picked":"SKIP","floor":28.0},{"not_picked":["Guardian:VentSteam","Guardian:Gem_Red"],"picked":"Guardian:Gem_Yellow","floor":29.0},{"not_picked":["Guardian:TemporalStrike","Guardian:PiercingHide"],"picked":"Guardian:Gem_Fragmented","floor":31.0},{"not_picked":["Guardian:Orbwalk","Guardian:TemporalShield"],"picked":"Guardian:EvasiveProtocol","floor":32.0},{"not_picked":["Guardian:Gem_Synthetic","Guardian:GemFire"],"picked":"Guardian:StasisEngine","floor":33.0},{"not_picked":["Guardian:TemporalShield"],"picked":"SKIP","floor":36.0},{"not_picked":["Guardian:MultiBeam"],"picked":"SKIP","floor":37.0},{"not_picked":[],"picked":"Guardian:Gem_Blue","floor":38.0},{"not_picked":[],"picked":"Guardian:Emergency+1","floor":39.0},{"not_picked":[],"picked":"Guardian:Clone+1","floor":40.0},{"not_picked":["Guardian:Gem_Red"],"picked":"SKIP","floor":44.0},{"not_picked":["Guardian:BronzeArmor"],"picked":"SKIP","floor":45.0},{"not_picked":[],"picked":"Guardian:RevengeProtocol","floor":48.0},{"not_picked":["Guardian:VentSteam+1"],"picked":"SKIP","floor":49.0}],"player_experience":958878,"relics_obtained":[{"floor":6.0,"key":"Slimebound:PreparedRelic"},{"floor":7.0,"key":"Pantograph"},{"floor":9.0,"key":"Art of War"},{"floor":23.0,"key":"Strawberry"},{"floor":24.0,"key":"Bag of Preparation"},{"floor":29.0,"key":"Guardian:DefensiveModeMoreBlock"},{"floor":31.0,"key":"Guardian:PickAxe"},{"floor":41.0,"key":"InkBottle"},{"floor":45.0,"key":"Anchor"},{"floor":48.0,"key":"PreservedInsect"}],"event_choices":[{"damage_healed":0.0,"max_hp_gain":0.0,"max_hp_loss":0.0,"gold_gain":0.0,"event_name":"Ghosts","player_choice":"Ignored","floor":22.0,"gold_loss":0.0,"damage_taken":0.0}],"is_beta":false,"boss_relics":[{"not_picked":["Velvet Choker","Runic Pyramid"],"picked":"Fusion Hammer"},{"not_picked":["Runic Dome","Empty Cage"],"picked":"Busted Crown"}],"items_purged_floors":[40],"is_endless":false,"potions_floor_spawned":[3,4,8,15,16,25,28,31,38,39,44,45],"ascension_level":20}}