{"host":"6p0attdrtjqaih7v","time":1611696980,"event":{"mods":["2.2 Compatiblity","AchievementEnabler","Bard","BaseMod","Better Skull","Better Third Choice","Colored Powertips","Hermit","Highlight Path","Jorbs\u0027s Wanderer Trilogy","Key Reminder","Minty Spire (QoL Compilation)","Permanent Neow","Quick Restart","Random Character Button","Relic Stats","Replay The Spire","Robot Space Explorer","StSLib"],"gold_per_floor":[111,111,122,28,41,75,75,102,102,133,148,148,173,229,229,306,306,317,317,317,329,157,157,174,174,174,205,218,52,62,92,92,163,163,174,194,45,45,0,29,29,58,58,58,58,58,58,85,85,85,85],"floor_reached":52,"language":"ENG","playtime":2923,"items_purged":["Pain"],"score":2009,"play_id":"4927adf0-46ee-42c3-b338-6aca14901ad1","local_time":"20210126163620","is_ascension_mode":true,"campfire_choices":[{"floor":7,"key":"REST"},{"data":"hermit:WideOpen","floor":12,"key":"SMITH"},{"floor":15,"key":"REST"},{"data":"hermit:Determination","floor":23,"key":"SMITH"},{"data":"hermit:FlashPowder","floor":25,"key":"SMITH"},{"data":"hermit:Brawl","floor":32,"key":"SMITH"},{"data":"hermit:NoHoldsBarred","floor":41,"key":"SMITH"},{"data":"hermit:FlashPowder","floor":44,"key":"SMITH"},{"data":"hermit:FlashPowder","floor":49,"key":"SMITH"}],"circlet_count":0,"master_deck":["AscendersBane","hermit:Strike_Hermit","hermit:Strike_Hermit","hermit:Strike_Hermit","hermit:Defend_Hermit","hermit:Defend_Hermit","hermit:Defend_Hermit","hermit:Defend_Hermit","hermit:Snapshot","hermit:Covet","hermit:Horror","hermit:Roulette","hermit:CursedWeapon","hermit:WideOpen+1","hermit:PistolWhip+1","Pot Of Greed","Pot Of Greed","hermit:FlashPowder+1","hermit:Determination+1","hermit:BlackWind","hermit:HoleUp+1","hermit:Coalescence","hermit:Brawl+1","hermit:Manifest","Pot Of Greed","hermit:Gestalt","hermit:FlashPowder+1","hermit:Roulette+1","hermit:Roulette+1","hermit:FlashPowder+1","hermit:NoHoldsBarred+1","hermit:Coalescence","hermit:Gambit"],"relics":["hermit:Momento","Juzu Bracelet","Potion Belt","Regal Pillow","Blood Vial","Bottled Flame","hermit:RedScarf","Snack Pack","Grinning Jar","Velvet Choker","Toy Ornithopter","FossilizedHelix","Happy Flower","Ginger","Honey Jar","Red Mask","keyreminder:keyreminder","Simple Rune","Whetstone","Iron Hammer","hermit:Spyglass"],"acts_visited":["Exordium","TheCity","TheBeyond"],"potions_floor_usage":[6,6,10,16,27,28,30,31,40,40,51,51,51],"damage_taken":[{"damage":0,"enemies":"2 Louse","floor":1,"turns":3},{"damage":7,"enemies":"Jaw Worm","floor":3,"turns":3},{"damage":3,"enemies":"Cultist","floor":5,"turns":3},{"damage":11,"enemies":"Gremlin Nob","floor":6,"turns":4},{"damage":22,"enemies":"3 Sentries","floor":10,"turns":10},{"damage":2,"enemies":"Large Slime","floor":11,"turns":2},{"damage":27,"enemies":"Lagavulin","floor":13,"turns":5},{"damage":50,"enemies":"Hexaghost","floor":16,"turns":10},{"damage":14,"enemies":"Chosen","floor":18,"turns":3},{"damage":5,"enemies":"Spheric Guardian","floor":21,"turns":3},{"damage":12,"enemies":"Snake Plant","floor":24,"turns":4},{"damage":21,"enemies":"Book of Stabbing","floor":27,"turns":5},{"damage":2,"enemies":"Sentry and Sphere","floor":28,"turns":4},{"damage":1,"enemies":"Chosen and Byrds","floor":30,"turns":5},{"damage":0,"enemies":"Replay:Snechameleon","floor":31,"turns":5},{"damage":12,"enemies":"Champ","floor":33,"turns":14},{"damage":0,"enemies":"Orb Walker","floor":35,"turns":4},{"damage":0,"enemies":"3 Shapes","floor":36,"turns":8},{"damage":20,"enemies":"Reptomancer","floor":40,"turns":7},{"damage":2,"enemies":"Giant Head","floor":42,"turns":6},{"damage":10,"enemies":"Nemesis","floor":48,"turns":7},{"damage":24,"enemies":"Awakened One","floor":50,"turns":16},{"damage":30,"enemies":"Donu and Deca","floor":51,"turns":7}],"seed_played":"-8713597724386187341","potions_obtained":[{"floor":3,"key":"DistilledChaos"},{"floor":5,"key":"Elixir"},{"floor":14,"key":"Adrenaline Potion"},{"floor":16,"key":"Adrenaline Potion"},{"floor":21,"key":"Block Potion"},{"floor":28,"key":"FearPotion"},{"floor":30,"key":"GamblersBrew"},{"floor":33,"key":"BlessingOfTheForge"},{"floor":35,"key":"LifebloodPotion"},{"floor":40,"key":"Weak Potion"},{"floor":42,"key":"Energy Potion"}],"is_trial":false,"path_per_floor":["M","?","M","$","M","E","R","T","T","E","M","R","E","?","R","B",null,"M","?","?","M","$","R","M","R","T","E","M","$","M","E","R","B",null,"M","M","$","?","?","E","R","E","T","R","?","?","?","E","R","B","B",null],"character_chosen":"HERMIT","items_purchased":["hermit:CursedWeapon","hermit:Tonic","hermit:Brawl","Block Potion","Happy Flower","hermit:FlashPowder","hermit:NoHoldsBarred"],"campfire_rested":2,"item_purchase_floors":[4,4,22,22,29,37,37],"current_hp_per_floor":[64,38,31,31,28,17,53,53,53,33,33,33,8,8,44,2,54,44,44,44,45,45,45,37,37,37,29,36,36,42,51,51,43,64,66,68,68,68,68,65,65,70,70,70,70,70,67,57,57,43,34],"gold":85,"neow_bonus":"RANDOM_COMMON_RELIC","is_daily":false,"chose_seed":false,"campfire_upgraded":7,"win_rate":0.0,"timestamp":1611696980,"path_taken":["M","?","M","$","M","E","R","?","T","E","M","R","E","?","R","BOSS","M","?","?","M","$","R","M","R","T","E","M","$","M","E","R","BOSS","M","M","$","?","?","E","R","E","T","R","?","?","?","E","R","BOSS","BOSS"],"items_purchased_type":["Card","Potion","Card","Potion","Relic","Card","Card"],"build_version":"2020-12-22","purchased_purges":1,"victory":true,"max_hp_per_floor":[71,71,71,71,71,71,71,71,71,71,71,71,71,71,71,71,71,71,71,71,71,71,71,71,71,71,71,71,71,71,71,71,71,71,71,71,71,71,71,71,71,71,71,71,71,71,67,67,67,67,67],"relic_stats":{"Blood Vial":36,"Regal Pillow":30,"Happy Flower":[26],"counters":[23,138],"Juzu Bracelet":3,"Ginger":[47],"Whetstone":["hermit:PistolWhip","hermit:Roulette"],"obtain_stats":[{"Potion Belt":2,"Regal Pillow":6,"Happy Flower":29,"Velvet Choker":17,"Juzu Bracelet":0,"Ginger":31,"Whetstone":42,"Blood Vial":8,"keyreminder:keyreminder":40,"Bottled Flame":9,"Honey Jar":34,"Simple Rune":40,"Iron Hammer":43,"Snack Pack":13,"Red Mask":39,"hermit:RedScarf":10,"Grinning Jar":14,"hermit:Momento":0,"Toy Ornithopter":26,"FossilizedHelix":27,"hermit:Spyglass":48},{"Potion Belt":1,"Regal Pillow":4,"Happy Flower":13,"Velvet Choker":8,"Juzu Bracelet":0,"Ginger":15,"Whetstone":20,"Blood Vial":4,"keyreminder:keyreminder":19,"Bottled Flame":4,"Honey Jar":16,"Simple Rune":19,"Iron Hammer":20,"Snack Pack":7,"Red Mask":18,"hermit:RedScarf":5,"Grinning Jar":7,"hermit:Momento":0,"Toy Ornithopter":11,"FossilizedHelix":12,"hermit:Spyglass":21},{"Potion Belt":3,"Regal Pillow":13,"Happy Flower":59,"Velvet Choker":40,"Juzu Bracelet":0,"Ginger":69,"Whetstone":108,"Blood Vial":13,"keyreminder:keyreminder":102,"Bottled Flame":13,"Honey Jar":83,"Simple Rune":102,"Iron Hammer":108,"Snack Pack":30,"Red Mask":95,"hermit:RedScarf":23,"Grinning Jar":30,"hermit:Momento":0,"Toy Ornithopter":50,"FossilizedHelix":55,"hermit:Spyglass":115}],"Toy Ornithopter":45},"card_choices":[{"not_picked":["hermit:LowProfile","hermit:Quickdraw"],"picked":"hermit:Horror","floor":1},{"not_picked":["hermit:Virtue","hermit:Feint"],"picked":"hermit:Roulette","floor":3},{"not_picked":["hermit:Snipe","hermit:Malice","hermit:Combo"],"picked":"SKIP","floor":5},{"not_picked":["hermit:BigShot","hermit:Misfire"],"picked":"hermit:WideOpen","floor":6},{"not_picked":["hermit:Feint","hermit:Snipe","hermit:Misfire"],"picked":"SKIP","floor":10},{"not_picked":["hermit:HoleUp","hermit:HighCaliber","hermit:TakeAim"],"picked":"SKIP","floor":11},{"not_picked":["hermit:LoneWolf","hermit:Roulette"],"picked":"hermit:PistolWhip","floor":13},{"not_picked":["hermit:CalledShot","hermit:TrackingShot"],"picked":"hermit:FlashPowder","floor":14},{"not_picked":["hermit:Roulette","hermit:Shortfuse"],"picked":"hermit:Determination","floor":14},{"not_picked":["hermit:FromBeyond","hermit:HighNoon"],"picked":"hermit:BlackWind","floor":16},{"not_picked":["hermit:CalledShot","hermit:Roulette"],"picked":"hermit:HoleUp+1","floor":18},{"not_picked":["hermit:ItchyTrigger","hermit:HoleUp"],"picked":"hermit:Coalescence","floor":21},{"not_picked":["hermit:CursedWeapon","hermit:Quickdraw"],"picked":"hermit:Manifest","floor":24},{"not_picked":["hermit:Headshot","hermit:FatalDesire"],"picked":"hermit:Gestalt","floor":27},{"not_picked":["hermit:Scavenge","hermit:Coalescence"],"picked":"hermit:FlashPowder","floor":28},{"not_picked":["hermit:Headshot","hermit:HoleUp","hermit:Glare"],"picked":"SKIP","floor":30},{"not_picked":["hermit:Snipe","hermit:GhostlyPresence","hermit:FullyLoaded"],"picked":"SKIP","floor":31},{"not_picked":["hermit:Enervate+1","hermit:GhostlyPresence"],"picked":"hermit:Roulette","floor":35},{"not_picked":["hermit:HighCaliber","hermit:ItchyTrigger"],"picked":"hermit:Roulette+1","floor":36},{"not_picked":["hermit:Glare","hermit:GoldenBullet"],"picked":"hermit:Coalescence","floor":40},{"not_picked":["hermit:Malice","hermit:Combo+1"],"picked":"hermit:BlackWind","floor":42},{"not_picked":["hermit:Snipe","hermit:Quickdraw"],"picked":"hermit:Gambit","floor":48}],"player_experience":956559,"relics_obtained":[{"floor":6,"key":"Regal Pillow"},{"floor":8,"key":"Blood Vial"},{"floor":9,"key":"Bottled Flame"},{"floor":10,"key":"hermit:RedScarf"},{"floor":13,"key":"Snack Pack"},{"floor":14,"key":"Grinning Jar"},{"floor":26,"key":"Toy Ornithopter"},{"floor":27,"key":"FossilizedHelix"},{"floor":31,"key":"Ginger"},{"floor":40,"key":"Simple Rune"},{"floor":42,"key":"Whetstone"},{"floor":43,"key":"Iron Hammer"},{"floor":48,"key":"hermit:Spyglass"}],"event_choices":[{"damage_healed":0,"gold_gain":0,"player_choice":"Relic ","damage_taken":26,"max_hp_gain":0,"max_hp_loss":0,"event_name":"betterThird:BetterScrap","floor":2,"gold_loss":0,"cards_obtained":["Steam Power"]},{"damage_healed":0,"gold_gain":0,"player_choice":"Simplicity","damage_taken":0,"max_hp_gain":0,"max_hp_loss":0,"event_name":"Back to Basics","floor":19,"gold_loss":0,"cards_upgraded":["hermit:Strike_Hermit","hermit:Strike_Hermit","hermit:Strike_Hermit","hermit:Strike_Hermit","hermit:Defend_Hermit","hermit:Defend_Hermit","hermit:Defend_Hermit","hermit:Defend_Hermit"]},{"cards_removed":["hermit:Strike_Hermit"],"damage_healed":0,"gold_gain":0,"player_choice":"Removed Attack","damage_taken":0,"max_hp_gain":0,"max_hp_loss":0,"event_name":"Falling","floor":38,"gold_loss":0},{"damage_healed":0,"gold_gain":0,"player_choice":"Paid","damage_taken":0,"relics_obtained":["Red Mask"],"max_hp_gain":0,"max_hp_loss":0,"event_name":"Tomb of Lord Red Mask","floor":39,"gold_loss":45},{"cards_removed":["hermit:BlackWind"],"damage_healed":0,"gold_gain":0,"player_choice":"Purged","damage_taken":0,"max_hp_gain":0,"max_hp_loss":0,"event_name":"Purifier","floor":45,"gold_loss":0},{"damage_healed":0,"gold_gain":0,"player_choice":"Max HP","damage_taken":0,"max_hp_gain":0,"max_hp_loss":4,"event_name":"Winding Halls","floor":47,"gold_loss":0}],"is_beta":false,"boss_relics":[{"not_picked":["hermit:BartenderGlass","Painkiller Herb"],"picked":"Velvet Choker"},{"not_picked":["Cursed Key","Philosopher\u0027s Stone"],"picked":"Honey Jar"}],"items_purged_floors":[22],"is_endless":false,"potions_floor_spawned":[3,5,16,21,28,30,33,35,40,42],"ascension_level":20}}