{"host":"oi6p1guiqfwwvxym","time":1611646560,"event":{"mods":["BaseMod","Bestiary","Colored Map","Minty Spire (QoL Compilation)","Relic Stats"],"gold_per_floor":[116,131,151,23,41,41,61,61,84,114,114,134,159,177,177,254,254,254,254,10,10,10,10,10,10,10,10,10,10,10,10,10,10,10],"floor_reached":33,"language":"ENG","playtime":2376,"items_purged":["Strike_R","Strike_R"],"score":602,"play_id":"70f8437f-a802-4626-bb88-3518e354a4e0","local_time":"20210125233600","is_ascension_mode":true,"campfire_choices":[{"data":"Uppercut","floor":6,"key":"SMITH"},{"data":"Rampage","floor":8,"key":"SMITH"},{"floor":15,"key":"REST"},{"data":"Rupture","floor":23,"key":"SMITH"},{"floor":30,"key":"REST"},{"floor":32,"key":"REST"}],"circlet_count":0,"master_deck":["AscendersBane","Strike_R","Strike_R","Defend_R","Defend_R+1","Defend_R","Defend_R","Bash","Rampage+1","Uppercut+1","Intimidate","Shrug It Off","Flame Barrier","Burning Pact+1","Combust","True Grit","Headbutt","Battle Trance+1","Immolate","Rupture+1","Disarm","Fiend Fire","Armaments+1","Double Tap","Power Through","Bloodletting"],"relics":["Burning Blood","War Paint","MealTicket","PreservedInsect","Ectoplasm","HornCleat","Bag of Marbles","Bottled Flame"],"acts_visited":["Exordium","TheCity"],"potions_floor_usage":[7,10,13,16,22,28,33,33],"damage_taken":[{"damage":1,"enemies":"Cultist","floor":1,"turns":3},{"damage":2,"enemies":"2 Louse","floor":2,"turns":3},{"damage":9,"enemies":"Jaw Worm","floor":3,"turns":4},{"damage":14,"enemies":"Lots of Slimes","floor":5,"turns":6},{"damage":10,"enemies":"Gremlin Gang","floor":7,"turns":3},{"damage":25,"enemies":"3 Sentries","floor":10,"turns":10},{"damage":5,"enemies":"Looter","floor":12,"turns":4},{"damage":23,"enemies":"Lagavulin","floor":13,"turns":8},{"damage":32,"enemies":"Exordium Wildlife","floor":14,"turns":6},{"damage":43,"enemies":"Slime Boss","floor":16,"turns":10},{"damage":20,"enemies":"Spheric Guardian","floor":18,"turns":5},{"damage":22,"enemies":"Shell Parasite","floor":19,"turns":4},{"damage":11,"enemies":"Centurion and Healer","floor":22,"turns":6},{"damage":44,"enemies":"Slavers","floor":25,"turns":7},{"damage":8,"enemies":"Snake Plant","floor":27,"turns":3},{"damage":14,"enemies":"Snecko","floor":28,"turns":7},{"damage":0,"enemies":"Centurion and Healer","floor":29,"turns":6},{"damage":22,"enemies":"Book of Stabbing","floor":31,"turns":4},{"damage":59,"enemies":"Champ","floor":33,"turns":9}],"seed_played":"-8390187090124084071","potions_obtained":[{"floor":3,"key":"EssenceOfSteel"},{"floor":5,"key":"Explosive Potion"},{"floor":7,"key":"Fire Potion"},{"floor":12,"key":"Regen Potion"},{"floor":27,"key":"EssenceOfSteel"},{"floor":28,"key":"SpeedPotion"},{"floor":31,"key":"PowerPotion"}],"is_trial":false,"path_per_floor":["M","M","M","$","M","R","M","R","T","E","?","M","E","M","R","B",null,"M","M","$","?","M","R","?","E","T","M","M","M","R","E","R","B"],"character_chosen":"IRONCLAD","items_purchased":["Shrug It Off","Rupture","BloodPotion"],"campfire_rested":3,"item_purchase_floors":[4,20,20],"current_hp_per_floor":[80,82,79,79,71,71,67,67,67,48,48,49,47,21,45,8,64,50,34,49,49,60,60,60,22,22,20,12,18,42,26,50,0,0],"gold":10,"neow_bonus":"TEN_PERCENT_HP_BONUS","is_daily":false,"chose_seed":false,"campfire_upgraded":3,"win_rate":0.0,"timestamp":1611646560,"path_taken":["M","?","M","$","M","R","M","R","T","E","?","M","E","M","R","BOSS","M","M","$","?","M","R","?","E","T","?","M","?","R","E","R","BOSS"],"items_purchased_type":["Card","Card","Potion"],"build_version":"2020-12-22","purchased_purges":2,"victory":false,"max_hp_per_floor":[82,82,82,82,82,82,82,82,82,82,82,82,82,82,82,82,82,82,82,82,82,82,82,82,82,82,82,82,82,82,82,82,82,82],"relic_stats":{"counters":[19,108],"MealTicket":15,"PreservedInsect":83,"Ectoplasm":185,"War Paint":["Burning Pact","Defend_R"],"obtain_stats":[{"Bottled Flame":31,"HornCleat":25,"MealTicket":10,"PreservedInsect":13,"Ectoplasm":17,"Bag of Marbles":26,"War Paint":9,"Burning Blood":0},{"Bottled Flame":18,"HornCleat":14,"MealTicket":6,"PreservedInsect":8,"Ectoplasm":10,"Bag of Marbles":14,"War Paint":5,"Burning Blood":0},{"Bottled Flame":99,"HornCleat":79,"MealTicket":29,"PreservedInsect":41,"Ectoplasm":57,"Bag of Marbles":79,"War Paint":19,"Burning Blood":0}],"Burning Blood":106},"card_choices":[{"not_picked":["Flex","Body Slam"],"picked":"Rampage","floor":1},{"not_picked":["Flame Barrier","Dual Wield"],"picked":"Uppercut","floor":2},{"not_picked":["Body Slam","Anger"],"picked":"Intimidate","floor":3},{"not_picked":["Iron Wave","Thunderclap"],"picked":"Flame Barrier","floor":5},{"not_picked":["Sword Boomerang","Uppercut"],"picked":"Burning Pact","floor":7},{"not_picked":["Warcry","Heavy Blade","Barricade"],"picked":"SKIP","floor":10},{"not_picked":["Uppercut","Seeing Red"],"picked":"True Grit","floor":12},{"not_picked":["Fire Breathing","Twin Strike"],"picked":"Headbutt","floor":13},{"not_picked":["Dark Embrace","Whirlwind"],"picked":"Battle Trance","floor":14},{"not_picked":["Demon Form","Reaper"],"picked":"Immolate","floor":16},{"not_picked":["Heavy Blade","Armaments","Rampage"],"picked":"SKIP","floor":18},{"not_picked":["Sever Soul","Body Slam","Perfected Strike"],"picked":"SKIP","floor":19},{"not_picked":["Clothesline","True Grit"],"picked":"Disarm","floor":22},{"not_picked":["Havoc","Shrug It Off"],"picked":"Fiend Fire","floor":25},{"not_picked":["Sentinel","Cleave"],"picked":"Armaments+1","floor":27},{"not_picked":["Sever Soul+1","Body Slam"],"picked":"Double Tap","floor":28},{"not_picked":["Searing Blow","Burning Pact"],"picked":"Power Through","floor":29},{"not_picked":["Reckless Charge+1","Perfected Strike"],"picked":"Bloodletting","floor":31}],"player_experience":397145,"relics_obtained":[{"floor":9,"key":"War Paint"},{"floor":10,"key":"MealTicket"},{"floor":13,"key":"PreservedInsect"},{"floor":25,"key":"HornCleat"},{"floor":26,"key":"Bag of Marbles"},{"floor":31,"key":"Bottled Flame"}],"event_choices":[{"damage_healed":0,"gold_gain":0,"cards_transformed":["Strike_R"],"player_choice":"Transformed","damage_taken":0,"max_hp_gain":0,"max_hp_loss":0,"event_name":"Transmorgrifier","floor":11,"gold_loss":0,"cards_obtained":["Combust"]},{"damage_healed":0,"gold_gain":0,"player_choice":"Ignored","damage_taken":0,"max_hp_gain":0,"max_hp_loss":0,"event_name":"Vampires","floor":21,"gold_loss":0},{"damage_healed":0,"gold_gain":0,"player_choice":"Upgraded","damage_taken":0,"max_hp_gain":0,"max_hp_loss":0,"event_name":"Upgrade Shrine","floor":24,"gold_loss":0,"cards_upgraded":["Battle Trance"]}],"is_beta":false,"boss_relics":[{"not_picked":["Sozu","Tiny House"],"picked":"Ectoplasm"}],"items_purged_floors":[4,20],"is_endless":false,"potions_floor_spawned":[3,5,7,12,27,28,31],"killed_by":"Champ","ascension_level":20}}