{"host":"4myl0piycjadqnwl","time":1611619866,"event":{"mods":["BaseMod","Colored Map","Downfall","Minty Spire (QoL Compilation)","StSLib"],"gold_per_floor":[349,363,381,381,381,408,408,73,73,73,73],"floor_reached":9,"language":"ENG","playtime":451,"items_purged":[],"score":68,"play_id":"dc2bc580-f17d-4362-9c99-77434227a44d","local_time":"20210126011106","is_ascension_mode":true,"campfire_choices":[{"data":"bronze:Goto","floor":1,"key":"SMITH"}],"circlet_count":0,"master_deck":["bronze:Strike","bronze:Strike","bronze:Defend","bronze:Defend","bronze:Defend","bronze:Defend","bronze:Replicate","bronze:Goto+1","bronze:BugBarrage","bronze:Constructor","bronze:Terminator","bronze:BugBarrage","bronze:Flail+1"],"relics":["bronze:BronzeCore","bronze:SilverBullet","Singing Bowl","Molten Egg 2"],"acts_visited":["Exordium"],"potions_floor_usage":[],"damage_taken":[{"damage":1,"enemies":"2 Louse","floor":2,"turns":4},{"damage":13,"enemies":"Small Slimes","floor":3,"turns":4},{"damage":23,"enemies":"Gremlin Nob","floor":6,"turns":5},{"damage":0,"enemies":"downfall:FleeingMerchant","floor":8,"turns":4},{"damage":15,"enemies":"Lagavulin","floor":9,"turns":4}],"seed_played":"-908605369602645012","potions_obtained":[],"is_trial":false,"path_per_floor":["R","M","M","?","?","E","T","$","E"],"character_chosen":"THE_AUTOMATON","items_purchased":["Molten Egg 2","bronze:Flail+1"],"campfire_rested":0,"item_purchase_floors":[8,8],"current_hp_per_floor":[49,48,35,35,35,12,12,12,0,0,0],"gold":73,"neow_bonus":"TWO_FIFTY_GOLD","is_daily":false,"chose_seed":false,"campfire_upgraded":1,"win_rate":0.0,"timestamp":1611619866,"path_taken":["R","M","M","?","?","E","T","$","E"],"items_purchased_type":["Relic","Card"],"build_version":"2020-12-22","purchased_purges":0,"victory":false,"max_hp_per_floor":[70,70,70,70,70,70,70,70,70,70,70],"card_choices":[{"not_picked":["bronze:Deprecate","bronze:Constructor"],"picked":"bronze:BugBarrage","floor":2},{"not_picked":["bronze:GetLatest","bronze:DarkDash"],"picked":"bronze:Constructor","floor":3},{"not_picked":["bronze:Repulsor","bronze:DigitalCarnage","bronze:CutThrough"],"picked":"SKIP","floor":6},{"not_picked":["bronze:Deprecate","bronze:WildBeam"],"picked":"bronze:BugBarrage","floor":8}],"player_experience":1463275,"relics_obtained":[{"floor":6,"key":"bronze:SilverBullet"},{"floor":7,"key":"Singing Bowl"}],"event_choices":[{"damage_healed":0,"gold_gain":0,"cards_transformed":["bronze:Strike"],"player_choice":"Change","damage_taken":0,"max_hp_gain":0,"max_hp_loss":0,"event_name":"Living Wall","floor":5,"gold_loss":0,"cards_obtained":["bronze:Terminator"]}],"is_beta":false,"boss_relics":[],"items_purged_floors":[],"is_endless":false,"potions_floor_spawned":[],"killed_by":"Lagavulin","ascension_level":3}}