{"host":"o5lch9xvacbb0fa4","time":1611664846,"event":{"mods":["AchievementEnabler","Act Like it!","Aspiration","Bard","BaseMod","Better Altar","Better Match","Better Note","Better Sensory Stone","Better Skull","Better Third Choice","Better Vampires","BetterRewards","CCEM","Colored Map","Conspire","Downfall","GifTheSpireLib","Googly Eyes","GungeonMod","Halation","Hermit","Highlight Path","Hubris","Infinite Spire","Jedi Mod","Jorbs\u0027s Wanderer Trilogy","Marisa????????","Marked Mod","Mimic Mod","Minty Spire (QoL Compilation)","Permanent Neow","Relic Filter","Relic Sorter","Relic Stats","Replay The Spire","Shade Mod","Shop Mod","Small Relic Pack","StSLib","Stuff the Spire","The Administrix","The Blackbeard","The Runesmith","Unceasing Turn Reminder","everything is the same but u backflip on backflip","slay the spire mod where everything is the same but ironclad has a cowboy hat"],"gold_per_floor":[119,130,130,142,159,159,194,194,234,245,257,257,269,369,369,465,465,482,501,501,520,64,64,76,76,107,107,107,107,124,135,135,239,239,257,32,46,46,46,46],"floor_reached":39,"playtime":2133,"items_purged":["Spreading Infection"],"score":385,"play_id":"bb75bbe7-a54a-434d-aaac-3ab8928ba8f0","local_time":"20210126204046","is_ascension_mode":false,"campfire_choices":[{"data":"Bash","floor":6.0,"key":"SMITH"},{"data":"ReplayTheSpireMod:LeadingStrike","floor":12.0,"key":"SMITH"},{"data":"Reaper","floor":15.0,"key":"SMITH"},{"data":"ReplayTheSpireMod:Muscle Training","floor":23.0,"key":"SMITH"},{"data":"conspire:HitWhereItHurts","floor":25.0,"key":"SMITH"},{"data":"jedi:fear","floor":27.0,"key":"SMITH"},{"floor":29.0,"key":"REST"},{"data":"Battle Trance","floor":32,"key":"SMITH"}],"circlet_count":0,"master_deck":["Strike_R","Strike_R","Defend_R","Defend_R","Defend_R","Bash+1","ReplayTheSpireMod:LeadingStrike+1","Ghostly Armor","Headbutt","Replay:Undeath\u0027s Touch+1","Reaper+1","Battle Trance+1","Pommel Strike","ReplayTheSpireMod:Limb From Limb+1","jedi:strikingstrike","Armaments+1","conspire:HitWhereItHurts+1","jedi:fear+1","ReplayTheSpireMod:Muscle Training+1","Headbutt+1","jedi:bloodyhammer"],"relics":["Burning Blood","ReplayTheSpireMod:TigerMarble","ReplayTheSpireMod:Ring of Addiction","hubris:EmptyBottle","SacredBark","ReplayTheSpireMod:Ring of Exchange","halation:AfternoonTea","DemoMod:ClearGuonStone","halation:Thesaurus","Replay:Drink Me","StuffTheSpire:CocoNut","halation:HeavySnake","aspiration:Lifesprig"],"acts_visited":["Exordium","TheCity","TheBeyond"],"potions_floor_usage":[30,33,33,33,37,39],"damage_taken":[{"damage":4.0,"enemies":"conspire:RoseBush","floor":1.0,"turns":3.0},{"damage":6.0,"enemies":"Cultist","floor":2.0,"turns":3.0},{"damage":1.0,"enemies":"Jaw Worm","floor":4.0,"turns":4.0},{"damage":19.0,"enemies":"Blue Slaver","floor":5.0,"turns":4.0},{"damage":27.0,"enemies":"Gremlin Nob","floor":7.0,"turns":4.0},{"damage":0.0,"enemies":"Exordium Thugs","floor":9.0,"turns":13.0},{"damage":14.0,"enemies":"Exordium Thugs","floor":10.0,"turns":5.0},{"damage":20.0,"enemies":"Large Slime","floor":11.0,"turns":8.0},{"damage":0.0,"enemies":"Red Slaver","floor":13.0,"turns":3.0},{"damage":58.0,"enemies":"The Guardian","floor":16.0,"turns":11.0},{"damage":15.0,"enemies":"Chosen","floor":18.0,"turns":5.0},{"damage":39.0,"enemies":"Spheric Guardian","floor":19.0,"turns":7.0},{"damage":18.0,"enemies":"Chosen and Byrds","floor":21.0,"turns":6.0},{"damage":25.0,"enemies":"Centurion and Healer","floor":24.0,"turns":8.0},{"damage":14.0,"enemies":"Snake Plant","floor":26.0,"turns":6.0},{"damage":23,"enemies":"Snake Plant","floor":30,"turns":5},{"damage":10,"enemies":"3 Cultists","floor":31,"turns":6},{"damage":25,"enemies":"conspire:MysteriousRune","floor":33,"turns":4},{"damage":21,"enemies":"3 Shapes","floor":35,"turns":5},{"damage":8,"enemies":"3 Darklings","floor":37,"turns":2},{"damage":54,"enemies":"Writhing Mass","floor":39,"turns":6}],"seed_played":"4666857397775206776","potions_obtained":[{"floor":2.0,"key":"BloodPotion"},{"floor":5.0,"key":"Adrenaline Potion"},{"floor":8.0,"key":"PowerPotion"},{"floor":8.0,"key":"jedi:StrikingPotion"},{"floor":19.0,"key":"PowerPotion"},{"floor":28.0,"key":"jedi:wingpotion"},{"floor":30,"key":"DistilledChaos"},{"floor":31,"key":"hexamod:EctoCoolerPotion"},{"floor":35,"key":"Weak Potion"}],"is_trial":false,"path_per_floor":["M","M","?","M","M","R","E","?","MIM","M","M","R","M","?","R","B",null,"M","M","?","M","$","R","M","R","MIM","R","?","R","M","M","R","B",null,"M","$","M","?","M"],"character_chosen":"IRONCLAD","items_purchased":["DemoMod:ClearGuonStone","SpeedPotion","halation:Thesaurus","jedi:fear","ReplayTheSpireMod:Muscle Training","aspiration:Lifesprig"],"campfire_rested":1,"item_purchase_floors":[22,22,22,22,22,36],"current_hp_per_floor":[80,80,80,80,67,67,46,46,52,54,48,48,54,54,54,9,76,67,64,64,76,57,57,43,43,42,42,42,60,48,51,51,38,60,52,52,58,53,0,0],"gold":46,"neow_bonus":"","is_daily":false,"chose_seed":false,"campfire_upgraded":7,"win_rate":0.0,"timestamp":1611664846,"path_taken":["M","M","?","?","?","R","E","?","MIM","?","M","R","M","?","R","BOSS","M","M","?","M","$","R","M","R","MIM","R","?","R","M","?","R","BOSS","M","$","M","?","M"],"items_purchased_type":["Relic","Potion","Relic","Card","Card","Relic"],"build_version":"2020-12-13","purchased_purges":1,"victory":false,"max_hp_per_floor":[80,80,80,80,80,80,80,80,80,80,80,80,78,78,78,76,76,76,76,76,76,57,57,57,55,62,62,60,60,60,60,60,60,60,60,60,58,58,58,58],"relic_stats":{"counters":[21,118],"obtain_stats":[{"ReplayTheSpireMod:Ring of Exchange":8,"aspiration:Lifesprig":36,"ReplayTheSpireMod:Ring of Addiction":8,"SacredBark":8,"DemoMod:GlassGuonStoneRelic":5,"halation:Thesaurus":22,"hubris:EmptyBottle":8,"Burning Blood":0,"relicPack:SpireResearchBook":17,"halation:HeavySnake":34,"StuffTheSpire:CocoNut":26,"ReplayTheSpireMod:TigerMarble":7,"halation:AfternoonTea":9,"DemoMod:ClearGuonStone":22,"Replay:Drink Me":22},{"ReplayTheSpireMod:Ring of Exchange":5,"aspiration:Lifesprig":19,"ReplayTheSpireMod:Ring of Addiction":5,"SacredBark":5,"DemoMod:GlassGuonStoneRelic":4,"halation:Thesaurus":13,"hubris:EmptyBottle":5,"Burning Blood":0,"relicPack:SpireResearchBook":10,"halation:HeavySnake":18,"StuffTheSpire:CocoNut":15,"ReplayTheSpireMod:TigerMarble":5,"halation:AfternoonTea":6,"DemoMod:ClearGuonStone":13,"Replay:Drink Me":13},{"ReplayTheSpireMod:Ring of Exchange":18,"aspiration:Lifesprig":110,"ReplayTheSpireMod:Ring of Addiction":18,"SacredBark":18,"DemoMod:GlassGuonStoneRelic":14,"halation:Thesaurus":76,"hubris:EmptyBottle":18,"Burning Blood":0,"relicPack:SpireResearchBook":58,"halation:HeavySnake":105,"StuffTheSpire:CocoNut":90,"ReplayTheSpireMod:TigerMarble":18,"halation:AfternoonTea":31,"DemoMod:ClearGuonStone":76,"Replay:Drink Me":76}],"Burning Blood":105},"card_choices":[{"not_picked":["ReplayTheSpireMod:Limb From Limb","Body Slam"],"picked":"ReplayTheSpireMod:LeadingStrike","floor":1.0},{"not_picked":["Thunderclap","Seeing Red"],"picked":"Ghostly Armor","floor":2.0},{"not_picked":["ReplayTheSpireMod:LeadingStrike","Run Through","Bloodletting"],"picked":"SKIP","floor":4.0},{"not_picked":["Power Through","Uppercut"],"picked":"Headbutt","floor":5.0},{"not_picked":["Reckless Charge","DemoMod:BlackBlade"],"picked":"Replay:Undeath\u0027s Touch","floor":7.0},{"not_picked":["ReplayTheSpireMod:Strike From Hell","Abandon"],"picked":"Reaper","floor":9.0},{"not_picked":["Clothesline","ReplayTheSpireMod:Stacked"],"picked":"Battle Trance","floor":10.0},{"not_picked":["StuffTheSpire:RockThrow","Clothesline"],"picked":"Pommel Strike","floor":11.0},{"not_picked":["jedi:controlledanger","ReplayTheSpireMod:Corrosion Curse"],"picked":"ReplayTheSpireMod:Limb From Limb","floor":13.0},{"not_picked":["Impervious","conspire:HitWhereItHurts"],"picked":"jedi:strikingstrike","floor":16.0},{"not_picked":["StuffTheSpire:Slingshot","ReplayTheSpireMod:Strike From Hell+1","Pommel Strike"],"picked":"SKIP","floor":18.0},{"not_picked":["hubris:CleavingFinish","Perfected Strike+1"],"picked":"Armaments+1","floor":19.0},{"not_picked":["Life Link","ReplayTheSpireMod:Strike From Hell"],"picked":"conspire:HitWhereItHurts","floor":21.0},{"not_picked":["Defy Death+1","Clash","Headbutt"],"picked":"SKIP","floor":24.0},{"not_picked":["Rampage","Run Through"],"picked":"Headbutt+1","floor":30},{"not_picked":["conspire:HitWhereItHurts","Power Through","True Grit"],"picked":"SKIP","floor":31},{"not_picked":["conspire:HitWhereItHurts","jedi:strikingstrike"],"picked":"jedi:bloodyhammer","floor":33},{"not_picked":["jedi:suffering","conspire:ExplosiveBarrier+1","Iron Wave"],"picked":"SKIP","floor":35},{"not_picked":["Anger+1","Clash+1","Defy Death+1"],"picked":"SKIP","floor":37}],"player_experience":0,"relics_obtained":[{"floor":7.0,"key":"ReplayTheSpireMod:TigerMarble"},{"floor":8.0,"key":"ReplayTheSpireMod:Ring of Addiction"},{"floor":8.0,"key":"hubris:EmptyBottle"},{"floor":8.0,"key":"SacredBark"},{"floor":8.0,"key":"ReplayTheSpireMod:Ring of Exchange"},{"floor":9.0,"key":"halation:AfternoonTea"},{"floor":26.0,"key":"StuffTheSpire:CocoNut"}],"event_choices":[{"cards_removed":["Ghostly Armor"],"damage_healed":0.0,"max_hp_gain":0.0,"max_hp_loss":0.0,"gold_gain":0.0,"event_name":"betterNote:BetterNote","player_choice":"Give","floor":3.0,"gold_loss":0.0,"damage_taken":0.0,"cards_obtained":["None"]},{"damage_healed":0.0,"max_hp_gain":0.0,"max_hp_loss":0.0,"gold_gain":100.0,"event_name":"Golden Shrine","player_choice":"Pray","floor":14.0,"gold_loss":0.0,"damage_taken":0.0},{"damage_healed":0.0,"max_hp_gain":0.0,"max_hp_loss":0.0,"gold_gain":0.0,"event_name":"Lab","player_choice":"Got Potions","floor":28.0,"gold_loss":0.0,"damage_taken":0.0},{"damage_healed":0,"gold_gain":0,"player_choice":"Damaged","damage_taken":5,"max_hp_gain":0,"max_hp_loss":0,"event_name":"Wheel of Change","floor":38,"gold_loss":0}],"is_beta":false,"boss_relics":[{"not_picked":["Membership Card","StuffTheSpire:Saxophone"],"picked":"relicPack:SpireResearchBook"},{"not_picked":["Runic Dome","Kintsugi"],"picked":"halation:HeavySnake"}],"items_purged_floors":[36],"is_endless":false,"potions_floor_spawned":[2,5,10,11,19,24,30,31,35],"killed_by":"Writhing Mass","ascension_level":0}}