{"host":"b4vwm7jq6jdk6nca","time":1611661662,"event":{"mods":["Act Like it!","BaseMod","Hermit","Minty Spire (QoL Compilation)","Pale of the Ancients","Quick Restart","Relic Filter Mod","Spicy Shops","StSLib","TestMod","The Cursed","Wide Potions","[IsaacMod]以撒尖塔"],"gold_per_floor":[117,132,94,109,49,49,49,75,100,127,52,71,4,23,23,96,96,106,106,21,37,37,63,91,91,91,425,439,439,451,465,465,544,544,544,544],"floor_reached":35,"language":"ZHS","playtime":13408,"items_purged":["Defend_G","Strike_G"],"score":1160,"play_id":"1f92ce33-719a-4b1f-9a25-7e635017b462","local_time":"20210126194742","is_ascension_mode":true,"campfire_choices":[{"data":"Finisher","floor":6.0,"key":"SMITH"},{"data":"Cloak And Dagger","floor":15.0,"key":"SMITH"},{"data":"Burst","floor":25.0,"key":"SMITH"},{"floor":32.0,"key":"REST"}],"circlet_count":0,"master_deck":["AscendersBane","Strike_G+1","Strike_G","Strike_G+1","Strike_G","Defend_G","Defend_G","Defend_G","Survivor","Neutralize","Acrobatics","Finisher+1","Backflip","Cloak And Dagger+1","Burst+1","Dagger Throw","Well Laid Plans+1","Prepared","Die Die Die","Backflip","J.A.X.","Footwork+1","Blur","Expertise","Reflex","Terror","After Image+1"],"relics":["testmod-TestBox","HushsDoor","SteamSale","testmod-BatchProcessingSystem","WristBlade","MealTicket","Pen Nib","Frozen Egg 2","SacredBark","Chaos","Red Mask","BlankCard","Old Coin","Whetstone","Damocles"],"acts_visited":["Exordium","TheCity","TheBeyond"],"potions_floor_usage":[],"damage_taken":[{"damage":0.0,"enemies":"2 Louse","floor":1.0,"turns":3.0},{"damage":5.0,"enemies":"Jaw Worm","floor":2.0,"turns":4.0},{"damage":0.0,"enemies":"Cultist","floor":4.0,"turns":3.0},{"damage":14.0,"enemies":"3 Sentries","floor":8.0,"turns":8.0},{"damage":0.0,"enemies":"Gremlin Nob","floor":10.0,"turns":3.0},{"damage":0.0,"enemies":"Lots of Slimes","floor":12.0,"turns":3.0},{"damage":0.0,"enemies":"Looter","floor":14.0,"turns":2.0},{"damage":31.0,"enemies":"Hexaghost","floor":16.0,"turns":6.0},{"damage":8.0,"enemies":"Shell Parasite","floor":18.0,"turns":2.0},{"damage":4.0,"enemies":"3 Byrds","floor":21.0,"turns":4.0},{"damage":3.0,"enemies":"Masked Bandits","floor":23.0,"turns":2.0},{"damage":0.0,"enemies":"Book of Stabbing","floor":24.0,"turns":2.0},{"damage":3.0,"enemies":"Slavers","floor":27.0,"turns":3.0},{"damage":21.0,"enemies":"Snecko","floor":28.0,"turns":4.0},{"damage":28.0,"enemies":"Cultist and Chosen","floor":30.0,"turns":5.0},{"damage":0.0,"enemies":"Centurion and Healer","floor":31.0,"turns":3.0},{"damage":6.0,"enemies":"Champ","floor":33.0,"turns":3.0},{"damage":13,"enemies":"Orb Walker","floor":35,"turns":3}],"seed_played":"-1310143923183728512","potions_obtained":[{"floor":8.0,"key":"Strength Potion"},{"floor":10.0,"key":"LiquidMemories"},{"floor":12.0,"key":"Fire Potion"},{"floor":16.0,"key":"DistilledChaos"},{"floor":23.0,"key":"SkillPotion"},{"floor":27.0,"key":"Fire Potion"},{"floor":33.0,"key":"Strength Potion"}],"is_trial":false,"path_per_floor":["M","M","$","M","$","R","?","E","T","E","?","M","$","M","R","B",null,"M","?","$","M","?","?","E","R","T","E","M","?","M","M","R","B",null,"M"],"character_chosen":"THE_SILENT","items_purchased":["Cloak And Dagger","Well Laid Plans+1","Chaos","Damocles"],"campfire_rested":1,"item_purchase_floors":[5,13,20,34],"current_hp_per_floor":[59,54,54,54,54,54,54,40,40,40,40,40,55,55,55,24,56,48,48,63,59,59,56,56,56,56,53,32,32,4,4,23,17,43,30,30],"gold":544,"neow_bonus":"BOSS_RELIC","is_daily":false,"chose_seed":false,"campfire_upgraded":3,"win_rate":0.0,"timestamp":1611661662,"path_taken":["M","M","$","M","$","R","?","E","T","E","?","?","?","M","R","BOSS","M","?","$","M","?","?","E","R","T","E","M","?","?","M","R","BOSS","M"],"items_purchased_type":["Card","Card","Card","Relic"],"build_version":"2020-12-22","purchased_purges":2,"victory":false,"max_hp_per_floor":[66,66,66,66,66,66,66,66,66,66,66,66,66,66,66,66,66,66,66,66,66,66,66,66,66,66,66,66,66,66,66,66,66,51,51,51],"card_choices":[{"not_picked":["PiercingWail","Bouncing Flask"],"picked":"Acrobatics","floor":1.0},{"not_picked":["Escape Plan","Choke"],"picked":"Finisher","floor":2.0},{"not_picked":["Heel Hook","Bane"],"picked":"Backflip","floor":4.0},{"not_picked":["Poisoned Stab","Flying Knee"],"picked":"Burst","floor":8.0},{"not_picked":["Deadly Poison","Masterful Stab","Sucker Punch"],"picked":"SKIP","floor":10.0},{"not_picked":["Underhanded Strike","Dagger Spray"],"picked":"Dagger Throw","floor":12.0},{"not_picked":["Concentrate","Sucker Punch"],"picked":"Prepared","floor":14.0},{"not_picked":["Grand Finale","Corpse Explosion"],"picked":"Die Die Die","floor":16.0},{"not_picked":["Sucker Punch","Outmaneuver"],"picked":"Backflip","floor":18.0},{"not_picked":["Quick Slash","Acrobatics"],"picked":"Footwork+1","floor":21.0},{"not_picked":["Grand Finale","Well Laid Plans+1"],"picked":"Blur","floor":23.0},{"not_picked":["Setup","Riddle With Holes"],"picked":"Expertise","floor":24.0},{"not_picked":["Blur","Finisher"],"picked":"Reflex","floor":27.0},{"not_picked":["Prepared","Calculated Gamble","Crippling Poison"],"picked":"SKIP","floor":28.0},{"not_picked":["Prepared","Bane+1"],"picked":"Terror","floor":30.0},{"not_picked":["Deflect","Cloak And Dagger","Flying Knee"],"picked":"SKIP","floor":31.0},{"not_picked":["A Thousand Cuts+1","Die Die Die"],"picked":"After Image+1","floor":33.0}],"player_experience":291785,"relics_obtained":[{"floor":8.0,"key":"MealTicket"},{"floor":9.0,"key":"Pen Nib"},{"floor":10.0,"key":"Frozen Egg 2"},{"floor":23.0,"key":"Red Mask"},{"floor":24.0,"key":"BlankCard"},{"floor":27.0,"key":"Old Coin"}],"event_choices":[{"damage_healed":0.0,"max_hp_gain":0.0,"max_hp_loss":0.0,"gold_gain":0.0,"event_name":"给自己的盒子","player_choice":"Swap Relic","floor":7.0,"relics_lost":["NeowsBlessing"],"gold_loss":0.0,"damage_taken":0.0,"relics_obtained":["NeowsBlessing"]},{"cards_removed":["Defend_G"],"damage_healed":0.0,"max_hp_gain":0.0,"max_hp_loss":0.0,"gold_gain":0.0,"event_name":"The Cleric","player_choice":"Card Removal","floor":11.0,"gold_loss":75.0,"damage_taken":0.0},{"damage_healed":0.0,"max_hp_gain":0.0,"max_hp_loss":0.0,"gold_gain":0.0,"event_name":"Drug Dealer","player_choice":"Obtain J.A.X.","floor":19.0,"gold_loss":0.0,"damage_taken":0.0,"cards_obtained":["J.A.X."]},{"damage_healed":0.0,"max_hp_gain":0.0,"max_hp_loss":0.0,"gold_gain":0.0,"event_name":"Masked Bandits","player_choice":"Fought Bandits","floor":23.0,"gold_loss":0.0,"damage_taken":0.0},{"damage_healed":0.0,"max_hp_gain":0.0,"max_hp_loss":0.0,"gold_gain":0.0,"event_name":"The Mausoleum","player_choice":"Ignored","floor":29.0,"gold_loss":0.0,"damage_taken":0.0}],"is_beta":false,"boss_relics":[{"not_picked":["testmod-HarvestTotem","testmod-Fanaticism"],"picked":"SacredBark"},{"not_picked":[]},{"not_picked":["YumHeart","Sling"],"picked":"Whetstone"},{"not_picked":[]}],"items_purged_floors":[3,34],"is_endless":false,"potions_floor_spawned":[8,10,12,16,23,27,28,33],"killed_by":"Orb Walker","ascension_level":20}}