{"host":"8srk5r1dwtmjotwd","time":1611627702,"event":{"mods":["AchievementEnabler","Act Like it!","BaseMod","Beaked The Cultist","Bestiary","Better Note","Better Third Choice","Colored Map","Colored Powertips","Friendly Minions","GifTheSpireLib","Halation","Hallownest","Hermit","Hubris","Minty Spire (QoL Compilation)","Quick Restart","Rare Cards Sparkle","Replay The Spire","Robot Space Explorer","Shop Mod","StSLib","SuperFastMode","Synergy Search","The Bug Knight","The Construct","The Cursed","The Jungle","The Servant 0.9.4","Thieving Mod","Yohane!","everything is the same but u backflip on backflip","slay the spire mod where everything is the same but ironclad has a cowboy hat"],"gold_per_floor":[112,128,25,44,64,64,80,80,103,131,143,212,224,236,248,260,260],"floor_reached":16,"language":"ENG","playtime":671,"items_purged":[],"score":92,"play_id":"3df8e28a-7d9f-4464-85bd-7799127eb8a0","local_time":"20210125212142","is_ascension_mode":false,"campfire_choices":[{"data":"Spot Weakness","floor":6,"key":"SMITH"},{"data":"Massacre","floor":8,"key":"SMITH"},{"data":"Discovery","floor":13,"key":"SMITH"},{"floor":15,"key":"DIG"}],"circlet_count":0,"master_deck":["Strike_R","Strike_R","Strike_R","Strike_R","Strike_R","Defend_R","Defend_R","Defend_R","Defend_R","Bash","Discovery+1","Spot Weakness+1","Perfected Strike+1","Massacre+1","Run Through","Pot Of Greed","Pot Of Greed"],"relics":["Burning Blood","MawBank","Grinning Jar","Replay:Rubber Ducky"],"acts_visited":["Exordium"],"potions_floor_usage":[5,5,12,12],"damage_taken":[{"damage":6,"enemies":"Cultist","floor":1,"turns":3},{"damage":14,"enemies":"Small Slimes","floor":2,"turns":3},{"damage":11,"enemies":"Jaw Worm","floor":4,"turns":2},{"damage":7,"enemies":"Looter","floor":5,"turns":2},{"damage":6,"enemies":"2 Fungi Beasts","floor":7,"turns":2},{"damage":4,"enemies":"Gremlin Gang","floor":10,"turns":2},{"damage":16,"enemies":"Gremlin Nob","floor":12,"turns":3},{"damage":58,"enemies":"The Guardian","floor":16,"turns":9}],"seed_played":"-3885838798716811904","potions_obtained":[{"floor":2,"key":"Weak Potion"},{"floor":7,"key":"BlessingOfTheForge"},{"floor":10,"key":"SteroidPotion"}],"is_trial":false,"path_per_floor":["M","M","$","M","M","R","M","R","T","M","$","?","R","?","R_BF","B"],"character_chosen":"IRONCLAD","items_purchased":["Perfected Strike","ColorlessPotion"],"campfire_rested":0,"item_purchase_floors":[3,3],"current_hp_per_floor":[80,72,72,67,66,66,66,66,66,68,68,58,58,58,58,0,0],"gold":260,"neow_bonus":"RANDOM_COLORLESS","is_daily":false,"chose_seed":false,"campfire_upgraded":3,"win_rate":0.0,"timestamp":1611627702,"path_taken":["M","M","?","M","M","R","M","R","T","?","$","?","R","?","R_BF","BOSS"],"items_purchased_type":["Card","Potion"],"build_version":"2020-12-22","purchased_purges":0,"victory":false,"max_hp_per_floor":[80,80,80,80,80,80,80,80,80,80,80,80,80,80,80,80,80],"card_choices":[{"not_picked":["Madness","Replay:Parry"],"picked":"Discovery","floor":0},{"not_picked":["Warcry","ReplayTheSpireMod:Muscle Training"],"picked":"Spot Weakness","floor":1},{"not_picked":["Disarm","Clothesline","Body Slam"],"picked":"SKIP","floor":2},{"not_picked":["Headbutt","Warcry"],"picked":"Massacre","floor":4},{"not_picked":["ReplayTheSpireMod:Limb From Limb","Defy Death","Entrench"],"picked":"SKIP","floor":5},{"not_picked":["Thunderclap","Dual Wield"],"picked":"Run Through","floor":7},{"not_picked":["Impervious","Metallicize","Havoc"],"picked":"SKIP","floor":10}],"player_experience":61199,"relics_obtained":[{"floor":9,"key":"MawBank"},{"floor":15,"key":"Replay:Rubber Ducky"}],"event_choices":[{"damage_healed":0,"gold_gain":0,"player_choice":"Searched \u00272\u0027 times","damage_taken":0,"relics_obtained":["Grinning Jar"],"max_hp_gain":0,"max_hp_loss":0,"event_name":"Dead Adventurer","floor":12,"gold_loss":0},{"damage_healed":0,"gold_gain":0,"player_choice":"Grow","damage_taken":0,"max_hp_gain":0,"max_hp_loss":0,"event_name":"Living Wall","floor":14,"gold_loss":0,"cards_upgraded":["Perfected Strike"]}],"is_beta":false,"boss_relics":[],"items_purged_floors":[],"is_endless":false,"potions_floor_spawned":[2,7,10],"killed_by":"The Guardian","ascension_level":0}}