{"host":"xzs0zn90k7985nxl","time":1611691849,"event":{"mods":["BaseMod","Better Third Choice","Block Reminder","Minty Spire (QoL Compilation)","Replay The Spire","Ryuuou??","StSLib"],"gold_per_floor":[118,134,84,101,120,155,330,330,356,356,372,405,405,418,418,515,565,577,577,596,536,564,590,606,606,606,606,606,634,634,86,86,187,187,222,222,254,265,365,392,392,403,403,403,403,403],"floor_reached":45,"language":"ENG","playtime":4247,"items_purged":["Looming Evil"],"score":591,"play_id":"78fc8eb6-1284-43cd-8b06-e9560a7ffd67","local_time":"20210126151049","is_ascension_mode":false,"campfire_choices":[{"data":"Hemogenesis","floor":8,"key":"SMITH"},{"data":"Cleave","floor":10,"key":"SMITH"},{"data":"True Grit","floor":15,"key":"SMITH"},{"data":"ReplayTheSpireMod:Limb From Limb","floor":25,"key":"SMITH"},{"data":"Ghostly","floor":28,"key":"SMITH"},{"floor":32,"key":"RECALL"},{"data":"Shrug It Off","floor":41,"key":"SMITH"}],"circlet_count":0,"master_deck":["Strike_R+1","Strike_R+1","Strike_R+1","Strike_R+1","Defend_R+1","Defend_R+1","Defend_R+1","Bash+1","Thunderclap+1","Cleave+1","Clothesline+1","Headbutt+1","Hemogenesis+1","Doubt","Feel No Pain+1","True Grit+1","Offering+1","Double Tap+1","Infernal Blade+1","Defy Death+1","ReplayTheSpireMod:Limb From Limb+1","Warcry+1","Rage+1","Ghostly+1","Ghostly+1","Ghostly+1","Ghostly+1","Ghostly+1","Dropkick+1","Corruption+1","Replay:Many Hands+1","Spot Weakness+1","Shrug It Off+1","Dramatic Entrance"],"relics":["Ooze Armor","Bag of Preparation","Orichalcum","Art of War","Tiny House","betterThird:NestCultRelic","Red Mask","Juzu Bracelet","FossilizedHelix","Ring of Hypnosis","ReplayTheSpireMod:Ring of Challenge","Charon\u0027s Ashes","Mark of the Bloom","PreservedInsect","Frozen Egg 2"],"acts_visited":["Exordium","TheCity","TheBeyond"],"potions_floor_usage":[12,16,22,23,24,33,40,40,42],"damage_taken":[{"damage":0,"enemies":"2 Louse","floor":1,"turns":3},{"damage":0,"enemies":"Small Slimes","floor":2,"turns":3},{"damage":6,"enemies":"Jaw Worm","floor":4,"turns":2},{"damage":1,"enemies":"2 Fungi Beasts","floor":5,"turns":2},{"damage":15,"enemies":"Lagavulin","floor":6,"turns":5},{"damage":4,"enemies":"3 Louse","floor":11,"turns":2},{"damage":15,"enemies":"Gremlin Nob","floor":12,"turns":4},{"damage":4,"enemies":"Looter","floor":14,"turns":3},{"damage":51,"enemies":"Fading Forest","floor":16,"turns":11},{"damage":11,"enemies":"3 Byrds","floor":18,"turns":6},{"damage":20,"enemies":"Spheric Guardian","floor":20,"turns":6},{"damage":16,"enemies":"Masked Bandits","floor":22,"turns":3},{"damage":16,"enemies":"Replay:Snechameleon","floor":23,"turns":7},{"damage":9,"enemies":"Snake Plant","floor":24,"turns":4},{"damage":1,"enemies":"Gremlin Leader","floor":29,"turns":6},{"damage":8,"enemies":"Collector","floor":33,"turns":8},{"damage":9,"enemies":"3 Shapes","floor":35,"turns":2},{"damage":0,"enemies":"Orb Walker","floor":37,"turns":4},{"damage":0,"enemies":"Maw","floor":38,"turns":7},{"damage":26,"enemies":"Nemesis","floor":40,"turns":9},{"damage":0,"enemies":"Writhing Mass","floor":42,"turns":5},{"damage":8,"enemies":"3 Darklings","floor":45,"turns":2}],"seed_played":"-968910251559139853","potions_obtained":[{"floor":1,"key":"Elixir"},{"floor":2,"key":"ColorlessPotion"},{"floor":11,"key":"GamblersBrew"},{"floor":12,"key":"EssenceOfSteel"},{"floor":17,"key":"EssenceOfSteel"},{"floor":23,"key":"Dexterity Potion"},{"floor":24,"key":"Elixir"},{"floor":29,"key":"FearPotion"},{"floor":38,"key":"FearPotion"}],"is_trial":false,"path_per_floor":["M","M","?","M","M","E","?","R","T","R","M","E","?","M","R","B",null,"M","?","M","?","?","E","M","R","T","?","R","E","?","$","R","B",null,"M","?","M","M","?","E","R","M","T","?","M"],"character_chosen":"IRONCLAD","items_purchased":["Charon\u0027s Ashes","Corruption"],"campfire_rested":0,"item_purchase_floors":[31,31],"current_hp_per_floor":[80,80,80,74,73,58,58,58,58,58,62,47,40,44,44,26,85,82,82,71,71,63,58,57,57,57,42,42,41,41,41,41,42,42,33,33,33,33,33,7,7,7,7,7,0,0],"gold":403,"neow_bonus":"BOSS_RELIC","is_daily":false,"chose_seed":false,"campfire_upgraded":6,"win_rate":0.0,"timestamp":1611691849,"path_taken":["M","M","?","M","M","E","?","R","T","R","M","E","?","?","R","BOSS","M","?","M","?","?","E","M","R","T","?","R","E","?","$","R","BOSS","M","?","M","M","?","E","R","M","T","?","M"],"items_purchased_type":["Relic","Card"],"build_version":"2020-12-22","purchased_purges":1,"victory":false,"max_hp_per_floor":[80,80,80,80,80,80,80,80,80,80,80,80,80,80,80,80,85,85,85,85,85,85,85,85,85,85,42,42,42,42,42,42,42,42,42,42,42,42,42,42,42,42,42,42,42,42],"card_choices":[{"not_picked":["Metallicize","Inflame"],"picked":"Thunderclap","floor":1},{"not_picked":["Shockwave","Replay:Undeath\u0027s Touch"],"picked":"Cleave","floor":2},{"not_picked":["Replay:Undeath\u0027s Touch","Body Slam"],"picked":"Clothesline","floor":4},{"not_picked":["Clash","Sword Boomerang"],"picked":"Headbutt","floor":5},{"not_picked":["Body Slam","Armaments"],"picked":"Hemogenesis","floor":6},{"not_picked":["Armaments","Wild Strike"],"picked":"Feel No Pain","floor":11},{"not_picked":["Shrug It Off","Sever Soul"],"picked":"True Grit","floor":12},{"not_picked":["ReplayTheSpireMod:Strike From Hell","Uppercut"],"picked":"Offering","floor":14},{"not_picked":["Immolate","Corruption"],"picked":"Double Tap","floor":16},{"not_picked":["Armaments","True Grit"],"picked":"Infernal Blade","floor":17},{"not_picked":["Entrench+1","Clash"],"picked":"Defy Death+1","floor":18},{"not_picked":["Thunderclap","Replay:Undeath\u0027s Touch"],"picked":"ReplayTheSpireMod:Limb From Limb","floor":20},{"not_picked":["Iron Wave","Uppercut"],"picked":"Warcry","floor":23},{"not_picked":["Clash+1","Intimidate+1"],"picked":"Rage","floor":24},{"not_picked":["Corruption","Disarm"],"picked":"Dropkick","floor":29},{"not_picked":["Brutality","Hemogenesis"],"picked":"Replay:Many Hands","floor":33},{"not_picked":["Cleave+1","Combust+1"],"picked":"Spot Weakness","floor":35},{"not_picked":["Run Through","Carnage+1","ReplayTheSpireMod:Strike From Hell"],"picked":"SKIP","floor":37},{"not_picked":["Ghostly Armor+1","Flex","Sword Boomerang+1"],"picked":"SKIP","floor":38},{"not_picked":["Warcry+1","Wild Strike+1"],"picked":"Shrug It Off","floor":40},{"not_picked":["Bludgeon","Cleave+1","Armaments+1"],"picked":"SKIP","floor":42},{"not_picked":["Replay:Sssssssssstrike","Blind"],"picked":"Dramatic Entrance","floor":44}],"player_experience":325685,"relics_obtained":[{"floor":6,"key":"Bag of Preparation"},{"floor":9,"key":"Orichalcum"},{"floor":12,"key":"Art of War"},{"floor":22,"key":"Red Mask"},{"floor":23,"key":"Juzu Bracelet"},{"floor":29,"key":"FossilizedHelix"},{"floor":30,"key":"Ring of Hypnosis"},{"floor":30,"key":"ReplayTheSpireMod:Ring of Challenge"},{"floor":40,"key":"PreservedInsect"},{"floor":43,"key":"Frozen Egg 2"}],"event_choices":[{"cards_removed":["Defend_R"],"damage_healed":0,"gold_gain":0,"player_choice":"Card Removal","damage_taken":0,"max_hp_gain":0,"max_hp_loss":0,"event_name":"The Cleric","floor":3,"gold_loss":50},{"damage_healed":0,"gold_gain":175,"player_choice":"AGREE","damage_taken":155,"max_hp_gain":0,"max_hp_loss":0,"event_name":"betterThird:BetterSerpent","floor":7,"gold_loss":0},{"cards_removed":["Strike_R"],"damage_healed":0,"gold_gain":0,"player_choice":"Card Removal","damage_taken":7,"max_hp_gain":0,"max_hp_loss":0,"event_name":"Golden Wing","floor":13,"gold_loss":0},{"damage_healed":0,"gold_gain":0,"player_choice":"Madness","damage_taken":0,"relics_obtained":["betterThird:NestCultRelic"],"max_hp_gain":0,"max_hp_loss":0,"event_name":"betterThird:BetterNest","floor":19,"gold_loss":0},{"damage_healed":0,"gold_gain":0,"player_choice":"Fought Bandits","damage_taken":0,"max_hp_gain":0,"max_hp_loss":0,"event_name":"Masked Bandits","floor":22,"gold_loss":0},{"damage_healed":0,"gold_gain":0,"player_choice":"Became a Ghost","damage_taken":0,"max_hp_gain":0,"max_hp_loss":43,"event_name":"Ghosts","floor":27,"gold_loss":0,"cards_obtained":["Ghostly","Ghostly","Ghostly","Ghostly","Ghostly"]},{"damage_healed":0,"gold_gain":0,"player_choice":"Upgrade","damage_taken":0,"relics_obtained":["Mark of the Bloom"],"max_hp_gain":0,"max_hp_loss":0,"event_name":"MindBloom","floor":36,"gold_loss":0,"cards_upgraded":["Strike_R","Strike_R","Strike_R","Defend_R","Defend_R","Defend_R","Bash","Thunderclap","Clothesline","Headbutt","Feel No Pain","Offering","Double Tap","Infernal Blade","Warcry","Rage","Ghostly","Ghostly","Ghostly","Ghostly","Dropkick","Corruption","Replay:Many Hands","Spot Weakness"]},{"damage_healed":0,"gold_gain":0,"player_choice":"Ignored","damage_taken":0,"max_hp_gain":0,"max_hp_loss":0,"event_name":"Ryuuou:Expiration_R","floor":39,"gold_loss":0},{"damage_healed":0,"gold_gain":0,"player_choice":"Memory 1","damage_taken":0,"max_hp_gain":0,"max_hp_loss":0,"event_name":"SensoryStone","floor":44,"gold_loss":0}],"is_beta":false,"boss_relics":[{"not_picked":["Replay:Wanted Poster","Calling Bell"],"picked":"Tiny House"},{"not_picked":["Mark of Pain","Electric Blood","Runic Dome"]}],"items_purged_floors":[31],"is_endless":false,"potions_floor_spawned":[1,2,11,12,23,24,29,38],"killed_by":"3 Darklings","ascension_level":0}}