{"host":"qekv59dthhdg54sz","time":1611660004,"event":{"mods":["AchievementEnabler","BaseMod","Colored Map","DeckTracker","KOR Keyword Fix","Minty Spire (QoL Compilation)","Rare Cards Sparkle","StSLib","SuperFastMode"],"gold_per_floor":[112,131,149,164,176,176,198,198,223,255,255,290,48,79,79,176,176,194,109,34,34,34,34,34,66,66,81,116,133,133,33,33,137,137,151,168,18,30,30,58,58,91,91,91,122,122,141,16,16,16],"floor_reached":51,"language":"KOR","playtime":1512,"items_purged":["Strike_R","Strike_R","Strike_R"],"score":1276,"play_id":"c4fca1b2-4be8-4465-8943-d670085d6f93","local_time":"20210126202004","is_ascension_mode":true,"campfire_choices":[{"data":"Apotheosis","floor":6.0,"key":"SMITH"},{"data":"Whirlwind","floor":8.0,"key":"SMITH"},{"data":"Demon Form","floor":11.0,"key":"SMITH"},{"floor":15.0,"key":"REST"},{"floor":23.0,"key":"REST"},{"floor":30,"key":"REST"},{"floor":32,"key":"RECALL"},{"floor":46,"key":"REST"},{"floor":49,"key":"REST"}],"circlet_count":0,"master_deck":["AscendersBane","Defend_R","Defend_R+1","Defend_R","Bash","Apotheosis+1","Whirlwind+1","Shrug It Off","Shrug It Off+1","Bloodletting","Demon Form+1","Reaper","Pommel Strike","RitualDagger","Reaper","Double Tap+1","Spot Weakness+1","Shrug It Off+1"],"relics":["Burning Blood","Odd Mushroom","War Paint","Bag of Marbles","Art of War","Bottled Lightning","Nunchaku","Fusion Hammer","Frozen Egg 2","Blood Vial","Toxic Egg 2","Lantern","Runic Pyramid","Red Skull","Turnip","Dream Catcher","Ancient Tea Set"],"acts_visited":["Exordium","TheCity","TheBeyond"],"potions_floor_usage":[28,39,50],"damage_taken":[{"damage":3.0,"enemies":"Jaw Worm","floor":1.0,"turns":5.0},{"damage":8.0,"enemies":"2 Louse","floor":2.0,"turns":4.0},{"damage":1.0,"enemies":"Small Slimes","floor":3.0,"turns":3.0},{"damage":13.0,"enemies":"Gremlin Gang","floor":4.0,"turns":4.0},{"damage":0.0,"enemies":"Large Slime","floor":5.0,"turns":6.0},{"damage":8.0,"enemies":"The Mushroom Lair","floor":7.0,"turns":5.0},{"damage":36.0,"enemies":"Gremlin Nob","floor":10.0,"turns":5.0},{"damage":19.0,"enemies":"3 Sentries","floor":12.0,"turns":4.0},{"damage":19.0,"enemies":"Gremlin Nob","floor":14.0,"turns":3.0},{"damage":17.0,"enemies":"The Guardian","floor":16.0,"turns":11.0},{"damage":0.0,"enemies":"3 Byrds","floor":18.0,"turns":4.0},{"damage":36.0,"enemies":"Gremlin Leader","floor":25.0,"turns":4.0},{"damage":9,"enemies":"2 Thieves","floor":27,"turns":4},{"damage":29,"enemies":"Book of Stabbing","floor":28,"turns":5},{"damage":15,"enemies":"Sentry and Sphere","floor":29,"turns":8},{"damage":36,"enemies":"Champ","floor":33,"turns":10},{"damage":25,"enemies":"3 Darklings","floor":35,"turns":6},{"damage":16,"enemies":"Orb Walker","floor":36,"turns":4},{"damage":12,"enemies":"Spire Growth","floor":38,"turns":4},{"damage":0,"enemies":"Maw","floor":39,"turns":4},{"damage":40,"enemies":"Giant Head","floor":40,"turns":7},{"damage":40,"enemies":"Reptomancer","floor":42,"turns":5},{"damage":11,"enemies":"Giant Head","floor":45,"turns":5},{"damage":14,"enemies":"Jaw Worm Horde","floor":47,"turns":5},{"damage":68,"enemies":"Time Eater","floor":50,"turns":7}],"seed_played":"-8328031340827563708","potions_obtained":[{"floor":3.0,"key":"SkillPotion"},{"floor":4.0,"key":"BlessingOfTheForge"},{"floor":25.0,"key":"PowerPotion"},{"floor":33,"key":"SmokeBomb"},{"floor":40,"key":"SmokeBomb"},{"floor":47,"key":"ElixirPotion"}],"is_trial":false,"path_per_floor":["M","M","M","M","M","R","?","R","T","E","R","E","$","E","R","B",null,"M","?","$","?","?","R","?","E","T","M","E","M","R","$","R","B",null,"M","M","$","M","M","E","?","E","T","?","E","R","M","$","R","B",null],"character_chosen":"IRONCLAD","items_purchased":["Bottled Lightning","Double Tap+1"],"campfire_rested":5,"item_purchase_floors":[13,37],"current_hp_per_floor":[72,70,72,65,71,71,69,69,69,39,39,26,26,13,34,23,60,72,72,72,72,66,72,72,42,42,57,55,62,72,72,72,42,65,72,72,72,72,72,72,72,72,72,72,72,72,72,72,72,67],"gold":16,"neow_bonus":"RANDOM_COLORLESS_2","is_daily":false,"chose_seed":false,"campfire_upgraded":3,"win_rate":0.0,"timestamp":1611660004,"path_taken":["M","M","M","M","M","R","?","R","T","E","R","E","$","E","R","BOSS","M","?","$","?","?","R","?","E","T","M","E","M","R","$","R","BOSS","M","?","$","M","M","E","?","E","T","?","E","R","?","?","R","BOSS"],"items_purchased_type":["Relic","Card"],"build_version":"2020-12-22","purchased_purges":3,"victory":true,"max_hp_per_floor":[72,72,72,72,72,72,72,72,72,72,72,72,72,72,72,72,72,72,72,72,72,72,72,72,72,72,72,72,72,72,72,72,72,72,72,72,72,72,72,72,72,72,72,72,72,72,72,72,72,72],"card_choices":[{"not_picked":["Master of Strategy","HandOfGreed"],"picked":"Apotheosis","floor":0.0},{"not_picked":["Pommel Strike","Hemokinesis"],"picked":"Whirlwind","floor":1.0},{"not_picked":["Twin Strike","Thunderclap"],"picked":"Shrug It Off","floor":2.0},{"not_picked":["Warcry","Pommel Strike"],"picked":"Shrug It Off","floor":3.0},{"not_picked":["Twin Strike","Anger","Heavy Blade"],"picked":"SKIP","floor":4.0},{"not_picked":["Clothesline","Twin Strike"],"picked":"Bloodletting","floor":5.0},{"not_picked":["Seeing Red","Uppercut"],"picked":"Demon Form","floor":7.0},{"not_picked":["Clash","Cleave","Carnage"],"picked":"SKIP","floor":10.0},{"not_picked":["Rage","Thunderclap","Havoc"],"picked":"SKIP","floor":12.0},{"not_picked":["Searing Blow","Clothesline","Armaments"],"picked":"SKIP","floor":14.0},{"not_picked":["Impervious","Brutality"],"picked":"Reaper","floor":16.0},{"not_picked":["Dropkick","Pommel Strike","Perfected Strike"],"picked":"SKIP","floor":18.0},{"not_picked":["Disarm","Barricade+1","Cleave"],"picked":"SKIP","floor":25.0},{"not_picked":["Thunderclap","Anger","Perfected Strike"],"picked":"SKIP","floor":27},{"not_picked":["Iron Wave+1","Flex+1","Armaments+1"],"picked":"SKIP","floor":28},{"not_picked":["Clash","True Grit+1","Reaper"],"picked":"SKIP","floor":29},{"not_picked":["Juggernaut+1","Fiend Fire"],"picked":"Reaper","floor":33},{"not_picked":["Warcry+1","Heavy Blade","Evolve+1"],"picked":"SKIP","floor":35},{"not_picked":["Rampage+1","Reckless Charge","Pummel"],"picked":"SKIP","floor":36},{"not_picked":["Bloodletting+1","Rupture+1","Dual Wield+1"],"picked":"SKIP","floor":38},{"not_picked":["Pommel Strike+1","Sword Boomerang","Twin Strike"],"picked":"SKIP","floor":40},{"not_picked":["Dual Wield+1","True Grit+1"],"picked":"Spot Weakness+1","floor":42},{"not_picked":["Bludgeon","Rage+1"],"picked":"Shrug It Off+1","floor":45},{"not_picked":["True Grit+1","Clothesline+1","Pommel Strike"],"picked":"SKIP","floor":47}],"player_experience":849143,"relics_obtained":[{"floor":7.0,"key":"Odd Mushroom"},{"floor":9.0,"key":"War Paint"},{"floor":10.0,"key":"Bag of Marbles"},{"floor":12.0,"key":"Art of War"},{"floor":14.0,"key":"Nunchaku"},{"floor":25.0,"key":"Blood Vial"},{"floor":26.0,"key":"Toxic Egg 2"},{"floor":28,"key":"Lantern"},{"floor":40,"key":"Red Skull"},{"floor":42,"key":"Turnip"},{"floor":43,"key":"Dream Catcher"},{"floor":45,"key":"Ancient Tea Set"}],"event_choices":[{"damage_healed":0.0,"max_hp_gain":0.0,"max_hp_loss":0.0,"gold_gain":0.0,"event_name":"Mushrooms","player_choice":"Fought Mushrooms","floor":7.0,"gold_loss":0.0,"damage_taken":0.0},{"damage_healed":0.0,"max_hp_gain":0.0,"max_hp_loss":0.0,"gold_gain":0.0,"event_name":"Addict","player_choice":"Obtained Relic","floor":19.0,"gold_loss":85.0,"damage_taken":0.0,"relics_obtained":["Frozen Egg 2"]},{"damage_healed":0.0,"max_hp_gain":0.0,"max_hp_loss":0.0,"gold_gain":0.0,"cards_transformed":["Strike_R","Strike_R"],"event_name":"Drug Dealer","player_choice":"Became Test Subject","floor":21.0,"gold_loss":0.0,"damage_taken":0.0,"cards_obtained":["Havoc","Pommel Strike"]},{"damage_healed":0.0,"max_hp_gain":0.0,"max_hp_loss":0.0,"gold_gain":0.0,"event_name":"Nest","player_choice":"Joined the Cult","floor":22.0,"gold_loss":0.0,"damage_taken":6.0,"cards_obtained":["RitualDagger"]},{"cards_removed":["Havoc"],"damage_healed":0.0,"max_hp_gain":0.0,"max_hp_loss":0.0,"gold_gain":0.0,"event_name":"Purifier","player_choice":"Purged","floor":24.0,"gold_loss":0.0,"damage_taken":0.0},{"cards_removed":["Defend_R"],"damage_healed":0,"gold_gain":0,"player_choice":"Removed Skill","damage_taken":0,"max_hp_gain":0,"max_hp_loss":0,"event_name":"Falling","floor":41,"gold_loss":0},{"damage_healed":0,"gold_gain":0,"player_choice":"Ignored","damage_taken":0,"max_hp_gain":0,"max_hp_loss":0,"event_name":"SecretPortal","floor":44,"gold_loss":0}],"is_beta":false,"boss_relics":[{"not_picked":["Velvet Choker","Mark of Pain"],"picked":"Fusion Hammer"},{"not_picked":["Sozu","Pandora\u0027s Box"],"picked":"Runic Pyramid"}],"items_purged_floors":[20,31,48],"is_endless":false,"potions_floor_spawned":[3,4,5,12,25,27,33,40,42,47],"ascension_level":12}}