{"host":"8srk5r1dwtmjotwd","time":1611692935,"event":{"mods":["AchievementEnabler","Act Like it!","BaseMod","Beaked The Cultist","Bestiary","Better Note","Better Third Choice","Colored Map","Colored Powertips","Friendly Minions","GifTheSpireLib","Halation","Hallownest","Hermit","Hubris","Minty Spire (QoL Compilation)","Quick Restart","Rare Cards Sparkle","Replay The Spire","Shop Mod","StSLib","SuperFastMode","Synergy Search","The Bug Knight","The Construct","The Cursed","The Jungle","Thieving Mod","Yohane!","everything is the same but u backflip on backflip","slay the spire mod where everything is the same but ironclad has a cowboy hat"],"gold_per_floor":[109,109,129,147,147,147,147,160,160,175,0,12,22,39,39,134,134,150,150,165,165,165,165,165],"floor_reached":23,"language":"ENG","playtime":1400,"items_purged":["Abandon"],"score":244,"play_id":"69326455-8859-4334-a9fe-96a125dcd07f","local_time":"20210126152855","is_ascension_mode":true,"campfire_choices":[{"data":"Feed","floor":6.0,"key":"SMITH"},{"data":"hubris:ReadiedAction","floor":15.0,"key":"SMITH"}],"circlet_count":0,"master_deck":["Strike_R","Strike_R","Strike_R","Strike_R","Strike_R+1","Defend_R","Defend_R","Defend_R","Bash+1","hubris:ReadiedAction+1","Heavy Blade","Feed+1","Parasite","Replay:Undeath\u0027s Touch","Feed","Intimidate","ReplayTheSpireMod:Stacked"],"relics":["Black Blood","NeowsBlessing","halation:EternalFortune","Pantograph","Whetstone","MutagenicStrength"],"acts_visited":["Exordium","TheCity"],"potions_floor_usage":[16,16],"damage_taken":[{"damage":0.0,"enemies":"Small Slimes","floor":1.0,"turns":1.0},{"damage":0.0,"enemies":"2 Louse","floor":3.0,"turns":1.0},{"damage":0.0,"enemies":"Cultist","floor":4.0,"turns":1.0},{"damage":7.0,"enemies":"3 Louse","floor":8.0,"turns":3.0},{"damage":15.0,"enemies":"Looter","floor":10.0,"turns":3.0},{"damage":0.0,"enemies":"2 Fungi Beasts","floor":12.0,"turns":2.0},{"damage":23.0,"enemies":"Exordium Thugs","floor":13.0,"turns":5.0},{"damage":14.0,"enemies":"Large Slime","floor":14.0,"turns":7.0},{"damage":91,"enemies":"Fading Forest","floor":16,"turns":11},{"damage":52,"enemies":"Spheric Guardian","floor":18,"turns":6},{"damage":30,"enemies":"2 Thieves","floor":20,"turns":5},{"damage":26,"enemies":"Gremlin Leader","floor":23,"turns":5}],"seed_played":"8713196109930809676","potions_obtained":[{"floor":1.0,"key":"FearPotion"},{"floor":3.0,"key":"SteroidPotion"},{"floor":13.0,"key":"Energy Potion"}],"is_trial":false,"path_per_floor":["M","?","M","M","?","R","?","M","T","M","$","M","M","M","R","B",null,"M","T","M","$","?","E"],"character_chosen":"IRONCLAD","items_purchased":["ColorlessPotion","Explosive Potion"],"campfire_rested":0,"item_purchase_floors":[11,11],"current_hp_per_floor":[80,80,80,80,83,83,83,86,86,77,77,86,73,69,69,17,98,65,65,54,54,54,28,28],"gold":165,"neow_bonus":"THREE_ENEMY_KILL","is_daily":false,"chose_seed":false,"campfire_upgraded":2,"win_rate":0.0,"timestamp":1611692935,"path_taken":["M","?","M","M","?","R","?","M","T","M","?","M","M","M","R","BOSS","M","?","M","$","?","E"],"items_purchased_type":["Potion","Potion"],"build_version":"2020-12-22","purchased_purges":1,"victory":false,"max_hp_per_floor":[80,80,80,80,83,83,83,87,87,87,87,90,94,98,98,98,98,105,105,112,112,112,112,112],"card_choices":[{"not_picked":["Evolve","Thunderclap"],"picked":"hubris:ReadiedAction","floor":1.0},{"not_picked":["Abandon","Shrug It Off"],"picked":"Heavy Blade","floor":3.0},{"not_picked":["hubris:ReadiedAction","ReplayTheSpireMod:Corrosion Curse"],"picked":"Feed","floor":4.0},{"not_picked":["Run Through","Armaments","Iron Wave"],"picked":"SKIP","floor":8.0},{"not_picked":["Anger","Iron Wave"],"picked":"Replay:Undeath\u0027s Touch","floor":10.0},{"not_picked":["Wild Strike","Warcry","Power Through"],"picked":"SKIP","floor":12.0},{"not_picked":["ReplayTheSpireMod:Muscle Training","Iron Wave","Searing Blow"],"picked":"SKIP","floor":13.0},{"not_picked":["hubris:ReadiedAction","Disarm","Warcry"],"picked":"SKIP","floor":14.0},{"not_picked":["Juggernaut","Corruption"],"picked":"Feed","floor":16},{"not_picked":["Battle Trance","hubris:ReadiedAction"],"picked":"Intimidate","floor":18},{"not_picked":["Havoc+1","ReplayTheSpireMod:Strike From Hell"],"picked":"ReplayTheSpireMod:Stacked","floor":20}],"player_experience":63513,"relics_obtained":[{"floor":9.0,"key":"Pantograph"},{"floor":12.0,"key":"halation:EternalFortune"},{"floor":18,"key":"halation:EternalFortune"},{"floor":19,"key":"Whetstone"}],"event_choices":[{"damage_healed":0.0,"max_hp_gain":0.0,"max_hp_loss":0.0,"gold_gain":0.0,"cards_transformed":["Defend_R"],"event_name":"Living Wall","player_choice":"Change","floor":2.0,"gold_loss":0.0,"damage_taken":0.0,"cards_obtained":["Abandon"]},{"damage_healed":20.0,"max_hp_gain":0.0,"max_hp_loss":0.0,"gold_gain":0.0,"event_name":"Mushrooms","player_choice":"Healed and dodged fight","floor":7.0,"gold_loss":0.0,"damage_taken":0.0,"cards_obtained":["Parasite"]},{"damage_healed":0,"gold_gain":0,"player_choice":"Inject Mutagens","damage_taken":0,"relics_obtained":["MutagenicStrength"],"max_hp_gain":0,"max_hp_loss":0,"event_name":"Drug Dealer","floor":22,"gold_loss":0}],"is_beta":false,"boss_relics":[{"not_picked":["SlaversCollar","ReplayTheSpireMod:DimensionalGlitch"],"picked":"Black Blood"}],"items_purged_floors":[11],"is_endless":false,"potions_floor_spawned":[1,3,13],"killed_by":"Gremlin Leader","ascension_level":1}}