{"host":"yq2wmfr0u0wuvxc0","time":1611622733,"event":{"mods":["Act Like it!","Aspiration","BaseMod","Curses Come First","Downfall","Friendly Minions","Gensokyo","Hero for Fun","Hubris","Infinite Spire","Marisa????????","Minty Spire (QoL Compilation)","Pale of the Ancients","Remilia??????","Shop Mod","StSLib","The Servant 0.9.4","Wide Potions"],"gold_per_floor":[116,132,132,150,4,4,35,35,87,87,106,122,135,210,210,315,315,285,285,304,194,210,210,210,210],"floor_reached":24,"language":"ZHS","playtime":1167,"items_purged":["Pain"],"score":317,"play_id":"4f12ca79-d8ae-4f1f-96f2-e824b5a57e12","local_time":"20210125165853","is_ascension_mode":true,"campfire_choices":[{"data":"Cloak And Dagger","floor":6,"key":"SMITH"},{"floor":15,"key":"REST"},{"data":"Prepared","floor":23,"key":"SMITH"}],"circlet_count":0,"master_deck":["AscendersBane","Strike_G","Strike_G","Strike_G","Strike_G","Strike_G","Defend_G","Defend_G","Defend_G","Defend_G","Defend_G","Survivor","Neutralize+1","Backflip","Cloak And Dagger+1","Reflex","PiercingWail","Acrobatics","Blade Dance","A Thousand Cuts","downfall:Haunted","downfall:Haunted","Prepared+1","After Image","Footwork","Decay","Underhanded Strike+1","hubris:Sniper"],"relics":["Ring of the Snake","CultistMask","Orrery","hubris:ToyBattleship","Potion Belt","Du-Vu Doll","aspiration:RitualDagger"],"acts_visited":["Exordium","TheCity"],"potions_floor_usage":[16,18,20,24],"damage_taken":[{"damage":7,"enemies":"Small Slimes","floor":1,"turns":6},{"damage":0,"enemies":"Cultist","floor":2,"turns":5},{"damage":3,"enemies":"Jaw Worm","floor":4,"turns":5},{"damage":26,"enemies":"3 Sentries","floor":7,"turns":13},{"damage":1,"enemies":"Large Slime","floor":11,"turns":3},{"damage":0,"enemies":"Looter","floor":12,"turns":1},{"damage":9,"enemies":"3 Louse","floor":13,"turns":4},{"damage":24,"enemies":"The Guardian","floor":16,"turns":13},{"damage":32,"enemies":"2 Thieves","floor":18,"turns":5},{"damage":48,"enemies":"3 Byrds","floor":20,"turns":6},{"damage":39,"enemies":"Centurion and Healer","floor":22,"turns":9},{"damage":40,"enemies":"Snake Plant","floor":24,"turns":4}],"seed_played":"6233078027298261092","potions_obtained":[{"floor":7,"key":"ColorlessPotion"},{"floor":13,"key":"GamblersBrew"},{"floor":16,"key":"GamblersBrew"},{"floor":20,"key":"Swift Potion"}],"is_trial":false,"path_per_floor":["M","M","?","M","$","R","E","$","T","?","M","M","M","?","R","B",null,"M","?","M","$","M","R","M"],"character_chosen":"THE_SILENT","items_purchased":["Orrery","hubris:Sniper"],"campfire_rested":1,"item_purchase_floors":[5,21],"current_hp_per_floor":[56,56,56,53,53,53,27,27,27,32,31,31,22,11,33,9,59,27,27,58,58,35,35,0,0],"gold":210,"neow_bonus":"UPGRADE_CARD","is_daily":false,"chose_seed":false,"campfire_upgraded":2,"win_rate":0.0,"timestamp":1611622733,"path_taken":["M","M","?","?","?","R","E","?","T","?","M","M","M","?","R","BOSS","M","?","M","$","M","R","M"],"items_purchased_type":["Relic","Card"],"build_version":"2020-12-22","purchased_purges":1,"victory":false,"max_hp_per_floor":[70,70,70,70,70,70,70,70,70,75,75,75,75,75,75,75,75,75,75,75,75,75,75,75,75],"card_choices":[{"not_picked":["Deflect","Escape Plan"],"picked":"Backflip","floor":1},{"not_picked":["Noxious Fumes","hubris:SlightOfHand"],"picked":"Cloak And Dagger","floor":2},{"not_picked":["Distraction","Eviscerate","hubris:TrickCloak"],"picked":"SKIP","floor":4},{"not_picked":["Concentrate","Dodge and Roll"],"picked":"Reflex","floor":5},{"not_picked":["Backflip","Riddle With Holes"],"picked":"PiercingWail","floor":5},{"not_picked":["Finisher","Corpse Explosion"],"picked":"Acrobatics","floor":5},{"not_picked":["Slice","Blur"],"picked":"Blade Dance","floor":5},{"not_picked":["Sucker Punch","Deflect"],"picked":"A Thousand Cuts","floor":7},{"not_picked":["PiercingWail","Outmaneuver","All Out Attack"],"picked":"SKIP","floor":11},{"not_picked":["Flying Knee","Choke","Reflex"],"picked":"SKIP","floor":12},{"not_picked":["Well Laid Plans","Slice"],"picked":"Prepared","floor":13},{"not_picked":["Venomology","aspiration:Lunge"],"picked":"After Image","floor":16},{"not_picked":["Endless Agony","Expertise"],"picked":"Footwork","floor":18},{"not_picked":["Sucker Punch","hubris:SlightOfHand"],"picked":"Underhanded Strike+1","floor":20},{"not_picked":["Caltrops","Poisoned Stab+1","Quick Slash"],"picked":"SKIP","floor":22}],"player_experience":252299,"relics_obtained":[{"floor":7,"key":"hubris:ToyBattleship"},{"floor":9,"key":"Potion Belt"}],"event_choices":[{"damage_healed":0,"gold_gain":0,"player_choice":"Trade","damage_taken":0,"relics_obtained":["CultistMask"],"max_hp_gain":0,"max_hp_loss":0,"event_name":"FaceTrader","floor":3,"gold_loss":0},{"damage_healed":0,"gold_gain":75,"player_choice":"Gather Gold","damage_taken":11,"max_hp_gain":0,"max_hp_loss":0,"event_name":"World of Goop","floor":14,"gold_loss":0},{"damage_healed":0,"gold_gain":0,"player_choice":"Smashed Altar","damage_taken":0,"max_hp_gain":0,"max_hp_loss":0,"event_name":"Forgotten Altar","floor":19,"gold_loss":0,"cards_obtained":["Decay"]}],"is_beta":false,"boss_relics":[{"not_picked":["hubris:VirtuousBlindfold","Runic Pyramid"],"picked":"aspiration:RitualDagger"}],"items_purged_floors":[21],"is_endless":false,"potions_floor_spawned":[7,13,16,20],"killed_by":"Snake Plant","ascension_level":12}}