{"host":"qekv59dthhdg54sz","time":1611651460,"event":{"mods":["AchievementEnabler","BaseMod","Colored Map","DeckTracker","KOR Keyword Fix","Minty Spire (QoL Compilation)","Rare Cards Sparkle","StSLib","SuperFastMode"],"gold_per_floor":[116,41,58,58,58,94,94,94,144,144,182,182,202,202,202,202,202],"floor_reached":16,"language":"KOR","playtime":304,"items_purged":["Strike_R"],"score":164,"play_id":"c8ccbac0-6794-4071-8f78-6152c7e65721","local_time":"20210126175740","is_ascension_mode":true,"campfire_choices":[{"floor":8,"key":"REST"},{"data":"Second Wind","floor":15,"key":"SMITH"}],"circlet_count":0,"master_deck":["AscendersBane","Strike_R+1","Strike_R","Strike_R","Strike_R","Defend_R","Defend_R+1","Defend_R","Defend_R","Bash","Second Wind+1","Carnage","Battle Trance","Flame Barrier"],"relics":["Burning Blood","Calipers","Golden Idol","Matryoshka","Pear","Frozen Egg 2","Vajra","Nunchaku","Happy Flower"],"acts_visited":["Exordium"],"potions_floor_usage":[6,11],"damage_taken":[{"damage":1,"enemies":"Cultist","floor":1,"turns":3},{"damage":15,"enemies":"Jaw Worm","floor":3,"turns":5},{"damage":35,"enemies":"Lagavulin","floor":6,"turns":5},{"damage":30,"enemies":"3 Sentries","floor":11,"turns":9},{"damage":0,"enemies":"2 Louse","floor":13,"turns":2},{"damage":45,"enemies":"Hexaghost","floor":16,"turns":13}],"seed_played":"3633288415287967960","potions_obtained":[{"floor":1,"key":"Energy Potion"},{"floor":3,"key":"DuplicationPotion"}],"is_trial":false,"path_per_floor":["M","$","M","$","?","E","T","R","T","?","E","?","M","?","R","B"],"character_chosen":"IRONCLAD","items_purchased":[],"campfire_rested":1,"item_purchase_floors":[],"current_hp_per_floor":[72,72,63,63,45,16,26,50,50,50,26,53,59,43,43,0,0],"gold":202,"neow_bonus":"ONE_RARE_RELIC","is_daily":false,"chose_seed":false,"campfire_upgraded":1,"win_rate":0.0,"timestamp":1611651460,"path_taken":["M","$","M","$","?","E","?","R","T","?","E","?","M","?","R","BOSS"],"items_purchased_type":[],"build_version":"2020-12-22","purchased_purges":1,"victory":false,"max_hp_per_floor":[72,72,72,72,72,72,82,82,82,82,82,82,82,82,82,82,82],"card_choices":[{"not_picked":["Warcry","Clothesline"],"picked":"Second Wind","floor":1},{"not_picked":["Cleave","Havoc"],"picked":"Carnage","floor":3},{"not_picked":["Shockwave","Sword Boomerang"],"picked":"Battle Trance","floor":6},{"not_picked":["Pummel","Clash","Warcry"],"picked":"SKIP","floor":11},{"not_picked":["Inflame+1","Bloodletting"],"picked":"Flame Barrier","floor":13}],"player_experience":846145,"relics_obtained":[{"floor":6,"key":"Matryoshka"},{"floor":7,"key":"Pear"},{"floor":7,"key":"Frozen Egg 2"},{"floor":9,"key":"Vajra"},{"floor":9,"key":"Nunchaku"},{"floor":11,"key":"Happy Flower"}],"event_choices":[{"damage_healed":0,"gold_gain":0,"player_choice":"Take Damage","damage_taken":18,"relics_obtained":["Golden Idol"],"max_hp_gain":0,"max_hp_loss":0,"event_name":"Golden Idol","floor":5,"gold_loss":0},{"damage_healed":0,"gold_gain":0,"player_choice":"Ignored","damage_taken":0,"max_hp_gain":0,"max_hp_loss":0,"event_name":"Liars Game","floor":10,"gold_loss":0},{"damage_healed":27,"gold_gain":0,"player_choice":"Banana","damage_taken":0,"max_hp_gain":0,"max_hp_loss":0,"event_name":"Big Fish","floor":12,"gold_loss":0},{"damage_healed":0,"gold_gain":0,"player_choice":"Entered Light","damage_taken":16,"max_hp_gain":0,"max_hp_loss":0,"event_name":"Shining Light","floor":14,"gold_loss":0,"cards_upgraded":["Strike_R","Defend_R"]}],"is_beta":false,"boss_relics":[],"items_purged_floors":[2],"is_endless":false,"potions_floor_spawned":[1,3],"killed_by":"Hexaghost","ascension_level":11}}