{"host":"by9nexv7bw8pfn7u","time":1611664650,"event":{"mods":["BaseMod","Colored Powertips","Downfall","GifTheSpireLib","Minty Spire (QoL Compilation)","Random Character Button","StSLib","Unceasing Turn Reminder"],"gold_per_floor":[99,110,110,210,222,238,238,238,256,267,167,201,6,19,35,130,130,130,143,163,363,101,128,155,155,169,182,182,58,76,76,94,199,199,99,99,99,112,118,145,222,249,249,276,38,52,52,93,112,112],"floor_reached":51,"language":"ENG","playtime":3688,"items_purged":["Pain","Guardian:Strike_Guardian","Guardian:Strike_Guardian"],"score":996,"play_id":"74fdba07-c25c-4156-abd0-2bcfdcbc1dd2","local_time":"20210126133730","is_ascension_mode":true,"campfire_choices":[{"floor":1,"key":"RECALL"},{"data":"Guardian:RefractedBeam","floor":11,"key":"SMITH"},{"data":"Guardian:Repulse","floor":18,"key":"SMITH"},{"data":"expansioncontent:QuickStudy","floor":35,"key":"SMITH"},{"data":"Guardian:ShieldCharger","floor":43,"key":"SMITH"},{"data":"Guardian:CompilePackage","floor":47,"key":"SMITH"}],"circlet_count":0,"master_deck":["Guardian:Strike_Guardian","Guardian:Defend_Guardian","Guardian:Defend_Guardian","Guardian:Defend_Guardian","Guardian:Defend_Guardian","Guardian:CurlUp","Guardian:TwinSlam+1","Guardian:PrimingBeam","downfall:Haunted","downfall:Haunted","Regret","Guardian:StasisField","downfall:Malfunctioning","Guardian:RefractedBeam+1","Guardian:Preprogram","Guardian:ShieldCharger+1","Guardian:Repulse+1","Guardian:TemporalShield","Guardian:TemporalStrike+1","Guardian:ExploitGems","Guardian:Clone","Guardian:Incinerate","Guardian:WalkerClaw+1","expansioncontent:QuickStudy+1","expansioncontent:QuickStudy+1","Guardian:MultiBeam","downfall:Bewildered","Guardian:CompilePackage+1","Guardian:SentryBeam"],"relics":["Guardian:ModeShifterPlus","Du-Vu Doll","Shuriken","WarpedTongs","downfall:HeartBlessingRed","The Courier","Tiny Chest","Eternal Feather","Regal Pillow","sneckomod:BabySnecko","Philosopher\u0027s Stone","downfall:HeartBlessingBlue","InkBottle","Guardian:BottledStasis","Whetstone","Anchor","Singing Bowl","CeramicFish","PreservedInsect","Potion Belt","Lee\u0027s Waffle","Lizard Tail"],"acts_visited":["Exordium","TheCity","TheBeyond"],"potions_floor_usage":[39],"damage_taken":[{"damage":5,"enemies":"Small Slimes","floor":2,"turns":4},{"damage":0,"enemies":"2 Louse","floor":5,"turns":2},{"damage":0,"enemies":"Cultist","floor":6,"turns":2},{"damage":8,"enemies":"3 Louse","floor":9,"turns":3},{"damage":13,"enemies":"Exordium Thugs","floor":10,"turns":4},{"damage":4,"enemies":"Gremlin Nob","floor":12,"turns":2},{"damage":5,"enemies":"downfall:FleeingMerchant","floor":13,"turns":4},{"damage":2,"enemies":"2 Fungi Beasts","floor":14,"turns":2},{"damage":7,"enemies":"Blue Slaver","floor":15,"turns":3},{"damage":2,"enemies":"SI_SHIV_ARCHETYPE","floor":16,"turns":7},{"damage":0,"enemies":"Spheric Guardian","floor":19,"turns":3},{"damage":0,"enemies":"3 Cultists","floor":20,"turns":6},{"damage":0,"enemies":"downfall:FleeingMerchant","floor":22,"turns":4},{"damage":3,"enemies":"Book of Stabbing","floor":23,"turns":5},{"damage":0,"enemies":"Cultist and Chosen","floor":26,"turns":5},{"damage":0,"enemies":"Snecko","floor":27,"turns":4},{"damage":0,"enemies":"downfall:FleeingMerchant","floor":29,"turns":4},{"damage":0,"enemies":"Centurion and Healer","floor":30,"turns":3},{"damage":3,"enemies":"3 Cultists","floor":32,"turns":5},{"damage":13,"enemies":"WA_ARCHETYPE_CALM","floor":33,"turns":7},{"damage":0,"enemies":"Orb Walker","floor":38,"turns":1},{"damage":2,"enemies":"downfall:FleeingMerchant","floor":39,"turns":2},{"damage":6,"enemies":"Reptomancer","floor":40,"turns":4},{"damage":8,"enemies":"Nemesis","floor":44,"turns":7},{"damage":1,"enemies":"3 Darklings","floor":46,"turns":2},{"damage":1,"enemies":"Reptomancer","floor":48,"turns":4},{"damage":0,"enemies":"4 Shapes","floor":49,"turns":1},{"damage":32,"enemies":"DF_ARCHETYPE_ORBS","floor":50,"turns":8}],"seed_played":"4338472682953316897","potions_obtained":[{"floor":5,"key":"Guardian:BlockOnCardUsePotion"},{"floor":10,"key":"SpeedPotion"},{"floor":12,"key":"Weak Potion"},{"floor":14,"key":"AttackPotion"},{"floor":44,"key":"Ancient Potion"},{"floor":48,"key":"Strength Potion"}],"is_trial":false,"path_per_floor":["R","M","?","?","M","M","T","?","M","M","R","E","$","M","M","B",null,"R","M","M","?","$","E","T","?","M","M","T","$","M","?","M","B",null,"R","?","T","M","$","E","T","?","R","E","$","M","R","E","M","B",null],"character_chosen":"GUARDIAN","items_purchased":["Tiny Chest","expansioncontent:QuickStudy","expansioncontent:QuickStudy","Guardian:MultiBeam","Guardian:BottledStasis","Whetstone","Potion Belt","Lee\u0027s Waffle"],"campfire_rested":0,"item_purchase_floors":[13,22,22,29,39,39,45,45],"current_hp_per_floor":[88,83,83,83,83,83,83,83,75,62,62,58,53,51,44,42,88,88,88,88,88,88,85,85,85,85,85,85,85,85,85,82,69,88,98,98,98,98,96,90,90,90,98,92,107,108,109,108,110,78],"gold":112,"neow_bonus":"TEN_PERCENT_HP_BONUS","is_daily":false,"chose_seed":false,"campfire_upgraded":5,"win_rate":0.0,"timestamp":1611664650,"path_taken":["R","M","?","?","M","M","T","?","M","?","R","E","$","M","M","BOSS","R","M","M","?","?","E","T","?","M","M","?","$","?","?","M","BOSS","R","?","?","?","$","E","T","?","R","E","$","M","R","E","M","BOSS"],"items_purchased_type":["Relic","Card","Card","Card","Relic","Relic","Relic","Relic"],"build_version":"2020-12-22","purchased_purges":3,"victory":true,"max_hp_per_floor":[88,88,88,88,88,88,88,88,88,88,88,88,88,88,88,88,88,88,88,88,88,88,88,88,88,88,88,88,88,88,88,88,88,88,98,98,98,98,98,98,98,98,98,100,107,109,109,109,111,111],"card_choices":[{"not_picked":["Guardian:Incinerate","Guardian:Gem_Green"],"picked":"Guardian:PrimingBeam","floor":2},{"not_picked":["Guardian:TimeBomb","Guardian:ChargeCore"],"picked":"Guardian:RefractedBeam","floor":5},{"not_picked":["Guardian:Harden","Guardian:CrystalBeam"],"picked":"Guardian:Preprogram","floor":6},{"not_picked":["Guardian:FuturePlans","Guardian:ChargeUp"],"picked":"Guardian:ShieldCharger","floor":9},{"not_picked":["Guardian:CrystalBeam","Guardian:ShieldCharger"],"picked":"Guardian:Gem_Orange","floor":10},{"not_picked":["Guardian:Reroute","Guardian:StasisStrike"],"picked":"Guardian:Gem_Cyan","floor":12},{"not_picked":["Guardian:SpikerProtocol","Guardian:RollAttack"],"picked":"Guardian:Repulse","floor":13},{"not_picked":["Guardian:Gem_Green","Guardian:CrystalBeam"],"picked":"Guardian:TemporalShield","floor":14},{"not_picked":["Guardian:Gem_Lightblue","Guardian:Gem_Cyan"],"picked":"Guardian:TemporalStrike","floor":15},{"not_picked":["Guardian:RevengeProtocol","Guardian:ConstructionForm"],"picked":"Guardian:ExploitGems","floor":16},{"not_picked":["Guardian:Orbwalk","Guardian:RollAttack"],"picked":"Guardian:Clone","floor":19},{"not_picked":["Guardian:EvasiveProtocol","Guardian:RollAttack+1"],"picked":"Guardian:Incinerate","floor":20},{"not_picked":["Guardian:TemporalStrike","Guardian:GuardianWhirl"],"picked":"Guardian:WalkerClaw+1","floor":22},{"not_picked":["Guardian:ExploitGems","Guardian:Repulse","Guardian:TemporalStrike"],"picked":"SKIP","floor":23},{"not_picked":["Guardian:DecasProtection","Guardian:CrystalBeam","Guardian:PrimingBeam+1"],"picked":"SKIP","floor":26},{"not_picked":["Guardian:ChargeUp+1","Guardian:TemporalShield"],"picked":"Guardian:Gem_White","floor":27},{"not_picked":["Guardian:Gem_Green","Guardian:PolyBeam"],"picked":"Guardian:Gem_Fragmented","floor":29},{"not_picked":["Guardian:TimeBomb","Guardian:SpikerProtocol","Guardian:ChargeCore"],"picked":"SKIP","floor":30},{"not_picked":["Guardian:RefractedBeam","Guardian:ShieldCharger"],"picked":"Guardian:Gem_Yellow","floor":32},{"not_picked":["Guardian:StasisStrike","Guardian:FastForward"],"picked":"Guardian:CompilePackage","floor":33},{"not_picked":["Guardian:RollAttack","Guardian:RefractedBeam","Guardian:Gem_Blue"],"picked":"SKIP","floor":38},{"not_picked":["Guardian:Gem_Lightblue","Guardian:TemporalStrike+1","Guardian:RollAttack"],"picked":"SKIP","floor":39},{"not_picked":["Guardian:Repulse","Guardian:RevengeProtocol","Guardian:TimeCapacitor+1"],"picked":"SKIP","floor":40},{"not_picked":["Guardian:Reroute","Guardian:ConstructionForm","Guardian:TemporalStrike"],"picked":"Singing Bowl","floor":44},{"not_picked":["Guardian:Planning","Guardian:GuardianWhirl+1","Guardian:TemporalShield+1"],"picked":"Singing Bowl","floor":46},{"not_picked":["Guardian:SphericShield","Guardian:Gem_White"],"picked":"Guardian:SentryBeam","floor":48},{"not_picked":["Guardian:PrimingBeam+1","Guardian:RollAttack","Guardian:Planning"],"picked":"Singing Bowl","floor":49}],"player_experience":1063686,"relics_obtained":[{"floor":7,"key":"Shuriken"},{"floor":12,"key":"The Courier"},{"floor":23,"key":"Eternal Feather"},{"floor":28,"key":"Regal Pillow"},{"floor":37,"key":"InkBottle"},{"floor":40,"key":"Anchor"},{"floor":41,"key":"Singing Bowl"},{"floor":42,"key":"CeramicFish"},{"floor":44,"key":"PreservedInsect"},{"floor":48,"key":"Lizard Tail"}],"event_choices":[{"damage_healed":0,"gold_gain":0,"player_choice":"Ignored","damage_taken":0,"max_hp_gain":0,"max_hp_loss":0,"event_name":"NoteForYourself","floor":36,"gold_loss":0}],"is_beta":false,"boss_relics":[{"not_picked":["Tiny House","Busted Crown"],"picked":"Guardian:ModeShifterPlus"},{"not_picked":["Runic Dome","Velvet Choker"],"picked":"Philosopher\u0027s Stone"}],"items_purged_floors":[13,29,39],"is_endless":false,"potions_floor_spawned":[5,10,12,14,19,20,23,27,33,44,48],"ascension_level":1}}