{"host":"p9t7qd83igtcp2bh","time":1611651132,"event":{"mods":["2.2 Compatiblity","AchievementEnabler","BaseMod","Colored Map","Colored Powertips","Custom Start","DeckTracker","Keyboard Shortcuts","Minty Spire (QoL Compilation)","Permanent Neow","StSLib","SuperFastMode","everything is the same but u backflip on backflip"],"gold_per_floor":[111,261,280,290,215,244,268,280,292,386,426,438,450,472,484,570,582,551,613,17,30,30,61,61,71,71,81,93,43,57,75,75,150,150,161,72,82,102,112,112,142,142,166,219,235,255,268,302,302,302,302,302,302,63,91,91],"floor_reached":57,"language":"KOR","playtime":2273,"items_purged":["Strike_B"],"score":2746,"play_id":"7bc72141-ea71-4096-9c07-cf3c32d0f832","local_time":"20210126175212","is_ascension_mode":true,"campfire_choices":[{"data":"Loop","floor":8.0,"key":"SMITH"},{"floor":15.0,"key":"REST"},{"floor":24.0,"key":"REST"},{"floor":32.0,"key":"REST"},{"data":"Skim","floor":40.0,"key":"SMITH"},{"data":"Self Repair","floor":42.0,"key":"SMITH"},{"floor":49.0,"key":"RECALL"},{"data":"1","floor":53,"key":"LIFT"}],"circlet_count":0,"master_deck":["AscendersBane","Strike_B+1","Defend_B","Defend_B","Defend_B","Zap","Dualcast+1","Ball Lightning+1","Reinforced Body+1","Cold Snap+1","Hologram","Cold Snap","Self Repair+1","Rainbow","Loop+1","Skim+1","Conserve Battery","Echo Form","CurseOfTheBell","Storm+1","Storm+1","Coolheaded+1","Coolheaded+1","Glacier","Turbo","BootSequence","Turbo+1","Buffer+1","Capacitor+1","Undo","Capacitor+1","Thunder Strike","Chill","Compile Driver+1","Loop+1","Buffer+1","Capacitor+1"],"relics":["Astrolabe","MawBank","Darkstone Periapt","StrikeDummy","Mango","Calling Bell","Nunchaku","Frozen Egg 2","Thread and Needle","Potion Belt","Mercury Hourglass","Gambling Chip","Girya","Coffee Dripper","Smiling Mask","Emotion Chip","Juzu Bracelet","Eternal Feather"],"acts_visited":["Exordium","TheCity","TheBeyond","TheEnding"],"potions_floor_usage":[50,51,55,55,55,55,55,55,56,56,56,56,56,56,56,56,56,56,56,56,56,56,56,56,56,56,56,56,56,56,56,56],"damage_taken":[{"damage":5.0,"enemies":"Jaw Worm","floor":1.0,"turns":3.0},{"damage":7.0,"enemies":"2 Louse","floor":3.0,"turns":3.0},{"damage":1.0,"enemies":"Small Slimes","floor":4.0,"turns":4.0},{"damage":16.0,"enemies":"Lagavulin","floor":6.0,"turns":6.0},{"damage":9.0,"enemies":"Looter","floor":7.0,"turns":4.0},{"damage":14.0,"enemies":"Gremlin Nob","floor":11.0,"turns":4.0},{"damage":10.0,"enemies":"2 Fungi Beasts","floor":14.0,"turns":3.0},{"damage":22.0,"enemies":"The Guardian","floor":16.0,"turns":11.0},{"damage":14.0,"enemies":"2 Thieves","floor":18.0,"turns":5.0},{"damage":21.0,"enemies":"3 Byrds","floor":21.0,"turns":3.0},{"damage":48.0,"enemies":"Slavers","floor":23.0,"turns":4.0},{"damage":33.0,"enemies":"Centurion and Healer","floor":25.0,"turns":8.0},{"damage":4.0,"enemies":"Chosen and Byrds","floor":27.0,"turns":5.0},{"damage":19.0,"enemies":"3 Cultists","floor":28.0,"turns":5.0},{"damage":10.0,"enemies":"Snake Plant","floor":30.0,"turns":4.0},{"damage":4.0,"enemies":"Snecko","floor":31.0,"turns":6.0},{"damage":15.0,"enemies":"Champ","floor":33.0,"turns":20.0},{"damage":37.0,"enemies":"3 Darklings","floor":35.0,"turns":6.0},{"damage":0.0,"enemies":"Orb Walker","floor":37.0,"turns":4.0},{"damage":0.0,"enemies":"4 Shapes","floor":38.0,"turns":5.0},{"damage":30.0,"enemies":"Maw","floor":39.0,"turns":8.0},{"damage":40.0,"enemies":"Reptomancer","floor":41.0,"turns":6.0},{"damage":8.0,"enemies":"2 Orb Walkers","floor":44.0,"turns":2.0},{"damage":0.0,"enemies":"Sphere and 2 Shapes","floor":45.0,"turns":5.0},{"damage":16.0,"enemies":"Transient","floor":46.0,"turns":6.0},{"damage":15.0,"enemies":"3 Darklings","floor":47.0,"turns":3.0},{"damage":6.0,"enemies":"Nemesis","floor":48.0,"turns":8.0},{"damage":53,"enemies":"Time Eater","floor":50,"turns":7},{"damage":18,"enemies":"Donu and Deca","floor":51,"turns":9},{"damage":59,"enemies":"Shield and Spear","floor":55,"turns":8},{"damage":4,"enemies":"The Heart","floor":56,"turns":5}],"seed_played":"5104028484774037136","potions_obtained":[{"floor":1.0,"key":"FearPotion"},{"floor":3.0,"key":"DistilledChaos"},{"floor":11.0,"key":"SmokeBomb"},{"floor":14.0,"key":"LiquidBronze"},{"floor":18.0,"key":"FocusPotion"},{"floor":21.0,"key":"Strength Potion"},{"floor":23.0,"key":"FocusPotion"},{"floor":28.0,"key":"FearPotion"},{"floor":41.0,"key":"Fruit Juice"},{"floor":45.0,"key":"Weak Potion"},{"floor":46.0,"key":"PowerPotion"},{"floor":47.0,"key":"PotionOfCapacity"}],"is_trial":false,"path_per_floor":["M","?","M","M","?","E","M","R","T","T","E","?","?","M","R","B",null,"M","?","$","M","?","E","R","M","T","M","M","$","M","M","R","B",null,"M","$","M","M","M","R","E","R","T","?","M","M","M","E","R","B","B",null,"R","$","E","B",null],"character_chosen":"DEFECT","items_purchased":["Storm+1","Potion Belt","Fruit Juice","Mercury Hourglass","Turbo","Capacitor+1","PowerPotion","FocusPotion","Capacitor+1"],"campfire_rested":3,"item_purchase_floors":[20,20,20,20,29,36,54,54,54],"current_hp_per_floor":[59,59,52,51,51,42,40,40,40,40,47,21,26,23,50,35,82,75,75,75,61,61,18,48,22,22,25,20,20,10,13,43,35,85,55,55,62,69,53,53,32,32,32,34,44,38,23,80,80,37,39,89,89,89,30,97],"gold":91,"neow_bonus":"BOSS_RELIC","is_daily":false,"chose_seed":false,"campfire_upgraded":3,"win_rate":0.0,"timestamp":1611651132,"path_taken":["M","?","M","M","?","E","M","R","T","?","E","?","?","M","R","BOSS","M","?","$","M","?","E","R","M","T","M","M","$","M","M","R","BOSS","M","?","M","M","M","R","E","R","T","?","M","M","M","E","R","BOSS","BOSS","R","$","E","BOSS"],"items_purchased_type":["Card","Relic","Potion","Relic","Card","Card","Potion","Potion","Card"],"build_version":"2020-12-22","purchased_purges":1,"victory":true,"max_hp_per_floor":[71,71,71,71,71,71,71,71,71,71,85,85,90,90,90,90,96,96,96,96,96,96,101,101,101,101,101,101,101,101,101,101,101,101,101,101,101,101,101,101,106,106,106,106,106,106,106,106,106,106,106,106,106,106,106,111],"card_choices":[{"not_picked":["Double Energy","Gash"],"picked":"Hologram","floor":1.0},{"not_picked":["Rebound","Compile Driver"],"picked":"Cold Snap","floor":3.0},{"not_picked":["Genetic Algorithm","Gash"],"picked":"Self Repair","floor":4.0},{"not_picked":["Aggregate","Ball Lightning"],"picked":"Rainbow","floor":6.0},{"not_picked":["FTL","Conserve Battery"],"picked":"Loop","floor":7.0},{"not_picked":["Gash","Redo"],"picked":"Skim","floor":11.0},{"not_picked":["Rebound","Chaos"],"picked":"Conserve Battery","floor":14.0},{"not_picked":["Creative AI","All For One"],"picked":"Echo Form","floor":16.0},{"not_picked":["Ball Lightning","Turbo"],"picked":"Storm+1","floor":18.0},{"not_picked":["Cold Snap","Conserve Battery"],"picked":"Coolheaded","floor":21.0},{"not_picked":["Loop+1","Redo"],"picked":"Coolheaded+1","floor":23.0},{"not_picked":["Coolheaded","Beam Cell","Redo"],"picked":"SKIP","floor":25.0},{"not_picked":["Hyperbeam","Rebound"],"picked":"Glacier","floor":27.0},{"not_picked":["Ball Lightning","Glacier","Cold Snap"],"picked":"SKIP","floor":28.0},{"not_picked":["Steam","Beam Cell"],"picked":"BootSequence","floor":30.0},{"not_picked":["Rebound","Leap"],"picked":"Turbo+1","floor":31.0},{"not_picked":["Biased Cognition+1","Machine Learning+1"],"picked":"Buffer+1","floor":33.0},{"not_picked":["Streamline+1","Leap","Steam"],"picked":"SKIP","floor":35.0},{"not_picked":["Fusion","Sweeping Beam"],"picked":"Undo","floor":37.0},{"not_picked":["Leap+1","Static Discharge+1","Steam Power"],"picked":"SKIP","floor":38.0},{"not_picked":["Double Energy","Force Field"],"picked":"Capacitor+1","floor":39.0},{"not_picked":["Rebound+1","Genetic Algorithm"],"picked":"Thunder Strike","floor":41.0},{"not_picked":["Coolheaded+1","Beam Cell"],"picked":"Chill","floor":44.0},{"not_picked":["Turbo+1","Streamline"],"picked":"Compile Driver+1","floor":45.0},{"not_picked":["Reprogram","Doom and Gloom+1","Sunder+1"],"picked":"SKIP","floor":46.0},{"not_picked":["Barrage","Darkness"],"picked":"Loop+1","floor":47.0},{"not_picked":["Conserve Battery+1","Ball Lightning"],"picked":"Buffer+1","floor":48.0},{"not_picked":["Gash+1","Aggregate","FTL"],"picked":"SKIP","floor":55}],"player_experience":682623,"relics_obtained":[{"floor":6.0,"key":"MawBank"},{"floor":9.0,"key":"Darkstone Periapt"},{"floor":10.0,"key":"StrikeDummy"},{"floor":11.0,"key":"Mango"},{"floor":17.0,"key":"Nunchaku"},{"floor":17.0,"key":"Frozen Egg 2"},{"floor":17.0,"key":"Thread and Needle"},{"floor":23.0,"key":"Gambling Chip"},{"floor":26.0,"key":"Girya"},{"floor":41.0,"key":"Smiling Mask"},{"floor":44.0,"key":"Emotion Chip"},{"floor":48.0,"key":"Juzu Bracelet"},{"floor":55,"key":"Eternal Feather"}],"event_choices":[{"damage_healed":0.0,"max_hp_gain":0.0,"max_hp_loss":0.0,"gold_gain":150.0,"event_name":"Liars Game","player_choice":"AGREE","floor":2.0,"gold_loss":0.0,"damage_taken":0.0,"cards_obtained":["Doubt"]},{"cards_removed":["Doubt"],"damage_healed":0.0,"max_hp_gain":0.0,"max_hp_loss":0.0,"gold_gain":0.0,"event_name":"The Cleric","player_choice":"Card Removal","floor":5.0,"gold_loss":75.0,"damage_taken":0.0},{"damage_healed":0.0,"max_hp_gain":0.0,"max_hp_loss":0.0,"gold_gain":0.0,"event_name":"Shining Light","player_choice":"Entered Light","floor":12.0,"gold_loss":0.0,"damage_taken":26.0,"cards_upgraded":["Strike_B","Dualcast"]},{"damage_healed":0.0,"max_hp_gain":5.0,"max_hp_loss":0.0,"gold_gain":0.0,"event_name":"Big Fish","player_choice":"Donut","floor":13.0,"gold_loss":0.0,"damage_taken":0.0},{"damage_healed":0.0,"max_hp_gain":0.0,"max_hp_loss":0.0,"gold_gain":50.0,"event_name":"Nest","player_choice":"Stole From Cult","floor":19.0,"gold_loss":0.0,"damage_taken":0.0},{"damage_healed":0.0,"max_hp_gain":0.0,"max_hp_loss":0.0,"gold_gain":0.0,"event_name":"Upgrade Shrine","player_choice":"Upgraded","floor":22.0,"gold_loss":0.0,"damage_taken":0.0,"cards_upgraded":["Coolheaded"]},{"damage_healed":0.0,"max_hp_gain":0.0,"max_hp_loss":0.0,"gold_gain":0.0,"event_name":"Mysterious Sphere","player_choice":"Fight","floor":44.0,"gold_loss":0.0,"damage_taken":0.0}],"is_beta":false,"boss_relics":[{"not_picked":["SlaversCollar","Sozu"],"picked":"Calling Bell"},{"not_picked":["Runic Dome","Empty Cage"],"picked":"Coffee Dripper"}],"items_purged_floors":[54],"is_endless":false,"potions_floor_spawned":[1,3,11,14,18,21,23,28,41,45,46,47],"ascension_level":20}}