{"host":"7gnh07yij4i09woj","time":1611675912,"event":{"mods":["AchievementEnabler","BaseMod","Downfall","Minty Spire (QoL Compilation)","StSLib","Waifu the Spire"],"gold_per_floor":[112,127,49,49,69,18,36,51,51,51,66,66,76,87,87,190,240,254,169,169,179,191,191,37,50,74,91,91,162,178,178,178,178,178],"floor_reached":33,"language":"ENG","playtime":4158,"items_purged":[],"score":343,"play_id":"a0005bdf-4a23-4b6c-b391-5c75f448232d","local_time":"20210126074512","is_ascension_mode":false,"campfire_choices":[{"data":"Noxious Fumes","floor":12,"key":"SMITH"},{"floor":15,"key":"REST"},{"data":"Footwork","floor":23,"key":"SMITH"},{"floor":32,"key":"REST"}],"circlet_count":0,"master_deck":["Strike_G+1","Strike_G","Strike_G","Strike_G","Strike_G","Defend_G","Defend_G","Defend_G","Defend_G","Defend_G","Survivor","Neutralize","A Thousand Cuts","Flying Knee","Dash","Noxious Fumes+1","Bane","Footwork+1","Poisoned Stab","Dodge and Roll","Footwork","Masterful Stab","Bane","Poisoned Stab+1","Deflect+1","Deflect+1","Prepared+1","Leg Sweep+1","Slice","RitualDagger"],"relics":["Ring of the Snake","Torii","Eternal Feather","Tiny House","Mango","Lee\u0027s Waffle","Regal Pillow","Toxic Egg 2"],"acts_visited":["Exordium","TheCity"],"potions_floor_usage":[30,33],"damage_taken":[{"damage":0,"enemies":"Small Slimes","floor":1,"turns":4},{"damage":0,"enemies":"2 Louse","floor":2,"turns":3},{"damage":6,"enemies":"Jaw Worm","floor":5,"turns":4},{"damage":4,"enemies":"Blue Slaver","floor":7,"turns":4},{"damage":2,"enemies":"Large Slime","floor":8,"turns":7},{"damage":0,"enemies":"Looter","floor":11,"turns":4},{"damage":7,"enemies":"Exordium Thugs","floor":13,"turns":6},{"damage":1,"enemies":"Large Slime","floor":14,"turns":6},{"damage":0,"enemies":"The Guardian","floor":16,"turns":10},{"damage":2,"enemies":"Shell Parasite","floor":18,"turns":6},{"damage":11,"enemies":"Chosen","floor":21,"turns":7},{"damage":25,"enemies":"Shelled Parasite and Fungi","floor":22,"turns":10},{"damage":26,"enemies":"Snake Plant","floor":25,"turns":9},{"damage":1,"enemies":"Snecko","floor":27,"turns":5},{"damage":20,"enemies":"Sentry and Sphere","floor":30,"turns":7},{"damage":102,"enemies":"Collector","floor":33,"turns":10}],"seed_played":"3807502721777340615","potions_obtained":[{"floor":7,"key":"sneckomod:MuddlingPotion"},{"floor":8,"key":"CunningPotion"},{"floor":11,"key":"Swift Potion"},{"floor":21,"key":"champ:CounterPotion"}],"is_trial":false,"path_per_floor":["M","M","$","?","M","$","M","M","T","?","M","R","M","M","R","B",null,"M","?","?","M","M","R","$","M","T","M","?","T","M","?","R","B"],"character_chosen":"THE_SILENT","items_purchased":["Noxious Fumes","Bane","Lee\u0027s Waffle"],"campfire_rested":2,"item_purchase_floors":[3,6,24],"current_hp_per_floor":[70,70,70,70,64,64,60,58,58,40,40,52,45,44,70,70,75,73,87,70,59,34,49,101,75,75,74,74,74,54,48,101,0,0],"gold":178,"neow_bonus":"ONE_RANDOM_RARE_CARD","is_daily":false,"chose_seed":false,"campfire_upgraded":2,"win_rate":0.0,"timestamp":1611675912,"path_taken":["M","M","$","?","M","$","M","M","T","?","M","R","M","M","R","BOSS","M","?","?","M","M","R","$","M","T","M","?","?","?","?","R","BOSS"],"items_purchased_type":["Card","Card","Relic"],"build_version":"2020-12-22","purchased_purges":0,"victory":false,"max_hp_per_floor":[70,70,70,70,70,70,70,70,70,70,70,70,70,70,70,70,75,75,89,94,94,94,94,101,101,101,101,101,101,101,101,101,101,101],"card_choices":[{"not_picked":["Cloak And Dagger","Dagger Spray"],"picked":"Flying Knee","floor":1},{"not_picked":["Escape Plan","Tactician"],"picked":"Dash","floor":2},{"not_picked":["Prepared","Setup","Skewer"],"picked":"SKIP","floor":5},{"not_picked":["Eviscerate","Accuracy"],"picked":"Footwork","floor":7},{"not_picked":["Distraction","Prepared"],"picked":"Poisoned Stab","floor":8},{"not_picked":["Leg Sweep","Slice"],"picked":"Dodge and Roll","floor":11},{"not_picked":["Bouncing Flask","Skewer"],"picked":"Footwork","floor":13},{"not_picked":["Choke","Accuracy"],"picked":"Masterful Stab","floor":14},{"not_picked":["Dash","Slice"],"picked":"Bane","floor":17},{"not_picked":["Crippling Poison","Dagger Throw"],"picked":"Poisoned Stab+1","floor":18},{"not_picked":["Caltrops+1","Underhanded Strike+1"],"picked":"Deflect+1","floor":21},{"not_picked":["Eviscerate","Dagger Spray"],"picked":"Deflect+1","floor":22},{"not_picked":["Finisher","Riddle With Holes"],"picked":"Prepared+1","floor":25},{"not_picked":["Reflex+1","Blade Dance+1"],"picked":"Leg Sweep+1","floor":27},{"not_picked":["Wraith Form v2","Leg Sweep+1"],"picked":"Slice","floor":30}],"player_experience":216399,"relics_obtained":[{"floor":9,"key":"Torii"},{"floor":26,"key":"Regal Pillow"},{"floor":29,"key":"Toxic Egg 2"}],"event_choices":[{"damage_healed":0,"gold_gain":0,"player_choice":"Leave","damage_taken":0,"max_hp_gain":0,"max_hp_loss":0,"event_name":"The Cleric","floor":4,"gold_loss":0},{"damage_healed":0,"gold_gain":0,"player_choice":"Success","damage_taken":18,"relics_obtained":["Eternal Feather"],"max_hp_gain":0,"max_hp_loss":0,"event_name":"Scrap Ooze","floor":10,"gold_loss":0},{"damage_healed":0,"gold_gain":0,"player_choice":"Obtained Relic","damage_taken":0,"relics_obtained":["Mango"],"max_hp_gain":0,"max_hp_loss":0,"event_name":"Addict","floor":19,"gold_loss":85},{"damage_healed":0,"gold_gain":0,"player_choice":"Shed Blood","damage_taken":22,"max_hp_gain":5,"max_hp_loss":0,"event_name":"Forgotten Altar","floor":20,"gold_loss":0},{"damage_healed":0,"gold_gain":0,"player_choice":"Joined the Cult","damage_taken":6,"max_hp_gain":0,"max_hp_loss":0,"event_name":"Nest","floor":31,"gold_loss":0,"cards_obtained":["RitualDagger"]}],"is_beta":false,"boss_relics":[{"not_picked":["Black Star","Sozu"],"picked":"Tiny House"}],"items_purged_floors":[],"is_endless":false,"potions_floor_spawned":[7,8,11,14,18,21,25],"killed_by":"Collector","ascension_level":0}}