{"host":"88sw61cmk1203zgj","time":1611629692,"event":{"mods":["BaseMod","Minty Spire (QoL Compilation)"],"gold_per_floor":[115,125,125,125,135,135,169,169,218,231,273,293,337,356,356,437,464,488,258,306,349,349,349,388,388,414,414,438,455,490,324,324,324,324],"floor_reached":33,"language":"ENG","playtime":1872,"items_purged":["Searing Blow+1","Decay"],"score":541,"play_id":"6650b7b4-e7f4-4bcc-904c-cdfe103694cb","local_time":"20210125215452","is_ascension_mode":true,"campfire_choices":[{"data":"Power Through","floor":6.0,"key":"SMITH"},{"floor":8.0,"key":"REST"},{"floor":15.0,"key":"REST"},{"floor":23.0,"key":"REST"},{"floor":25,"key":"REST"},{"data":"Perfected Strike","floor":27,"key":"SMITH"},{"floor":32,"key":"REST"}],"circlet_count":0,"master_deck":["AscendersBane","Strike_R","Strike_R","Strike_R","Strike_R","Strike_R","Defend_R","Bash","Clothesline+1","Twin Strike","Power Through+1","Battle Trance","Perfected Strike+1","Shockwave","Pommel Strike","Perfected Strike","Demon Form","Corruption+1","Fire Breathing+1","Flame Barrier","Pommel Strike","Second Wind","Pommel Strike","Fiend Fire","Perfected Strike","Fire Breathing"],"relics":["Sozu","Nunchaku","Vajra","CeramicFish","Blue Candle","Astrolabe","PreservedInsect","Centennial Puzzle","Red Mask","Nilry\u0027s Codex","Toy Ornithopter","Singing Bowl"],"acts_visited":["Exordium","TheCity"],"potions_floor_usage":[],"damage_taken":[{"damage":0.0,"enemies":"Small Slimes","floor":1.0,"turns":3.0},{"damage":2.0,"enemies":"2 Louse","floor":2.0,"turns":3.0},{"damage":0.0,"enemies":"Cultist","floor":5.0,"turns":2.0},{"damage":46.0,"enemies":"3 Sentries","floor":7.0,"turns":10.0},{"damage":6.0,"enemies":"Lots of Slimes","floor":10.0,"turns":4.0},{"damage":0.0,"enemies":"Gremlin Nob","floor":11.0,"turns":2.0},{"damage":5.0,"enemies":"Exordium Wildlife","floor":12.0,"turns":4.0},{"damage":7.0,"enemies":"Lagavulin","floor":13.0,"turns":5.0},{"damage":5.0,"enemies":"Looter","floor":14.0,"turns":2.0},{"damage":2.0,"enemies":"Slime Boss","floor":16.0,"turns":6.0},{"damage":23.0,"enemies":"3 Byrds","floor":18.0,"turns":5.0},{"damage":7.0,"enemies":"Masked Bandits","floor":21.0,"turns":3.0},{"damage":28,"enemies":"Book of Stabbing","floor":24,"turns":4},{"damage":0,"enemies":"Spheric Guardian","floor":28,"turns":3},{"damage":21,"enemies":"Centurion and Healer","floor":29,"turns":6},{"damage":22,"enemies":"Gremlin Leader","floor":30,"turns":3},{"damage":50,"enemies":"Automaton","floor":33,"turns":6}],"seed_played":"-1802310162208066673","potions_obtained":[],"is_trial":false,"path_per_floor":["M","M","?","?","M","R","E","R","T","M","E","M","E","M","R","B",null,"M","$","T","?","?","R","E","R","T","R","M","M","E","$","R","B"],"character_chosen":"IRONCLAD","items_purchased":["PreservedInsect","Perfected Strike","Fire Breathing"],"campfire_rested":5,"item_purchase_floors":[19,31,31],"current_hp_per_floor":[72,70,70,70,70,70,24,48,48,42,42,37,30,25,49,47,72,49,49,49,42,26,50,22,46,46,46,46,25,3,3,27,0,0],"gold":324,"neow_bonus":"BOSS_RELIC","is_daily":false,"chose_seed":false,"campfire_upgraded":2,"win_rate":0.0,"timestamp":1611629692,"path_taken":["M","M","?","?","M","R","E","R","T","?","E","M","E","M","R","BOSS","M","$","?","?","?","R","E","R","T","R","M","M","E","?","R","BOSS"],"items_purchased_type":["Relic","Card","Card"],"build_version":"2020-12-22","purchased_purges":2,"victory":false,"max_hp_per_floor":[80,80,80,80,80,80,80,80,80,80,80,80,80,80,80,80,80,80,80,80,80,80,80,80,80,80,80,80,80,80,80,80,80,80],"card_choices":[{"not_picked":["Shrug It Off","Armaments"],"picked":"Clothesline","floor":1.0},{"not_picked":["Headbutt","Flex"],"picked":"Twin Strike","floor":2.0},{"not_picked":["Reckless Charge","Sword Boomerang"],"picked":"Power Through","floor":5.0},{"not_picked":["Armaments","Rage"],"picked":"Battle Trance","floor":7.0},{"not_picked":["Thunderclap","Bloodletting"],"picked":"Perfected Strike","floor":10.0},{"not_picked":["Combust","Cleave"],"picked":"Shockwave","floor":11.0},{"not_picked":["Wild Strike","Bludgeon"],"picked":"Pommel Strike","floor":12.0},{"not_picked":["Blood for Blood","Armaments"],"picked":"Perfected Strike","floor":13.0},{"not_picked":["Pommel Strike","Hemokinesis","Rage"],"picked":"SKIP","floor":14.0},{"not_picked":["Offering","Exhume"],"picked":"Demon Form","floor":16.0},{"not_picked":["Body Slam","Havoc"],"picked":"Flame Barrier","floor":18.0},{"not_picked":["Seeing Red","Feel No Pain"],"picked":"Pommel Strike","floor":21.0},{"not_picked":["Bloodletting","Uppercut"],"picked":"Second Wind","floor":24},{"not_picked":["Intimidate","Shockwave"],"picked":"Pommel Strike","floor":28},{"not_picked":["Flex","Seeing Red","Cleave"],"picked":"SKIP","floor":29},{"not_picked":["Armaments","Feel No Pain"],"picked":"Fiend Fire","floor":30}],"player_experience":1519374,"relics_obtained":[{"floor":7.0,"key":"Nunchaku"},{"floor":9.0,"key":"Vajra"},{"floor":11.0,"key":"CeramicFish"},{"floor":13.0,"key":"Blue Candle"},{"floor":20.0,"key":"Centennial Puzzle"},{"floor":21.0,"key":"Red Mask"},{"floor":22.0,"key":"Nilry\u0027s Codex"},{"floor":24,"key":"Toy Ornithopter"},{"floor":30,"key":"Singing Bowl"}],"event_choices":[{"damage_healed":0.0,"max_hp_gain":0.0,"max_hp_loss":0.0,"gold_gain":0.0,"event_name":"Living Wall","player_choice":"Grow","floor":3.0,"gold_loss":0.0,"damage_taken":0.0,"cards_upgraded":["Clothesline"]},{"damage_healed":0.0,"max_hp_gain":0.0,"max_hp_loss":0.0,"gold_gain":0.0,"event_name":"Wheel of Change","player_choice":"Cursed","floor":4.0,"gold_loss":0.0,"damage_taken":0.0,"cards_obtained":["Decay"]},{"damage_healed":0.0,"max_hp_gain":0.0,"max_hp_loss":0.0,"gold_gain":0.0,"event_name":"Masked Bandits","player_choice":"Fought Bandits","floor":21.0,"gold_loss":0.0,"damage_taken":0.0},{"damage_healed":0.0,"max_hp_gain":0.0,"max_hp_loss":0.0,"gold_gain":0.0,"event_name":"Cursed Tome","player_choice":"Obtained Book","floor":22.0,"gold_loss":0.0,"damage_taken":16.0}],"is_beta":false,"boss_relics":[{"not_picked":["Pandora\u0027s Box","Tiny House"],"picked":"Astrolabe"}],"items_purged_floors":[19,31],"is_endless":false,"potions_floor_spawned":[1,2,12,16,18,21,28],"killed_by":"Automaton","ascension_level":13}}