{"host":"zxkjcgzis4pm3za5","time":1611673657,"event":{"mods":["AchievementEnabler","Act Like it!","BaseMod","Colored Map","Colored Powertips","Friendly Minions","GifTheSpireLib","Minty Spire (QoL Compilation)","Quick Restart","RNG Fix","Random Character Button","Relic Filter Mod","Relic Sorter","Relic Stats","StSLib"],"gold_per_floor":[116,128,128,128,146,146,178,14,14,46,116,116,184,198,198,198,198],"floor_reached":16,"language":"ENG","playtime":724,"items_purged":["Strike_R"],"score":304,"play_id":"819e012a-b6ca-4005-9bd6-b21e7a41a1b6","local_time":"20210126203737","is_ascension_mode":true,"campfire_choices":[{"data":"Armaments","floor":6,"key":"SMITH"},{"floor":12,"key":"REST"},{"data":"Dual Wield","floor":15,"key":"SMITH"}],"circlet_count":0,"master_deck":["AscendersBane","Strike_R","Strike_R","Strike_R","Strike_R","Defend_R","Defend_R","Defend_R","Defend_R","Bash","Impervious","Armaments+1","Flame Barrier","Anger","Feel No Pain","Shrug It Off","Shrug It Off","Sword Boomerang","Dual Wield+1"],"relics":["Burning Blood","SsserpentHead","Bag of Preparation","Ornamental Fan","Shuriken","Odd Mushroom"],"acts_visited":["Exordium"],"potions_floor_usage":[10,11,16],"damage_taken":[{"damage":1,"enemies":"Cultist","floor":1,"turns":3},{"damage":3,"enemies":"2 Louse","floor":2,"turns":3},{"damage":0,"enemies":"Small Slimes","floor":5,"turns":4},{"damage":45,"enemies":"3 Sentries","floor":7,"turns":10},{"damage":16,"enemies":"Lagavulin","floor":10,"turns":6},{"damage":15,"enemies":"The Mushroom Lair","floor":11,"turns":6},{"damage":3,"enemies":"Looter","floor":13,"turns":5},{"damage":0,"enemies":"2 Fungi Beasts","floor":14,"turns":4},{"damage":48,"enemies":"Slime Boss","floor":16,"turns":10}],"seed_played":"1238500634298160772","potions_obtained":[{"floor":2,"key":"Dexterity Potion"},{"floor":10,"key":"Fire Potion"},{"floor":13,"key":"FearPotion"},{"floor":14,"key":"Fire Potion"}],"is_trial":false,"path_per_floor":["M","M","$","?","M","R","E","$","T","E","?","R","M","M","R","B"],"character_chosen":"IRONCLAD","items_purchased":["Feel No Pain"],"campfire_rested":1,"item_purchase_floors":[8],"current_hp_per_floor":[73,75,75,75,75,75,36,36,36,26,17,39,42,48,48,0,0],"gold":198,"neow_bonus":"ONE_RANDOM_RARE_CARD","is_daily":false,"chose_seed":false,"campfire_upgraded":2,"win_rate":0.0,"timestamp":1611673657,"path_taken":["M","M","$","?","M","R","E","$","T","E","?","R","?","M","R","BOSS"],"items_purchased_type":["Card"],"build_version":"2020-12-22","purchased_purges":1,"victory":false,"max_hp_per_floor":[75,75,75,75,75,75,75,75,75,75,75,75,75,75,75,75,75],"relic_stats":{"SsserpentHead":100,"counters":[9,51],"Ornamental Fan":[20],"Shuriken":[3],"Bag of Preparation":[10],"obtain_stats":[{"SsserpentHead":4,"Ornamental Fan":9,"Shuriken":10,"Bag of Preparation":7,"Odd Mushroom":11,"Burning Blood":0},{"SsserpentHead":2,"Ornamental Fan":4,"Shuriken":5,"Bag of Preparation":4,"Odd Mushroom":6,"Burning Blood":0},{"SsserpentHead":6,"Ornamental Fan":20,"Shuriken":26,"Bag of Preparation":20,"Odd Mushroom":32,"Burning Blood":0}],"Burning Blood":41},"card_choices":[{"not_picked":["Sword Boomerang","True Grit"],"picked":"Armaments","floor":1},{"not_picked":["Thunderclap","Warcry"],"picked":"Flame Barrier","floor":2},{"not_picked":["Warcry","Dropkick"],"picked":"Anger","floor":5},{"not_picked":["Fiend Fire","Reckless Charge","Evolve"],"picked":"SKIP","floor":7},{"not_picked":["Pommel Strike","Spot Weakness"],"picked":"Shrug It Off","floor":10},{"not_picked":["Bloodletting","Flex"],"picked":"Shrug It Off","floor":11},{"not_picked":["Heavy Blade","Twin Strike"],"picked":"Sword Boomerang","floor":13},{"not_picked":["Sword Boomerang","Havoc"],"picked":"Dual Wield","floor":14}],"player_experience":278099,"relics_obtained":[{"floor":7,"key":"Bag of Preparation"},{"floor":9,"key":"Ornamental Fan"},{"floor":10,"key":"Shuriken"},{"floor":11,"key":"Odd Mushroom"}],"event_choices":[{"damage_healed":0,"gold_gain":0,"player_choice":"Trade","damage_taken":0,"relics_obtained":["SsserpentHead"],"max_hp_gain":0,"max_hp_loss":0,"event_name":"FaceTrader","floor":4,"gold_loss":0},{"damage_healed":0,"gold_gain":0,"player_choice":"Fought Mushrooms","damage_taken":0,"max_hp_gain":0,"max_hp_loss":0,"event_name":"Mushrooms","floor":11,"gold_loss":0}],"is_beta":false,"boss_relics":[],"items_purged_floors":[8],"is_endless":false,"potions_floor_spawned":[2,10,13,14],"killed_by":"Slime Boss","ascension_level":18}}