{"host":"og6lam4kt3nibbw0","time":1611679655,"event":{"mods":["AchievementEnabler","BaseMod","Colored Map","DeckTracker","Highlight Path","Keyboard Shortcuts","Minty Spire (QoL Compilation)","Permanent Neow","Quick Restart","StSLib","SuperFastMode"],"gold_per_floor":[361,286,286,300,300,300,300,300,300,171,183,218,218,229,229,305,305,305,205,205,205,205,205,205,205,205,205,205,205,205,205,205,205,205],"floor_reached":33,"language":"KOR","playtime":1072,"items_purged":["Strike_R","Strike_R"],"score":530,"play_id":"0416d249-7c79-4aca-be36-292984066c78","local_time":"20210127014735","is_ascension_mode":true,"campfire_choices":[{"data":"Fire Breathing","floor":6.0,"key":"SMITH"},{"data":"Cleave","floor":8.0,"key":"SMITH"},{"data":"Wild Strike","floor":13.0,"key":"SMITH"},{"data":"Shrug It Off","floor":15.0,"key":"SMITH"},{"data":"Warcry","floor":23.0,"key":"SMITH"},{"data":"Pommel Strike","floor":28.0,"key":"SMITH"},{"data":"Impervious","floor":32.0,"key":"SMITH"}],"circlet_count":0,"master_deck":["AscendersBane","Strike_R","Strike_R","Defend_R","Defend_R","Defend_R","Defend_R","Bash","Cleave+1","Fire Breathing+1","Shrug It Off+1","Wild Strike+1","Shrug It Off","Impervious+1","Warcry+1","Headbutt","Pommel Strike+1","Evolve+1"],"relics":["Burning Blood","Darkstone Periapt","Oddly Smooth Stone","Ectoplasm","Enchiridion","Calipers","Smiling Mask","Pocketwatch","Singing Bowl"],"acts_visited":["Exordium","TheCity"],"potions_floor_usage":[33],"damage_taken":[{"damage":2.0,"enemies":"Cultist","floor":1.0,"turns":4.0},{"damage":4.0,"enemies":"Small Slimes","floor":4.0,"turns":4.0},{"damage":13.0,"enemies":"Jaw Worm","floor":11.0,"turns":6.0},{"damage":20.0,"enemies":"Lagavulin","floor":12.0,"turns":7.0},{"damage":1.0,"enemies":"Exordium Wildlife","floor":14.0,"turns":3.0},{"damage":57.0,"enemies":"Hexaghost","floor":16.0,"turns":10.0},{"damage":0.0,"enemies":"Chosen","floor":18.0,"turns":4.0},{"damage":8.0,"enemies":"2 Thieves","floor":19.0,"turns":5.0},{"damage":7.0,"enemies":"3 Cultists","floor":20.0,"turns":4.0},{"damage":0.0,"enemies":"Snake Plant","floor":22.0,"turns":5.0},{"damage":20.0,"enemies":"Slavers","floor":24.0,"turns":4.0},{"damage":4.0,"enemies":"Chosen and Byrds","floor":27.0,"turns":5.0},{"damage":0.0,"enemies":"Snecko","floor":30.0,"turns":4.0},{"damage":10.0,"enemies":"Colosseum Slavers","floor":31.0,"turns":5.0},{"damage":1.0,"enemies":"Colosseum Nobs","floor":31.0,"turns":4.0},{"damage":46,"enemies":"Collector","floor":33,"turns":6}],"seed_played":"-2984418680197927278","potions_obtained":[{"floor":4.0,"key":"SteroidPotion"},{"floor":11.0,"key":"SteroidPotion"},{"floor":14.0,"key":"BloodPotion"},{"floor":16.0,"key":"Weak Potion"},{"floor":18.0,"key":"Swift Potion"},{"floor":19.0,"key":"Block Potion"},{"floor":22.0,"key":"Fire Potion"}],"is_trial":false,"path_per_floor":["M","$","?","M","?","R","?","R","T","$","M","E","R","M","R","B",null,"M","M","M","?","M","R","E","?","T","M","R","?","M","?","R","B"],"character_chosen":"IRONCLAD","items_purchased":["Shrug It Off"],"campfire_rested":0,"item_purchase_floors":[10],"current_hp_per_floor":[68,68,73,73,73,73,73,73,73,73,66,52,52,57,57,20,60,66,64,63,42,48,48,34,34,34,36,36,36,42,45,45,0,0],"gold":205,"neow_bonus":"TWO_FIFTY_GOLD","is_daily":false,"chose_seed":false,"campfire_upgraded":7,"win_rate":0.0,"timestamp":1611679655,"path_taken":["M","$","?","M","?","R","?","R","T","$","M","E","R","M","R","BOSS","M","M","M","?","M","R","E","?","T","M","R","?","M","?","R","BOSS"],"items_purchased_type":["Card"],"build_version":"2020-12-22","purchased_purges":2,"victory":false,"max_hp_per_floor":[68,68,73,73,73,73,73,73,73,73,73,73,73,73,73,73,73,73,73,73,73,73,73,73,73,73,73,73,73,73,75,75,75,75],"card_choices":[{"not_picked":["Infernal Blade","Headbutt"],"picked":"Cleave","floor":1.0},{"not_picked":["Heavy Blade","Warcry"],"picked":"Fire Breathing","floor":4.0},{"not_picked":["Seeing Red","Rage"],"picked":"Wild Strike","floor":11.0},{"not_picked":["Carnage","Whirlwind","Anger"],"picked":"SKIP","floor":12.0},{"not_picked":["Searing Blow","Combust"],"picked":"Shrug It Off","floor":14.0},{"not_picked":["Exhume","Limit Break"],"picked":"Impervious","floor":16.0},{"not_picked":["Twin Strike","Carnage"],"picked":"Warcry","floor":18.0},{"not_picked":["Bloodletting+1","Dual Wield","Dropkick+1"],"picked":"SKIP","floor":19.0},{"not_picked":["Thunderclap","Inflame"],"picked":"Headbutt","floor":20.0},{"not_picked":["Heavy Blade","Havoc","Cleave"],"picked":"SKIP","floor":22.0},{"not_picked":["Whirlwind","Uppercut"],"picked":"Pommel Strike","floor":24.0},{"not_picked":["Clash","Iron Wave","Bloodletting"],"picked":"SKIP","floor":27.0},{"not_picked":["Limit Break","Intimidate"],"picked":"Evolve+1","floor":30.0},{"not_picked":["True Grit","Anger","Evolve"],"picked":"Singing Bowl","floor":31.0}],"player_experience":958073,"relics_obtained":[{"floor":9.0,"key":"Darkstone Periapt"},{"floor":12.0,"key":"Oddly Smooth Stone"},{"floor":21.0,"key":"Enchiridion"},{"floor":24.0,"key":"Calipers"},{"floor":26.0,"key":"Smiling Mask"},{"floor":31.0,"key":"Pocketwatch"},{"floor":31.0,"key":"Singing Bowl"}],"event_choices":[{"damage_healed":0.0,"max_hp_gain":5.0,"max_hp_loss":0.0,"gold_gain":0.0,"event_name":"Big Fish","player_choice":"Donut","floor":3.0,"gold_loss":0.0,"damage_taken":0.0},{"damage_healed":0.0,"max_hp_gain":0.0,"max_hp_loss":0.0,"gold_gain":0.0,"event_name":"Liars Game","player_choice":"Ignored","floor":5.0,"gold_loss":0.0,"damage_taken":0.0},{"damage_healed":0.0,"max_hp_gain":0.0,"max_hp_loss":0.0,"gold_gain":0.0,"event_name":"Shining Light","player_choice":"Ignored","floor":7.0,"gold_loss":0.0,"damage_taken":0.0},{"damage_healed":0.0,"max_hp_gain":0.0,"max_hp_loss":0.0,"gold_gain":0.0,"event_name":"Cursed Tome","player_choice":"Obtained Book","floor":21.0,"gold_loss":0.0,"damage_taken":21.0},{"cards_removed":["Strike_R"],"damage_healed":0.0,"max_hp_gain":0.0,"max_hp_loss":0.0,"gold_gain":0.0,"event_name":"Back to Basics","player_choice":"Elegance","floor":25.0,"gold_loss":0.0,"damage_taken":0.0},{"damage_healed":0.0,"max_hp_gain":0.0,"max_hp_loss":0.0,"gold_gain":0.0,"event_name":"Vampires","player_choice":"Ignored","floor":29.0,"gold_loss":0.0,"damage_taken":0.0},{"damage_healed":0.0,"max_hp_gain":0.0,"max_hp_loss":0.0,"gold_gain":0.0,"event_name":"Colosseum","player_choice":"Fight","floor":31.0,"gold_loss":0.0,"damage_taken":0.0},{"damage_healed":0.0,"max_hp_gain":0.0,"max_hp_loss":0.0,"gold_gain":0.0,"event_name":"Colosseum","player_choice":"Fought Nobs","floor":31.0,"gold_loss":0.0,"damage_taken":0.0}],"is_beta":false,"boss_relics":[{"not_picked":["Fusion Hammer","Runic Pyramid"],"picked":"Ectoplasm"}],"items_purged_floors":[2,10],"is_endless":false,"potions_floor_spawned":[4,11,14,16,18,19,22],"killed_by":"Collector","ascension_level":20}}