{"host":"6xsbn6ynqlzwllfm","time":1611676282,"event":{"mods":["2.2 Compatiblity","BaseMod","Bestiary","Colored Map","Colored Powertips","Curses Come First","Highlight Path","Keyboard Shortcuts","Minty Spire (QoL Compilation)","Relic Stats","Slay the Relics Exporter","StSLib","SuperFastMode"],"gold_per_floor":[115,115,190,205,36,36,64,64,91,126,142,175,175,22,22,98,98,112,36,54,65,75,75,109,109,132,132,132,132,145,145,145,221,221,235,68,84,99,117,117,148,148,148,148,148,148,0,15,15,15,15,15],"floor_reached":51,"language":"ENG","playtime":2829,"items_purged":["Strike_R"],"score":1397,"play_id":"5b9254cb-4b5d-427a-b868-914db0c44512","local_time":"20210126105122","is_ascension_mode":true,"campfire_choices":[{"data":"Bash","floor":6,"key":"SMITH"},{"data":"Clothesline","floor":8,"key":"SMITH"},{"data":"Rupture","floor":15,"key":"SMITH"},{"floor":23,"key":"REST"},{"floor":25,"key":"REST"},{"data":"Disarm","floor":27,"key":"SMITH"},{"data":"Combust","floor":29,"key":"SMITH"},{"data":"RitualDagger","floor":32,"key":"SMITH"},{"floor":40,"key":"REST"},{"floor":42,"key":"REST"},{"floor":44,"key":"REST"},{"floor":46,"key":"RECALL"},{"floor":49,"key":"REST"}],"circlet_count":0,"master_deck":["AscendersBane","Strike_R","Strike_R","Defend_R","Defend_R","Defend_R","Defend_R","Bash+1","Disarm+1","Clothesline+1","Battle Trance+1","Rupture+1","Headbutt","Combust+1","Impervious","Armaments+1","Shrug It Off","Intimidate","Battle Trance","RitualDagger+1","Brutality","Sword Boomerang"],"relics":["Burning Blood","NeowsBlessing","Oddly Smooth Stone","Lizard Tail","Anchor","Mango","Pear","Busted Crown","War Paint","Akabeko","Ancient Tea Set","Velvet Choker","Lee\u0027s Waffle","Nunchaku","Red Mask"],"acts_visited":["Exordium","TheCity","TheBeyond"],"potions_floor_usage":[12,16,24,24,33,41,50],"damage_taken":[{"damage":0,"enemies":"2 Louse","floor":1,"turns":1},{"damage":0,"enemies":"Cultist","floor":4,"turns":1},{"damage":0,"enemies":"3 Sentries","floor":7,"turns":2},{"damage":40,"enemies":"Lagavulin","floor":10,"turns":9},{"damage":10,"enemies":"Small Slimes","floor":11,"turns":3},{"damage":8,"enemies":"Gremlin Nob","floor":12,"turns":3},{"damage":39,"enemies":"The Guardian","floor":16,"turns":8},{"damage":24,"enemies":"2 Thieves","floor":18,"turns":4},{"damage":19,"enemies":"Spheric Guardian","floor":20,"turns":7},{"damage":7,"enemies":"Snake Plant","floor":21,"turns":4},{"damage":29,"enemies":"Sentry and Sphere","floor":22,"turns":7},{"damage":21,"enemies":"Gremlin Leader","floor":24,"turns":7},{"damage":4,"enemies":"Centurion and Healer","floor":30,"turns":5},{"damage":22,"enemies":"Champ","floor":33,"turns":20},{"damage":26,"enemies":"3 Darklings","floor":35,"turns":6},{"damage":12,"enemies":"3 Shapes","floor":37,"turns":4},{"damage":16,"enemies":"Transient","floor":38,"turns":6},{"damage":30,"enemies":"Sphere and 2 Shapes","floor":39,"turns":6},{"damage":100,"enemies":"Nemesis","floor":41,"turns":9},{"damage":19,"enemies":"Writhing Mass","floor":48,"turns":7},{"damage":69,"enemies":"Donu and Deca","floor":50,"turns":9},{"damage":47,"enemies":"Time Eater","floor":51,"turns":7}],"seed_played":"-2796872730930640756","potions_obtained":[{"floor":7,"key":"AttackPotion"},{"floor":11,"key":"Block Potion"},{"floor":12,"key":"DuplicationPotion"},{"floor":22,"key":"AttackPotion"},{"floor":24,"key":"Weak Potion"},{"floor":38,"key":"Ancient Potion"},{"floor":39,"key":"SkillPotion"},{"floor":41,"key":"DuplicationPotion"}],"is_trial":false,"path_per_floor":["M","?","?","M","$","R","E","R","T","E","M","E","?","$","R","B",null,"M","?","M","M","M","R","E","R","T","R","?","R","M","?","R","B",null,"M","$","M","M","M","R","E","R","T","R","?","R","?","M","R","B","B"],"character_chosen":"IRONCLAD","items_purchased":["Oddly Smooth Stone","Combust","Lee\u0027s Waffle"],"campfire_rested":6,"item_purchase_floors":[5,14,36],"current_hp_per_floor":[74,74,63,69,69,69,75,75,75,55,51,59,59,59,59,26,81,63,63,50,49,26,55,40,69,69,69,69,69,71,65,65,49,87,67,106,100,90,66,97,56,87,87,106,96,96,96,83,106,43,0,0],"gold":15,"neow_bonus":"THREE_ENEMY_KILL","is_daily":false,"chose_seed":false,"campfire_upgraded":6,"win_rate":0.0,"timestamp":1611676282,"path_taken":["M","?","?","M","$","R","E","R","T","E","M","E","?","$","R","BOSS","M","?","M","M","?","R","E","R","T","R","?","R","?","?","R","BOSS","M","$","M","M","M","R","E","R","T","R","?","R","?","M","R","BOSS","BOSS"],"items_purchased_type":["Relic","Card","Relic"],"build_version":"2020-12-22","purchased_purges":1,"victory":false,"max_hp_per_floor":[75,75,75,75,75,75,75,75,75,89,89,99,99,99,99,99,99,99,99,99,99,99,99,99,99,99,99,99,99,99,99,99,99,99,99,106,106,106,106,106,106,106,106,106,106,106,106,106,106,106,106,106],"relic_stats":{"Lizard Tail":53,"Lee\u0027s Waffle":39,"Nunchaku":[4],"Busted Crown":32,"counters":[22,135],"War Paint":["Battle Trance","Armaments"],"obtain_stats":[{"Lee\u0027s Waffle":36,"Pear":12,"NeowsBlessing":0,"Oddly Smooth Stone":5,"Velvet Choker":34,"Mango":10,"War Paint":19,"Ancient Tea Set":26,"Burning Blood":0,"Akabeko":24,"Lizard Tail":7,"Anchor":9,"Nunchaku":41,"Busted Crown":17,"Red Mask":47},{"Lee\u0027s Waffle":15,"Pear":6,"NeowsBlessing":0,"Oddly Smooth Stone":2,"Velvet Choker":14,"Mango":4,"War Paint":8,"Ancient Tea Set":12,"Burning Blood":0,"Akabeko":12,"Lizard Tail":3,"Anchor":3,"Nunchaku":19,"Busted Crown":7,"Red Mask":19},{"Lee\u0027s Waffle":87,"Pear":19,"NeowsBlessing":0,"Oddly Smooth Stone":2,"Velvet Choker":81,"Mango":13,"War Paint":31,"Ancient Tea Set":56,"Burning Blood":0,"Akabeko":56,"Lizard Tail":4,"Anchor":4,"Nunchaku":112,"Busted Crown":27,"Red Mask":112}],"Burning Blood":126},"card_choices":[{"not_picked":["Sword Boomerang","Combust"],"picked":"Disarm","floor":1},{"not_picked":["Flame Barrier","Combust"],"picked":"Battle Trance","floor":4},{"not_picked":["Battle Trance","Shrug It Off"],"picked":"Rupture","floor":7},{"not_picked":["Impervious","Warcry"],"picked":"Headbutt","floor":10},{"not_picked":["Heavy Blade","Havoc","Headbutt"],"picked":"SKIP","floor":12},{"not_picked":["Exhume","Demon Form"],"picked":"Impervious","floor":16},{"not_picked":[],"picked":"Armaments","floor":18},{"not_picked":[],"picked":"Shrug It Off","floor":20},{"not_picked":["Cleave"],"picked":"SKIP","floor":21},{"not_picked":["Intimidate"],"picked":"SKIP","floor":22},{"not_picked":[],"picked":"Intimidate","floor":22},{"not_picked":[],"picked":"Battle Trance","floor":24},{"not_picked":[],"picked":"Brutality","floor":33},{"not_picked":["Iron Wave"],"picked":"SKIP","floor":35},{"not_picked":["Bloodletting"],"picked":"SKIP","floor":38},{"not_picked":["Dropkick"],"picked":"SKIP","floor":39},{"not_picked":["Shrug It Off"],"picked":"SKIP","floor":41},{"not_picked":[],"picked":"Sword Boomerang","floor":48}],"player_experience":1121229,"relics_obtained":[{"floor":7,"key":"Lizard Tail"},{"floor":9,"key":"Anchor"},{"floor":10,"key":"Mango"},{"floor":12,"key":"Pear"},{"floor":24,"key":"Akabeko"},{"floor":26,"key":"Ancient Tea Set"},{"floor":41,"key":"Nunchaku"}],"event_choices":[{"damage_healed":0,"gold_gain":0,"cards_transformed":["Strike_R"],"player_choice":"Change","damage_taken":0,"max_hp_gain":0,"max_hp_loss":0,"event_name":"Living Wall","floor":2,"gold_loss":0,"cards_obtained":["Clothesline"]},{"damage_healed":0,"gold_gain":75,"player_choice":"Gather Gold","damage_taken":11,"max_hp_gain":0,"max_hp_loss":0,"event_name":"World of Goop","floor":3,"gold_loss":0},{"damage_healed":0,"gold_gain":0,"player_choice":"Leave","damage_taken":0,"max_hp_gain":0,"max_hp_loss":0,"event_name":"The Cleric","floor":13,"gold_loss":0},{"damage_healed":0,"gold_gain":0,"player_choice":"Paid Gold","damage_taken":0,"relics_obtained":["War Paint"],"max_hp_gain":0,"max_hp_loss":0,"event_name":"WeMeetAgain","floor":19,"gold_loss":76},{"cards_removed":["Strike_R"],"damage_healed":0,"gold_gain":0,"player_choice":"Card Removal","damage_taken":0,"max_hp_gain":0,"max_hp_loss":0,"event_name":"Wheel of Change","floor":28,"gold_loss":0},{"damage_healed":0,"gold_gain":0,"player_choice":"Joined the Cult","damage_taken":6,"max_hp_gain":0,"max_hp_loss":0,"event_name":"Nest","floor":31,"gold_loss":0,"cards_obtained":["RitualDagger"]},{"damage_healed":0,"gold_gain":0,"player_choice":"Memory 3","damage_taken":10,"max_hp_gain":0,"max_hp_loss":0,"event_name":"SensoryStone","floor":45,"gold_loss":0},{"damage_healed":0,"gold_gain":0,"player_choice":"Paid","damage_taken":0,"relics_obtained":["Red Mask"],"max_hp_gain":0,"max_hp_loss":0,"event_name":"Tomb of Lord Red Mask","floor":47,"gold_loss":148}],"is_beta":false,"boss_relics":[{"not_picked":["Mark of Pain","Black Star"],"picked":"Busted Crown"},{"not_picked":["Philosopher\u0027s Stone","Empty Cage"],"picked":"Velvet Choker"}],"items_purged_floors":[14],"is_endless":false,"potions_floor_spawned":[7,11,12,22,24,38,39,41],"killed_by":"Time Eater","ascension_level":20}}