{"host":"1ekl8hlbnopmdapi","time":1611689767,"event":{"mods":["AchievementEnabler","BaseMod","Colored Map","Colored Powertips","DeckTracker","Googly Eyes","Highlight Path","Minty Spire (QoL Compilation)","Relic Sorter","StSLib","Synergy Search"],"gold_per_floor":[164,164,464,429,27,53,53,78,78,91,108,108,120,135,135,234,234,246,246,265,279,299,299,314,314,314,314,314,325,340,350,350,350,350],"floor_reached":33,"language":"ENG","playtime":834,"items_purged":[],"score":326,"play_id":"d75c55e0-3451-431c-b4e4-71692336442b","local_time":"20210126143607","is_ascension_mode":true,"campfire_choices":[{"floor":7,"key":"RECALL"},{"floor":15,"key":"REST"},{"floor":23,"key":"REST"},{"floor":25,"key":"REST"},{"floor":28,"key":"REST"},{"floor":32,"key":"REST"}],"circlet_count":0,"master_deck":["Strike_G","Strike_G+1","Strike_G","Strike_G","Strike_G+1","Defend_G","Defend_G","Defend_G","Defend_G","Defend_G","Survivor","Neutralize+1","Quick Slash","Footwork","Bane","Finisher","Backstab+1","Flying Knee","Quick Slash","Quick Slash","A Thousand Cuts","Flying Knee+1","Poisoned Stab","Deadly Poison+1","Poisoned Stab","Dagger Spray+1","Glass Knife","Leg Sweep"],"relics":["Tiny House","TwistedFunnel","Question Card","InkBottle","Orichalcum","Boot","HoveringKite","Whetstone","Nloth\u0027s Gift"],"acts_visited":["Exordium","TheCity"],"potions_floor_usage":[6,8,20,21,21,22,33,33],"damage_taken":[{"damage":0,"enemies":"Small Slimes","floor":1,"turns":3},{"damage":23,"enemies":"Lagavulin","floor":6,"turns":6},{"damage":22,"enemies":"Gremlin Nob","floor":8,"turns":4},{"damage":2,"enemies":"Jaw Worm","floor":10,"turns":3},{"damage":0,"enemies":"Cultist","floor":11,"turns":2},{"damage":0,"enemies":"3 Louse","floor":13,"turns":2},{"damage":6,"enemies":"Lots of Slimes","floor":14,"turns":2},{"damage":37,"enemies":"Hexaghost","floor":16,"turns":11},{"damage":17,"enemies":"Shell Parasite","floor":18,"turns":5},{"damage":16,"enemies":"2 Thieves","floor":20,"turns":2},{"damage":13,"enemies":"Snake Plant","floor":21,"turns":4},{"damage":9,"enemies":"Centurion and Healer","floor":22,"turns":7},{"damage":14,"enemies":"3 Cultists","floor":24,"turns":4},{"damage":10,"enemies":"Shelled Parasite and Fungi","floor":29,"turns":3},{"damage":37,"enemies":"Snake Plant","floor":30,"turns":3},{"damage":6,"enemies":"3 Cultists","floor":31,"turns":3},{"damage":65,"enemies":"Automaton","floor":33,"turns":6}],"seed_played":"8759802229184341388","potions_obtained":[{"floor":0,"key":"Poison Potion"},{"floor":1,"key":"Poison Potion"},{"floor":8,"key":"SteroidPotion"},{"floor":10,"key":"EssenceOfSteel"},{"floor":18,"key":"Swift Potion"},{"floor":20,"key":"Energy Potion"},{"floor":30,"key":"GamblersBrew"},{"floor":31,"key":"SpeedPotion"}],"is_trial":false,"path_per_floor":["M","?","?","?","$","E","R","E","T","M","M","?","M","M","R","B",null,"M","?","M","M","M","R","M","R","T","?","R","M","M","M","R","B"],"character_chosen":"THE_SILENT","items_purchased":["TwistedFunnel","Question Card"],"campfire_rested":5,"item_purchase_floors":[5,5],"current_hp_per_floor":[75,80,55,75,75,52,52,30,30,28,28,28,28,22,46,9,62,45,45,29,16,7,31,17,41,41,41,65,55,18,12,36,0,0],"gold":350,"neow_bonus":"BOSS_RELIC","is_daily":false,"chose_seed":false,"campfire_upgraded":0,"win_rate":0.0,"timestamp":1611689767,"path_taken":["M","?","?","?","$","E","R","E","T","M","M","?","?","M","R","BOSS","M","?","M","?","M","R","M","R","T","?","R","M","M","?","R","BOSS"],"items_purchased_type":["Relic","Relic"],"build_version":"2020-12-22","purchased_purges":0,"victory":false,"max_hp_per_floor":[75,80,80,80,80,80,80,80,80,80,80,80,80,80,80,80,80,80,80,80,80,80,80,80,80,80,80,80,80,80,80,80,80,80],"card_choices":[{"not_picked":["Leg Sweep","Footwork"],"picked":"Quick Slash","floor":0},{"not_picked":["Reflex","Predator"],"picked":"Footwork","floor":1},{"not_picked":["Sucker Punch","Concentrate","Choke"],"picked":"Bane","floor":6},{"not_picked":["Slice","Accuracy","Expertise"],"picked":"Finisher","floor":8},{"not_picked":["Eviscerate","Dagger Spray","Tactician"],"picked":"Backstab","floor":10},{"not_picked":["Riddle With Holes","Deadly Poison","Blade Dance"],"picked":"Flying Knee","floor":11},{"not_picked":["Backstab","Underhanded Strike","All Out Attack"],"picked":"Quick Slash","floor":13},{"not_picked":["Backstab","Venomology","Blade Dance"],"picked":"Quick Slash","floor":14},{"not_picked":["Glass Knife","Doppelganger","Storm of Steel"],"picked":"A Thousand Cuts","floor":16},{"not_picked":["Deadly Poison","Backstab","Quick Slash"],"picked":"Flying Knee+1","floor":18},{"not_picked":["Acrobatics+1","Backflip+1","Riddle With Holes"],"picked":"Poisoned Stab","floor":20},{"not_picked":["Underhanded Strike","Expertise","Well Laid Plans","Outmaneuver"],"picked":"SKIP","floor":21},{"not_picked":["Concentrate","Flying Knee","Tactician"],"picked":"Deadly Poison+1","floor":22},{"not_picked":["Dagger Throw","Underhanded Strike","Sucker Punch+1"],"picked":"Poisoned Stab","floor":24},{"not_picked":["Deflect","Bullet Time","Choke+1"],"picked":"Dagger Spray+1","floor":29},{"not_picked":["Quick Slash+1","Infinite Blades","Blade Dance+1"],"picked":"Glass Knife","floor":30},{"not_picked":["Bane","Endless Agony","Underhanded Strike"],"picked":"Leg Sweep","floor":31}],"player_experience":499691,"relics_obtained":[{"floor":6,"key":"InkBottle"},{"floor":8,"key":"Orichalcum"},{"floor":9,"key":"Boot"},{"floor":26,"key":"Whetstone"}],"event_choices":[{"damage_healed":0,"gold_gain":0,"player_choice":"Donut","damage_taken":0,"max_hp_gain":5,"max_hp_loss":0,"event_name":"Big Fish","floor":2,"gold_loss":0},{"damage_healed":0,"gold_gain":0,"player_choice":"Success","damage_taken":25,"relics_obtained":["Old Coin"],"max_hp_gain":0,"max_hp_loss":0,"event_name":"Scrap Ooze","floor":3,"gold_loss":0},{"damage_healed":20,"gold_gain":0,"player_choice":"Healed","damage_taken":0,"max_hp_gain":0,"max_hp_loss":0,"event_name":"The Cleric","floor":4,"gold_loss":35},{"damage_healed":0,"gold_gain":0,"player_choice":"Ignored","damage_taken":0,"max_hp_gain":0,"max_hp_loss":0,"event_name":"Liars Game","floor":12,"gold_loss":0},{"damage_healed":0,"gold_gain":0,"player_choice":"Upgraded","damage_taken":0,"max_hp_gain":0,"max_hp_loss":0,"event_name":"Upgrade Shrine","floor":19,"gold_loss":0,"cards_upgraded":["Backstab"]},{"damage_healed":0,"gold_gain":0,"player_choice":"Traded Relic","damage_taken":0,"relics_obtained":["Nloth\u0027s Gift"],"max_hp_gain":0,"max_hp_loss":0,"event_name":"N\u0027loth","floor":27,"relics_lost":["Old Coin"],"gold_loss":0}],"is_beta":false,"boss_relics":[{"not_picked":["Fusion Hammer","Empty Cage"],"picked":"HoveringKite"}],"items_purged_floors":[],"is_endless":false,"potions_floor_spawned":[1,8,10,18,20,30,31],"killed_by":"Automaton","ascension_level":5}}