{"host":"wmz27iczv4t8azac","time":1611683180,"event":{"mods":["AchievementEnabler","BaseMod","Colored Powertips","Minty Spire (QoL Compilation)","Quick Restart","Relic Stats","StSLib"],"gold_per_floor":[119,119,138,150,162,188,188,206,284,301,301,321,321,346,346,422,422,436,470,89,109,120,120,153,153,179,208,208,233,74,103,103,175,175,185,185,199,199,199],"floor_reached":38,"language":"ENG","playtime":1549,"items_purged":["Strike_G"],"score":958,"play_id":"f3ec442c-add2-486d-9135-6cbe7fd874f4","local_time":"20210126094620","is_ascension_mode":true,"campfire_choices":[{"data":"Predator","floor":7.0,"key":"SMITH"},{"data":"Masterful Stab","floor":11.0,"key":"SMITH"},{"data":"Skewer","floor":13.0,"key":"SMITH"},{"floor":15.0,"key":"REST"},{"floor":23.0,"key":"REST"},{"floor":25.0,"key":"REST"},{"floor":32.0,"key":"REST"}],"circlet_count":0,"master_deck":["AscendersBane","Strike_G","Strike_G","Strike_G","Strike_G","Defend_G","Defend_G","Defend_G","Defend_G","Survivor","Neutralize","Escape Plan","Predator+1","Skewer+1","Noxious Fumes","Bouncing Flask","Acrobatics","Masterful Stab+1","Flying Knee","Glass Knife","Dagger Spray","Blur","Wraith Form v2","Noxious Fumes+1","Caltrops","Shame","Deadly Poison","Dash","Noxious Fumes+1","Malaise","Outmaneuver+1","Finesse"],"relics":["Ring of the Snake","NeowsBlessing","Bottled Tornado","Ornamental Fan","PreservedInsect","Fusion Hammer","Red Mask","Potion Belt","WingedGreaves","Blood Vial","Ancient Tea Set","HornCleat","Toy Ornithopter","Snake Skull","Velvet Choker"],"acts_visited":["Exordium","TheCity","TheBeyond"],"potions_floor_usage":[37],"damage_taken":[{"damage":0.0,"enemies":"Cultist","floor":1.0,"turns":1.0},{"damage":0.0,"enemies":"Jaw Worm","floor":3.0,"turns":1.0},{"damage":0.0,"enemies":"Small Slimes","floor":4.0,"turns":1.0},{"damage":11.0,"enemies":"Looter","floor":5.0,"turns":3.0},{"damage":18.0,"enemies":"Lagavulin","floor":6.0,"turns":6.0},{"damage":4.0,"enemies":"2 Fungi Beasts","floor":8.0,"turns":4.0},{"damage":13.0,"enemies":"Blue Slaver","floor":10.0,"turns":3.0},{"damage":3.0,"enemies":"Large Slime","floor":12.0,"turns":4.0},{"damage":15.0,"enemies":"Slime Boss","floor":16.0,"turns":6.0},{"damage":3.0,"enemies":"Spheric Guardian","floor":18.0,"turns":3.0},{"damage":41.0,"enemies":"Masked Bandits","floor":19.0,"turns":4.0},{"damage":5.0,"enemies":"3 Byrds","floor":21.0,"turns":5.0},{"damage":0.0,"enemies":"3 Cultists","floor":22.0,"turns":4.0},{"damage":0.0,"enemies":"Gremlin Leader","floor":24.0,"turns":4.0},{"damage":12.0,"enemies":"Slavers","floor":27.0,"turns":5.0},{"damage":12.0,"enemies":"Book of Stabbing","floor":29.0,"turns":5.0},{"damage":4.0,"enemies":"Slavers","floor":31.0,"turns":4.0},{"damage":32,"enemies":"Automaton","floor":33,"turns":8},{"damage":14,"enemies":"Orb Walker","floor":35,"turns":4},{"damage":11,"enemies":"3 Shapes","floor":37,"turns":4},{"damage":40,"enemies":"2 Orb Walkers","floor":38,"turns":5}],"seed_played":"233212081933006147","potions_obtained":[{"floor":4.0,"key":"Poison Potion"},{"floor":5.0,"key":"Fire Potion"},{"floor":8.0,"key":"Dexterity Potion"},{"floor":10.0,"key":"CunningPotion"},{"floor":19.0,"key":"EntropicBrew"},{"floor":21.0,"key":"GhostInAJar"},{"floor":27.0,"key":"DuplicationPotion"},{"floor":29.0,"key":"LiquidMemories"},{"floor":35,"key":"ColorlessPotion"}],"is_trial":false,"path_per_floor":["M","?","M","M","M","E","R","M","T","M","R","M","R","T","R","B",null,"M","?","$","M","M","R","E","R","T","E","?","E","$","E","R","B",null,"M","?","M","?"],"character_chosen":"THE_SILENT","items_purchased":["Wraith Form v2","Potion Belt","SkillPotion","Dash","EssenceOfSteel"],"campfire_rested":4,"item_purchase_floors":[20,20,20,30,30],"current_hp_per_floor":[59,59,59,59,48,30,30,26,26,13,13,10,10,10,29,14,53,50,9,9,4,4,23,23,42,42,32,32,22,22,30,49,19,54,42,42,38,0,0],"gold":199,"neow_bonus":"THREE_ENEMY_KILL","is_daily":false,"chose_seed":false,"campfire_upgraded":3,"win_rate":0.0,"timestamp":1611683180,"path_taken":["M","?","?","M","M","E","R","M","T","M","R","M","R","?","R","BOSS","M","?","$","M","M","R","E","R","T","E","?","E","$","E","R","BOSS","M","?","M","?"],"items_purchased_type":["Card","Relic","Potion","Card","Potion"],"build_version":"2020-12-22","purchased_purges":1,"victory":false,"max_hp_per_floor":[66,66,66,66,66,66,66,66,66,66,66,66,66,66,66,66,66,66,66,66,66,66,66,66,66,66,66,66,66,66,66,66,66,66,66,66,66,66,66],"relic_stats":{"Blood Vial":14,"counters":[21,84],"Ornamental Fan":[68],"PreservedInsect":175,"Snake Skull":[51],"obtain_stats":[{"Potion Belt":20,"NeowsBlessing":0,"Velvet Choker":34,"PreservedInsect":14,"Snake Skull":31,"Bottled Tornado":6,"Ancient Tea Set":27,"Blood Vial":26,"HornCleat":28,"Ornamental Fan":9,"Fusion Hammer":17,"WingedGreaves":24,"Red Mask":19,"Toy Ornithopter":29,"Ring of the Snake":0},{"Potion Belt":11,"NeowsBlessing":0,"Velvet Choker":18,"PreservedInsect":8,"Snake Skull":17,"Bottled Tornado":5,"Ancient Tea Set":15,"Blood Vial":14,"HornCleat":15,"Ornamental Fan":6,"Fusion Hammer":9,"WingedGreaves":14,"Red Mask":11,"Toy Ornithopter":16,"Ring of the Snake":0},{"Potion Belt":36,"NeowsBlessing":0,"Velvet Choker":71,"PreservedInsect":23,"Snake Skull":63,"Bottled Tornado":12,"Ancient Tea Set":54,"Blood Vial":49,"HornCleat":54,"Ornamental Fan":16,"Fusion Hammer":29,"WingedGreaves":49,"Red Mask":36,"Toy Ornithopter":59,"Ring of the Snake":0}],"Toy Ornithopter":15,"Ring of the Snake":[42]},"card_choices":[{"not_picked":["Backflip","Acrobatics"],"picked":"Escape Plan","floor":1.0},{"not_picked":["Cloak And Dagger","Expertise"],"picked":"Predator","floor":3.0},{"not_picked":["Outmaneuver","Burst"],"picked":"Skewer","floor":4.0},{"not_picked":["Cloak And Dagger","Calculated Gamble"],"picked":"Noxious Fumes","floor":5.0},{"not_picked":["Dodge and Roll","Predator"],"picked":"Bouncing Flask","floor":6.0},{"not_picked":["Escape Plan","Quick Slash"],"picked":"Acrobatics","floor":8.0},{"not_picked":["Tactician","Concentrate"],"picked":"Masterful Stab","floor":10.0},{"not_picked":["Acrobatics","Riddle With Holes"],"picked":"Flying Knee","floor":12.0},{"not_picked":["Wraith Form v2","Tools of the Trade"],"picked":"Glass Knife","floor":16.0},{"not_picked":["Riddle With Holes","Prepared"],"picked":"Dagger Spray","floor":18.0},{"not_picked":["Backflip","Outmaneuver"],"picked":"Blur","floor":19.0},{"not_picked":["Sucker Punch","Outmaneuver","Backflip"],"picked":"SKIP","floor":21.0},{"not_picked":["Tactician","Finisher","Escape Plan"],"picked":"SKIP","floor":22.0},{"not_picked":["Eviscerate","Outmaneuver"],"picked":"Noxious Fumes+1","floor":24.0},{"not_picked":["Riddle With Holes","Prepared"],"picked":"Caltrops","floor":27.0},{"not_picked":["Accuracy","Slice"],"picked":"Deadly Poison","floor":29.0},{"not_picked":["Dagger Spray","Choke"],"picked":"Noxious Fumes+1","floor":31.0},{"not_picked":["Die Die Die","A Thousand Cuts"],"picked":"Malaise","floor":33},{"not_picked":["Deflect","Bane+1"],"picked":"Outmaneuver+1","floor":35},{"not_picked":["Enlightenment","Flash of Steel"],"picked":"Finesse","floor":36},{"not_picked":["Poisoned Stab","Acrobatics","Dash"],"picked":"SKIP","floor":37}],"player_experience":936200,"relics_obtained":[{"floor":6.0,"key":"Bottled Tornado"},{"floor":9.0,"key":"Ornamental Fan"},{"floor":14.0,"key":"PreservedInsect"},{"floor":19.0,"key":"Red Mask"},{"floor":24.0,"key":"WingedGreaves"},{"floor":26.0,"key":"Blood Vial"},{"floor":27.0,"key":"Ancient Tea Set"},{"floor":29.0,"key":"Toy Ornithopter"},{"floor":31.0,"key":"Snake Skull"}],"event_choices":[{"cards_removed":["Defend_G"],"damage_healed":0.0,"max_hp_gain":0.0,"max_hp_loss":0.0,"gold_gain":0.0,"event_name":"Purifier","player_choice":"Purged","floor":2.0,"gold_loss":0.0,"damage_taken":0.0},{"damage_healed":0.0,"max_hp_gain":0.0,"max_hp_loss":0.0,"gold_gain":0.0,"event_name":"Masked Bandits","player_choice":"Fought Bandits","floor":19.0,"gold_loss":0.0,"damage_taken":0.0},{"damage_healed":0.0,"max_hp_gain":0.0,"max_hp_loss":0.0,"gold_gain":0.0,"event_name":"Addict","player_choice":"Stole Relic","floor":28.0,"gold_loss":0.0,"damage_taken":0.0,"relics_obtained":["HornCleat"],"cards_obtained":["Shame"]},{"damage_healed":0,"gold_gain":0,"player_choice":"Memory 1","damage_taken":0,"max_hp_gain":0,"max_hp_loss":0,"event_name":"SensoryStone","floor":36,"gold_loss":0},{"damage_healed":0,"gold_gain":0,"player_choice":"Fight","damage_taken":0,"max_hp_gain":0,"max_hp_loss":0,"event_name":"Mysterious Sphere","floor":38,"gold_loss":0}],"is_beta":false,"boss_relics":[{"not_picked":["Tiny House","WristBlade"],"picked":"Fusion Hammer"},{"not_picked":["Busted Crown","Ring of the Serpent"],"picked":"Velvet Choker"}],"items_purged_floors":[20],"is_endless":false,"potions_floor_spawned":[4,5,8,10,19,21,27,29,35],"killed_by":"2 Orb Walkers","ascension_level":20}}