{"host":"w2kjv12xyhtt0cv2","time":1611677640,"event":{"mods":["Act Like it!","BaseMod","Colored Map","Friendly Minions","Gensokyo","GifTheSpireLib","Highlight Path","Hubris","Kiyohime（清姬）","Marisa（F雨　魔理沙）","Minty Spire (QoL Compilation)","Quick Restart","Reimu（博丽灵梦）","Relic Stats","Replay The Spire","RumiaBox-露米娅的神秘盒子","Shop Mod","Spicy Shops","StSLib","The Cursed","The Servant 0.9.4","UnlockEverythingMod","Waifu the Spire","[功能]功能增强和修复MOD","vexMod","【功能Mod】Neow奖励","【遗物卡牌】REMEMod","没有小屋子和绿帽子啦"],"gold_per_floor":[110,110,110,122,122,150,266,299,299,299,327,327,362,72,72,176,842,859,372,372,29,29,54,54,89,89,107,336,350,376,409,409,506,506,517,517,11,11,11,44,54,86,86,117,117,147,147,173,173,173,173,173,317,346,346],"floor_reached":56,"language":"ZHS","playtime":3281,"items_purged":["TheCursedMod:Strike_TheCursed","Normality"],"score":2705,"play_id":"dafe2495-0118-48cc-937f-08610115ada6","local_time":"20210127001400","is_ascension_mode":true,"campfire_choices":[{"floor":10.0,"key":"REST"},{"data":"TheCursedMod:LuckyCharm","floor":12.0,"key":"SMITH"},{"data":"TheCursedMod:CleanUpWorkshop","floor":15.0,"key":"SMITH"},{"data":"Gensokyo:TekeTeke","floor":32.0,"key":"SMITH"},{"floor":49,"key":"RECALL"},{"data":"TheCursedMod:CursedRelics","floor":52,"key":"SMITH"}],"circlet_count":0,"master_deck":["TheCursedMod:CursedWand","TheCursedMod:CleanUpWorkshop+1","TheCursedMod:Dregs","Spreading Infection","Injury","TheCursedMod:SurpriseAttack+1","TheCursedMod:HellfireBreathing","TheCursedMod:CircleOfBlood","TheCursedMod:HellsGateOpen","TheCursedMod:OutForBlood","Gensokyo:TekeTeke+1","TheCursedMod:RapidMovement","Hallucinations","TheCursedMod:LuckyCharm+1","TheCursedMod:SpitefulPlan+1","TheCursedMod:CursedRelics+1","TheCursedMod:CursedRelics+1","Poisoned Strike+1","CurseOfTheBell","TheCursedMod:ManaCirculation","TheCursedMod:RavingStaff+1","TheCursedMod:Hemoplague","TheCursedMod:CursedBlade+1","TheCursedMod:CursedRelics"],"relics":["REME_ComplimentaryCards","Kintsugi","hubris:Icosahedron","GodSword5","REME_HandOfSuture","GodSword7","GodSword1","Blue Candle","Garlic","GodSword4","vexMod:RockOfEvil","hubris:EmptyBottle","Gensokyo:DirgeOfMelancholy","Membership Card","MoreBug","Replay:Rubber Ducky","ReplayTheSpireMod:TigerMarble","Ring of Fury","ReplayTheSpireMod:Ring of Exchange","Mastiff:ReiMu","hubris:Teleporter","hubris:CrystalStatue","Onion Ring","ReplayTheSpireMod:Lightbulb","Strawberry","RedLine:ReiMu","PreservedInsect","Anchor","hubris:SlimyHat","Oddly Smooth Stone","Calling Bell","Orichalcum","Pear","Ice Cream","hubris:Towel","Lantern","vexMod:RetaliationKit","vexMod:ScavengeHelm","hubris:TenFootPole","Regal Pillow","Happy Flower","Replay:Baseball","hubris:NiceRug","CrazyTorch:ReiMu","Blood Vial","hubris:ScarierMask","RuthlessExorcism:ReiMu","vexMod:PaidLearning","Whetstone"],"acts_visited":["Exordium","Gensokyo:Gensokyoer","Gensokyo:Gensokyoest","TheEnding"],"potions_floor_usage":[50,55,55,55,55],"damage_taken":[{"damage":1.0,"enemies":"Jaw Worm","floor":1.0,"turns":3.0},{"damage":1.0,"enemies":"Cultist","floor":4.0,"turns":3.0},{"damage":50.0,"enemies":"Gremlin Nob","floor":6.0,"turns":10.0},{"damage":0.0,"enemies":"2 Louse","floor":7.0,"turns":3.0},{"damage":14.0,"enemies":"Lagavulin","floor":8.0,"turns":5.0},{"damage":0.0,"enemies":"Gremlin Nob","floor":11.0,"turns":4.0},{"damage":11.0,"enemies":"Lagavulin","floor":13.0,"turns":3.0},{"damage":0.0,"enemies":"The Guardian","floor":16.0,"turns":8.0},{"damage":0.0,"enemies":"Gensokyo:CosmicMonolith","floor":18.0,"turns":3.0},{"damage":0.0,"enemies":"Gensokyo:Koishi","floor":23.0,"turns":3.0},{"damage":0.0,"enemies":"Gensokyo:Reisen","floor":25.0,"turns":6.0},{"damage":0.0,"enemies":"Gensokyo:2_Gloops","floor":27.0,"turns":3.0},{"damage":0.0,"enemies":"Gensokyo:Tenshi","floor":28.0,"turns":3.0},{"damage":0.0,"enemies":"Gensokyo:Swordslinger","floor":29.0,"turns":2.0},{"damage":0.0,"enemies":"Gensokyo:Reisen","floor":30.0,"turns":2.0},{"damage":2.0,"enemies":"Gensokyo:Koishi","floor":31.0,"turns":3.0},{"damage":0.0,"enemies":"Gensokyo:Eternal_Rivals","floor":33.0,"turns":5.0},{"damage":0.0,"enemies":"Gensokyo:AncientGuardian","floor":35.0,"turns":2.0},{"damage":0.0,"enemies":"Gensokyo:Doremy","floor":40.0,"turns":2.0},{"damage":0.0,"enemies":"Gensokyo:3_Bats","floor":41.0,"turns":3.0},{"damage":0.0,"enemies":"Gensokyo:Marisa","floor":42.0,"turns":2.0},{"damage":0.0,"enemies":"Gensokyo:Kasen","floor":44.0,"turns":2.0},{"damage":0.0,"enemies":"Gensokyo:Doremy","floor":46.0,"turns":2.0},{"damage":0,"enemies":"Gensokyo:Kasen","floor":48,"turns":2},{"damage":0,"enemies":"Gensokyo:Yuyuko","floor":50,"turns":3},{"damage":0,"enemies":"hubris:Merchant","floor":53,"turns":3},{"damage":0,"enemies":"Shield and Spear","floor":54,"turns":1},{"damage":0,"enemies":"The Heart","floor":55,"turns":3}],"seed_played":"-8679228544100467511","potions_obtained":[{"floor":1.0,"key":"Elixir"},{"floor":8.0,"key":"SpeedPotion"},{"floor":13.0,"key":"Block Potion"},{"floor":13.0,"key":"Adrenaline Potion"},{"floor":16.0,"key":"CultistPotion"},{"floor":25.0,"key":"Swift Potion"},{"floor":42.0,"key":"ColorlessPotion"},{"floor":44.0,"key":"Fruit Juice"},{"floor":53,"key":"Venom Potion"}],"is_trial":false,"path_per_floor":["M","?","T","M","?","E","M","E","T","R","E","R","E","$","R","B",null,"M","COS","?","$","?","E","?","E","T","M","E","M","E","E","R","B",null,"M","?","$","?","?","E","M","E","T","E","?","E","?","E","R_BF","B",null,"R","$","E","B",null],"character_chosen":"THE_CURSED","items_purchased":["GodSword4","Membership Card","MoreBug","Replay:Rubber Ducky","PreservedInsect","Anchor","hubris:SlimyHat","Oddly Smooth Stone","Poisoned Strike","Calling Bell","Replay:Baseball"],"campfire_rested":1,"item_purchase_floors":[14,21,21,21,37,37,37,37,37,37,53],"current_hp_per_floor":[67,67,67,66,66,16,16,2,2,29,33,33,28,28,28,32,72,75,75,75,75,75,75,75,75,75,75,77,77,77,84,84,84,84,84,84,94,94,94,94,94,94,94,104,104,106,106,106,106,106,106,106,106,106,106],"gold":346,"neow_bonus":"BOSS_RELIC","is_daily":false,"chose_seed":false,"campfire_upgraded":4,"win_rate":0.0,"timestamp":1611677640,"path_taken":["M","?","?","?","?","E","?","E","T","R","E","R","E","?","R","BOSS","M","COS","?","$","?","E","?","E","T","M","E","?","E","E","R","BOSS","M","?","$","?","?","E","?","E","T","E","?","E","?","E","R_BF","BOSS","R","$","E","BOSS"],"items_purchased_type":["Relic","Relic","Relic","Relic","Relic","Relic","Relic","Relic","Card","Relic","Relic"],"build_version":"2020-12-22","purchased_purges":2,"victory":true,"max_hp_per_floor":[75,75,75,75,75,75,75,75,75,75,75,75,75,75,75,75,75,75,75,75,75,75,75,75,75,75,75,77,77,77,84,84,84,84,84,84,94,94,94,94,94,94,94,104,104,106,106,106,106,106,106,106,106,106,106],"relic_stats":{"Blood Vial":0,"Regal Pillow":0,"Happy Flower":[3],"counters":[28,92],"Blue Candle":[0],"PreservedInsect":503,"Whetstone":["TheCursedMod:SurpriseAttack","Poisoned Strike"],"Orichalcum":[0],"obtain_stats":[{"Ice Cream":37,"hubris:CrystalStatue":28,"Whetstone":54,"vexMod:RockOfEvil":17,"RedLine:ReiMu":34,"Blood Vial":53,"Mastiff:ReiMu":25,"Strawberry":31,"vexMod:RetaliationKit":42,"MoreBug":21,"TheCursedMod:BlackMagic101":0,"hubris:Teleporter":25,"Pear":37,"Happy Flower":48,"vexMod:ScavengeHelm":43,"Blue Candle":11,"Oddly Smooth Stone":37,"vexMod:PaidLearning":53,"Replay:Baseball":53,"Onion Ring":28,"GodSword7":8,"ReplayTheSpireMod:TigerMarble":23,"hubris:TenFootPole":44,"GodSword5":3,"Kintsugi":0,"GodSword4":14,"GodSword1":9,"ReplayTheSpireMod:Ring of Exchange":24,"Lantern":40,"Regal Pillow":46,"hubris:SlimyHat":37,"hubris:EmptyBottle":19,"Replay:Rubber Ducky":21,"Frozen Eye":23,"hubris:Icosahedron":2,"hubris:ScarierMask":53,"Gensokyo:DirgeOfMelancholy":20,"PreservedInsect":37,"Orichalcum":37,"hubris:Towel":38,"Calling Bell":37,"Anchor":37,"CrazyTorch:ReiMu":53,"Ring of Fury":24,"REME_HandOfSuture":6,"Garlic":13,"Membership Card":21,"ReplayTheSpireMod:Lightbulb":30,"REME_ComplimentaryCards":0,"hubris:NiceRug":53,"RuthlessExorcism:ReiMu":53},{"Ice Cream":18,"hubris:CrystalStatue":13,"Whetstone":27,"vexMod:RockOfEvil":8,"RedLine:ReiMu":17,"Blood Vial":26,"Mastiff:ReiMu":11,"Strawberry":16,"vexMod:RetaliationKit":21,"MoreBug":9,"TheCursedMod:BlackMagic101":0,"hubris:Teleporter":11,"Pear":18,"Happy Flower":24,"vexMod:ScavengeHelm":21,"Blue Candle":6,"Oddly Smooth Stone":18,"vexMod:PaidLearning":26,"Replay:Baseball":25,"Onion Ring":13,"GodSword7":5,"ReplayTheSpireMod:TigerMarble":10,"hubris:TenFootPole":22,"GodSword5":1,"Kintsugi":0,"GodSword4":7,"GodSword1":5,"ReplayTheSpireMod:Ring of Exchange":10,"Lantern":19,"Regal Pillow":23,"hubris:SlimyHat":18,"hubris:EmptyBottle":9,"Replay:Rubber Ducky":9,"Frozen Eye":9,"hubris:Icosahedron":1,"hubris:ScarierMask":26,"Gensokyo:DirgeOfMelancholy":9,"PreservedInsect":18,"Orichalcum":18,"hubris:Towel":18,"Calling Bell":18,"Anchor":18,"CrazyTorch:ReiMu":26,"Ring of Fury":10,"REME_HandOfSuture":3,"Garlic":7,"Membership Card":9,"ReplayTheSpireMod:Lightbulb":15,"REME_ComplimentaryCards":0,"hubris:NiceRug":26,"RuthlessExorcism:ReiMu":26},{"Ice Cream":69,"hubris:CrystalStatue":53,"Whetstone":89,"vexMod:RockOfEvil":39,"RedLine:ReiMu":67,"Blood Vial":88,"Mastiff:ReiMu":48,"Strawberry":62,"vexMod:RetaliationKit":76,"MoreBug":42,"TheCursedMod:BlackMagic101":0,"hubris:Teleporter":50,"Pear":69,"Happy Flower":82,"vexMod:ScavengeHelm":76,"Blue Candle":28,"Oddly Smooth Stone":69,"vexMod:PaidLearning":88,"Replay:Baseball":85,"Onion Ring":55,"GodSword7":24,"ReplayTheSpireMod:TigerMarble":45,"hubris:TenFootPole":78,"GodSword5":3,"Kintsugi":0,"GodSword4":31,"GodSword1":24,"ReplayTheSpireMod:Ring of Exchange":45,"Lantern":71,"Regal Pillow":80,"hubris:SlimyHat":69,"hubris:EmptyBottle":42,"Replay:Rubber Ducky":42,"Frozen Eye":42,"hubris:Icosahedron":3,"hubris:ScarierMask":88,"Gensokyo:DirgeOfMelancholy":42,"PreservedInsect":69,"Orichalcum":69,"hubris:Towel":69,"Calling Bell":69,"Anchor":69,"CrazyTorch:ReiMu":88,"Ring of Fury":45,"REME_HandOfSuture":16,"Garlic":31,"Membership Card":42,"ReplayTheSpireMod:Lightbulb":59,"REME_ComplimentaryCards":0,"hubris:NiceRug":88,"RuthlessExorcism:ReiMu":88}]},"card_choices":[{"not_picked":["TheCursedMod:TacticalStrike","TheCursedMod:SpreadPlague"],"picked":"TheCursedMod:SurpriseAttack","floor":1.0},{"not_picked":["TheCursedMod:Stretching","TheCursedMod:CursedMace","TheCursedMod:CircleOfFlame"],"picked":"SKIP","floor":4.0},{"not_picked":["TheCursedMod:ReleasedStrength","TheCursedMod:ManaCirculation","TheCursedMod:Hemoplague"],"picked":"SKIP","floor":6.0},{"not_picked":["TheCursedMod:SurpriseAttack","TheCursedMod:PrepareRite"],"picked":"TheCursedMod:HellfireBreathing","floor":7.0},{"not_picked":["TheCursedMod:Obscuration","TheCursedMod:OutForBlood"],"picked":"TheCursedMod:CircleOfBlood","floor":8.0},{"not_picked":["TheCursedMod:CursedBoomerang","TheCursedMod:DarkBarrier"],"picked":"TheCursedMod:HellsGateOpen","floor":11.0},{"not_picked":["TheCursedMod:ManaBullet","TheCursedMod:FleshFromBone","TheCursedMod:CircleOfFlame"],"picked":"SKIP","floor":13.0},{"not_picked":["TheCursedMod:UltimatePain","TheCursedMod:CircleOfAbyss"],"picked":"TheCursedMod:OutForBlood","floor":16.0},{"not_picked":["TheCursedMod:PrepareRite","TheCursedMod:VitalStrike+1","TheCursedMod:SmokeScreen"],"picked":"SKIP","floor":18.0},{"not_picked":["TheCursedMod:SoulCrush","TheCursedMod:FleshFromBone+1"],"picked":"TheCursedMod:RapidMovement","floor":23.0},{"not_picked":["TheCursedMod:VitalStrike+1","TheCursedMod:Evocation+1","TheCursedMod:CircleOfAbyss"],"picked":"SKIP","floor":25.0},{"not_picked":["TheCursedMod:CircleOfWindfury","TheCursedMod:CursedBoomerang"],"picked":"TheCursedMod:SpitefulPlan+1","floor":27.0},{"not_picked":["TheCursedMod:Stigma","TheCursedMod:SpitefulPray"],"picked":"TheCursedMod:LuckyCharm","floor":28.0},{"not_picked":["TheCursedMod:ReleasedKnowledge","TheCursedMod:PrepareRite+1","TheCursedMod:Obscuration+1"],"picked":"SKIP","floor":29.0},{"not_picked":["TheCursedMod:Obscuration+1","TheCursedMod:TacticalStrike","TheCursedMod:CursedAmulet"],"picked":"SKIP","floor":30.0},{"not_picked":["TheCursedMod:ReleasedKnowledge","TheCursedMod:ForbiddenAlchemy"],"picked":"TheCursedMod:SpitefulPlan","floor":31.0},{"not_picked":["TheCursedMod:ParallelWorld","TheCursedMod:DemonicPact"],"picked":"TheCursedMod:CursedRelics","floor":33.0},{"not_picked":["TheCursedMod:RapidMovement","TheCursedMod:Grudge","TheCursedMod:Obscuration"],"picked":"SKIP","floor":35.0},{"not_picked":["TheCursedMod:HellfireBreathing","TheCursedMod:DoubleShield+1"],"picked":"TheCursedMod:ManaCirculation","floor":40.0},{"not_picked":["TheCursedMod:StingEye+1","TheCursedMod:Torture"],"picked":"TheCursedMod:RavingStaff+1","floor":41.0},{"not_picked":["TheCursedMod:CursedBlade+1","TheCursedMod:TroublousMinions"],"picked":"TheCursedMod:Hemoplague","floor":42.0},{"not_picked":["TheCursedMod:RapidMovement","TheCursedMod:CircleOfCorruption+1","TheCursedMod:HellfireBreathing"],"picked":"SKIP","floor":44.0},{"not_picked":["TheCursedMod:CircleOfBlood+1","TheCursedMod:Grudge+1","TheCursedMod:TacticalStrike+1"],"picked":"SKIP","floor":46.0},{"not_picked":["TheCursedMod:BloodBarrier","TheCursedMod:ForbiddenAlchemy"],"picked":"TheCursedMod:CursedBlade+1","floor":48},{"not_picked":["TheCursedMod:ManaBullet"],"picked":"SKIP","floor":53},{"not_picked":["TheCursedMod:CursedShiv"],"picked":"SKIP","floor":53},{"not_picked":["TheCursedMod:RapidMovement+1"],"picked":"SKIP","floor":53},{"not_picked":["TheCursedMod:Evocation"],"picked":"SKIP","floor":53},{"not_picked":["TheCursedMod:HellsGateOpen"],"picked":"SKIP","floor":53},{"not_picked":["Blind"],"picked":"SKIP","floor":53},{"not_picked":["REME_EyeOfCthun"],"picked":"SKIP","floor":53},{"not_picked":["TheCursedMod:CircleOfBlood+1","TheCursedMod:FuryStrike+1"],"picked":"TheCursedMod:CursedRelics","floor":54}],"player_experience":218543,"relics_obtained":[{"floor":3.0,"key":"GodSword5"},{"floor":6.0,"key":"REME_HandOfSuture"},{"floor":8.0,"key":"GodSword7"},{"floor":9.0,"key":"GodSword1"},{"floor":11.0,"key":"Blue Candle"},{"floor":13.0,"key":"Garlic"},{"floor":23.0,"key":"ReplayTheSpireMod:TigerMarble"},{"floor":24.0,"key":"Ring of Fury"},{"floor":24.0,"key":"ReplayTheSpireMod:Ring of Exchange"},{"floor":25.0,"key":"hubris:Teleporter"},{"floor":28.0,"key":"Onion Ring"},{"floor":30.0,"key":"ReplayTheSpireMod:Lightbulb"},{"floor":31.0,"key":"Strawberry"},{"floor":37.0,"key":"Orichalcum"},{"floor":37.0,"key":"Pear"},{"floor":37.0,"key":"Ice Cream"},{"floor":40.0,"key":"Lantern"},{"floor":42.0,"key":"vexMod:RetaliationKit"},{"floor":43.0,"key":"vexMod:ScavengeHelm"},{"floor":44.0,"key":"hubris:TenFootPole"},{"floor":46.0,"key":"Regal Pillow"},{"floor":48,"key":"Happy Flower"},{"floor":53,"key":"CrazyTorch:ReiMu"},{"floor":53,"key":"Blood Vial"},{"floor":53,"key":"hubris:ScarierMask"},{"floor":53,"key":"RuthlessExorcism:ReiMu"},{"floor":53,"key":"vexMod:PaidLearning"},{"floor":54,"key":"Whetstone"}],"event_choices":[{"cards_removed":["TheCursedMod:Strike_TheCursed"],"damage_healed":0.0,"max_hp_gain":0.0,"max_hp_loss":0.0,"gold_gain":0.0,"event_name":"Bonfire Elementals","player_choice":"Offered Basic","floor":5.0,"gold_loss":0.0,"damage_taken":0.0}],"is_beta":false,"boss_relics":[{"not_picked":["vexMod:MegatonBomb","SlaversCollar"],"picked":"vexMod:RockOfEvil"},{"not_picked":["Chemical X","hubris:CrackedHourglass"],"picked":"RedLine:ReiMu"}],"items_purged_floors":[14,53],"is_endless":false,"potions_floor_spawned":[1,8,13,13,16,18,25,25,30,33,40,42,44,46,54],"ascension_level":8}}