{"host":"ds28d883r3sz42zs","time":1611640941,"event":{"mods":["2.2 Compatiblity","AchievementEnabler","Act Like it!","BaseMod","Bestiary","Better Match","Better Sensory Stone","Better Third Choice","Better-Laid Plans","BetterRewards","Block Reminder","Challenge The Spire","Colored Map","Colored Powertips","DeckTracker","Defuse TimeMaze Blight","Disable Question Mark Monsters","Displayed Cursed Tome","Emptier Cage","GifTheSpireLib","Gold Saver","Hallownest","Infinite Spire","Minty Spire (QoL Compilation)","Permanent Neow","Practice Mode","Quick Restart","Random Character Button","Rare Cards Sparkle","Relic Filter","Relic Sorter","Relic Stats","Reliquary","SacredBarkPlus","Shop Mod","Spire Arcade","StSLib","SuperFastMode","The Bug Knight","Uncapped","Unknown Chances","Wide Potions"],"gold_per_floor":[116,191,202,222,241,272,46,73,73,100,100,135,147,182,182,283,283,299,299,299,48,59,59,103,124,195,195,228,269,350,388,388,497,497,524,553,598,625,71,71,91,135,135,148,175,218,218,236,236,236,236,236,27,62,62],"floor_reached":56,"language":"ENG","playtime":3676,"items_purged":["Strike_G","Skewer","Expertise"],"score":1949,"play_id":"f2ee4f4e-1fb9-459d-8c9d-c2381df4e489","local_time":"20210126010221","is_ascension_mode":true,"campfire_choices":[{"data":"Glass Knife","floor":11.0,"key":"SMITH"},{"data":"Crippling Poison","floor":15.0,"key":"SMITH"},{"data":"A Thousand Cuts","floor":23.0,"key":"SMITH"},{"data":"Noxious Fumes","floor":27.0,"key":"SMITH"},{"data":"Wraith Form v2","floor":32.0,"key":"SMITH"},{"data":"Footwork","floor":40.0,"key":"SMITH"},{"floor":47,"key":"RECALL"},{"data":"Wraith Form v2","floor":49,"key":"SMITH"},{"data":"Footwork","floor":52,"key":"SMITH"}],"circlet_count":0,"master_deck":["Survivor","Neutralize+1","Crippling Poison+1","Deflect","Glass Knife+1","Noxious Fumes+1","Footwork+1","Backflip","Backflip+1","A Thousand Cuts+1","Deflect","Footwork+1","Backflip+1","Wraith Form v2+1","Cloak And Dagger+1","Leg Sweep","Leg Sweep","Deflect+1","Dodge and Roll","Wraith Form v2+1","PiercingWail","Adrenaline","Dodge and Roll+1","Backflip+1","Acrobatics","Cloak And Dagger+1","Calculated Gamble+1","Night Terror","Apotheosis","Concentrate"],"relics":["Ring of the Snake","Centennial Puzzle","Orrery","Pantograph","The Courier","Eternal Feather","reliquary:TridentHead","Akabeko","reliquary:WritOfMandamus","Nilry\u0027s Codex","Thread and Needle","CeramicFish","Question Card","WingedGreaves","infinitespire:Beetle Shell","Pandora\u0027s Box","Torii","reliquary:Stiletto","Black Star","Unceasing Top","Toy Ornithopter","TwistedFunnel","TungstenRod","infinitespire:Eraser","Bottled Lightning","reliquary:Buckler","reliquary:FeatherDuster","White Beast Statue","Singing Bowl","Vajra","Bottled Tornado"],"acts_visited":["Exordium","TheCity","TheBeyond","TheEnding"],"potions_floor_usage":[42,45,45,50,54,55,55,55,55],"damage_taken":[{"damage":1.0,"enemies":"2 Louse","floor":1.0,"turns":3.0},{"damage":0.0,"enemies":"Jaw Worm","floor":3.0,"turns":6.0},{"damage":3.0,"enemies":"Small Slimes","floor":4.0,"turns":5.0},{"damage":0.0,"enemies":"3 Louse","floor":5.0,"turns":4.0},{"damage":18.0,"enemies":"Lagavulin","floor":6.0,"turns":7.0},{"damage":3.0,"enemies":"3 Sentries","floor":8.0,"turns":7.0},{"damage":24.0,"enemies":"Gremlin Nob","floor":10.0,"turns":4.0},{"damage":14.0,"enemies":"3 Sentries","floor":12.0,"turns":7.0},{"damage":0.0,"enemies":"Looter","floor":13.0,"turns":3.0},{"damage":0.0,"enemies":"Lagavulin","floor":14.0,"turns":7.0},{"damage":3.0,"enemies":"Hexaghost","floor":16.0,"turns":11.0},{"damage":8.0,"enemies":"Spheric Guardian","floor":18.0,"turns":3.0},{"damage":12.0,"enemies":"3 Byrds","floor":22.0,"turns":4.0},{"damage":7.0,"enemies":"Book of Stabbing","floor":24.0,"turns":6.0},{"damage":0.0,"enemies":"3 Cultists","floor":25.0,"turns":2.0},{"damage":20.0,"enemies":"Slavers","floor":28.0,"turns":5.0},{"damage":4.0,"enemies":"Gremlin Leader","floor":29.0,"turns":5.0},{"damage":19.0,"enemies":"Slavers","floor":31.0,"turns":3.0},{"damage":1.0,"enemies":"Champ","floor":33.0,"turns":12.0},{"damage":0.0,"enemies":"Orb Walker","floor":35.0,"turns":2.0},{"damage":10.0,"enemies":"3 Shapes","floor":36.0,"turns":1.0},{"damage":33.0,"enemies":"2 Orb Walkers","floor":37.0,"turns":5.0},{"damage":23.0,"enemies":"Maw","floor":38.0,"turns":10.0},{"damage":0.0,"enemies":"4 Shapes","floor":41.0,"turns":3.0},{"damage":5,"enemies":"Nightmare","floor":42,"turns":9},{"damage":0,"enemies":"Jaw Worm Horde","floor":44,"turns":2},{"damage":29,"enemies":"Reptomancer","floor":45,"turns":8},{"damage":0,"enemies":"Giant Head","floor":46,"turns":12},{"damage":0,"enemies":"Sphere and 2 Shapes","floor":48,"turns":4},{"damage":26,"enemies":"Time Eater","floor":50,"turns":21},{"damage":73,"enemies":"Shield and Spear","floor":54,"turns":12},{"damage":27,"enemies":"The Heart","floor":55,"turns":12}],"seed_played":"-6217080259278517140","potions_obtained":[{"floor":4.0,"key":"Strength Potion"},{"floor":5.0,"key":"LiquidMemories"},{"floor":10.0,"key":"Dexterity Potion"},{"floor":14.0,"key":"AttackPotion"},{"floor":22.0,"key":"Ancient Potion"},{"floor":29.0,"key":"LiquidMemories"},{"floor":31.0,"key":"Explosive Potion"},{"floor":38.0,"key":"FearPotion"},{"floor":42,"key":"ColorlessPotion"},{"floor":44,"key":"GamblersBrew"},{"floor":45,"key":"Regen Potion"},{"floor":48,"key":"PowerPotion"},{"floor":54,"key":"SpeedPotion"}],"is_trial":false,"path_per_floor":["M","?","M","M","M","E","$","E","T","E","R","E","M","E","R","B",null,"M","?","?","$","M","R","E","M","T","R","E","E","AVR","E","R","B",null,"M","M","?","M","$","R","M","NM","T","M","E","E","R","M","R","B",null,"R","$","E","B",null],"character_chosen":"THE_SILENT","items_purchased":["Orrery","Thread and Needle","Toy Ornithopter","TwistedFunnel","TungstenRod","Apotheosis","EntropicBrew"],"campfire_rested":0,"item_purchase_floors":[7,21,39,39,39,53,53],"current_hp_per_floor":[62,51,51,48,48,30,30,27,27,3,15,1,1,1,13,35,61,53,37,60,60,48,63,56,56,56,70,50,46,46,27,45,69,70,70,60,27,4,4,22,22,27,27,27,8,8,23,25,40,44,65,72,72,19,52],"gold":62,"neow_bonus":"UPGRADE_CARD","is_daily":false,"chose_seed":false,"campfire_upgraded":8,"win_rate":0.0,"timestamp":1611640941,"path_taken":["M","?","M","M","M","E","$","E","T","E","R","E","M","E","R","BOSS","M","?","?","$","M","R","E","M","T","R","E","E","AVR","E","R","BOSS","M","M","?","M","$","R","M","NM","T","M","E","E","R","M","R","BOSS","R","$","E","BOSS"],"items_purchased_type":["Relic","Relic","Relic","Relic","Relic","Card","Potion"],"build_version":"2020-12-22","purchased_purges":3,"victory":true,"max_hp_per_floor":[70,70,70,70,70,70,70,70,70,70,70,70,70,70,70,70,70,70,70,70,70,70,70,70,70,70,70,70,70,70,70,70,70,70,70,70,70,70,70,70,70,70,70,70,70,70,70,72,72,72,72,72,72,72,72],"relic_stats":{"Torii":26,"Singing Bowl":2,"counters":[32,205],"CeramicFish":198,"Eternal Feather":126,"Question Card":21,"Centennial Puzzle":[57],"Pantograph":100,"Pandora\u0027s Box":["Terror","Skewer","Expertise","Crippling Poison","Flechettes","A Thousand Cuts","Unload","Flechettes","Wraith Form v2"],"Black Star":4,"obtain_stats":[{"TwistedFunnel":39,"reliquary:FeatherDuster":45,"Torii":30,"Singing Bowl":46,"Nilry\u0027s Codex":19,"CeramicFish":24,"Vajra":54,"Bottled Tornado":54,"reliquary:TridentHead":12,"Centennial Puzzle":6,"Pantograph":8,"reliquary:Buckler":45,"WingedGreaves":28,"infinitespire:Eraser":42,"Ring of the Snake":0,"Eternal Feather":10,"Thread and Needle":21,"The Courier":9,"infinitespire:Beetle Shell":29,"Question Card":26,"Akabeko":14,"White Beast Statue":46,"Orrery":7,"Pandora\u0027s Box":30,"reliquary:Stiletto":31,"Black Star":34,"Bottled Lightning":42,"reliquary:WritOfMandamus":17,"Unceasing Top":37,"Toy Ornithopter":39,"TungstenRod":39},{"TwistedFunnel":23,"reliquary:FeatherDuster":27,"Torii":17,"Singing Bowl":28,"Nilry\u0027s Codex":12,"CeramicFish":14,"Vajra":31,"Bottled Tornado":31,"reliquary:TridentHead":8,"Centennial Puzzle":5,"Pantograph":6,"reliquary:Buckler":27,"WingedGreaves":16,"infinitespire:Eraser":25,"Ring of the Snake":0,"Eternal Feather":7,"Thread and Needle":12,"The Courier":6,"infinitespire:Beetle Shell":17,"Question Card":15,"Akabeko":10,"White Beast Statue":28,"Orrery":5,"Pandora\u0027s Box":17,"reliquary:Stiletto":18,"Black Star":19,"Bottled Lightning":25,"reliquary:WritOfMandamus":11,"Unceasing Top":22,"Toy Ornithopter":23,"TungstenRod":23},{"TwistedFunnel":122,"reliquary:FeatherDuster":144,"Torii":89,"Singing Bowl":156,"Nilry\u0027s Codex":67,"CeramicFish":77,"Vajra":193,"Bottled Tornado":193,"reliquary:TridentHead":43,"Centennial Puzzle":25,"Pantograph":32,"reliquary:Buckler":144,"WingedGreaves":84,"infinitespire:Eraser":134,"Ring of the Snake":0,"Eternal Feather":36,"Thread and Needle":67,"The Courier":32,"infinitespire:Beetle Shell":89,"Question Card":79,"Akabeko":53,"White Beast Statue":156,"Orrery":25,"Pandora\u0027s Box":89,"reliquary:Stiletto":92,"Black Star":104,"Bottled Lightning":134,"reliquary:WritOfMandamus":64,"Unceasing Top":112,"Toy Ornithopter":122,"TungstenRod":122}],"Unceasing Top":[29],"Toy Ornithopter":0,"TungstenRod":27,"Ring of the Snake":[64]},"card_choices":[{"not_picked":["Dagger Spray","Acrobatics"],"picked":"Crippling Poison","floor":1.0},{"not_picked":["Sucker Punch","Backflip"],"picked":"Slice","floor":3.0},{"not_picked":["Setup","Distraction"],"picked":"Deflect","floor":4.0},{"not_picked":["PiercingWail","Heel Hook"],"picked":"Blade Dance","floor":5.0},{"not_picked":["Endless Agony","Footwork"],"picked":"Glass Knife","floor":6.0},{"not_picked":["Prepared","Outmaneuver"],"picked":"Noxious Fumes","floor":7.0},{"not_picked":["Dagger Spray","Catalyst"],"picked":"Footwork","floor":7.0},{"not_picked":["Underhanded Strike","Cloak And Dagger"],"picked":"Backflip","floor":7.0},{"not_picked":["Bane","Distraction"],"picked":"Backflip","floor":7.0},{"not_picked":["Poisoned Stab","Blade Dance","Heel Hook"],"picked":"SKIP","floor":8.0},{"not_picked":["Sucker Punch","Quick Slash"],"picked":"A Thousand Cuts","floor":10.0},{"not_picked":["Deadly Poison","Slice"],"picked":"Deflect","floor":12.0},{"not_picked":["Prepared","Backflip"],"picked":"Footwork","floor":13.0},{"not_picked":["Deadly Poison","Underhanded Strike"],"picked":"Backflip","floor":14.0},{"not_picked":["Die Die Die","Venomology"],"picked":"Wraith Form v2","floor":16.0},{"not_picked":["Acrobatics","Bouncing Flask"],"picked":"Cloak And Dagger+1","floor":18.0},{"not_picked":["Underhanded Strike","Expertise"],"picked":"Leg Sweep","floor":22.0},{"not_picked":["Flying Knee","Bouncing Flask"],"picked":"Leg Sweep","floor":24.0},{"not_picked":["Reflex","Poisoned Stab"],"picked":"Deflect+1","floor":25.0},{"not_picked":["Grand Finale","Backstab","Infinite Blades+1","Crippling Poison"],"picked":"SKIP","floor":28.0},{"not_picked":["Sucker Punch","Bouncing Flask","Phantasmal Killer"],"picked":"Dodge and Roll","floor":29.0},{"not_picked":["Corpse Explosion","Endless Agony","Underhanded Strike"],"picked":"PiercingWail","floor":31.0},{"not_picked":["Grand Finale","Phantasmal Killer","Wraith Form v2"],"picked":"Adrenaline","floor":33.0},{"not_picked":["Flying Knee","Sucker Punch+1","Dagger Throw+1"],"picked":"Dodge and Roll+1","floor":35.0},{"not_picked":["Dodge and Roll","Underhanded Strike+1","Poisoned Stab+1"],"picked":"Backflip+1","floor":36.0},{"not_picked":["PiercingWail","Slice","Dagger Spray"],"picked":"Acrobatics","floor":38.0},{"not_picked":["Slice","Masterful Stab","Eviscerate+1"],"picked":"Cloak And Dagger+1","floor":41.0},{"not_picked":["Dagger Throw","Expertise+1","Finisher"],"picked":"Calculated Gamble+1","floor":42},{"not_picked":["Distraction","Bane+1","Setup","Catalyst"],"picked":"SKIP","floor":44},{"not_picked":["Glass Knife","Expertise+1","Outmaneuver","Setup"],"picked":"SKIP","floor":45},{"not_picked":["Underhanded Strike","Flechettes","PiercingWail"],"picked":"Night Terror","floor":46},{"not_picked":["Dagger Spray","Sucker Punch+1","Acrobatics","Backflip"],"picked":"Singing Bowl","floor":48},{"not_picked":["Prepared+1","Flying Knee+1","Bullet Time"],"picked":"Concentrate","floor":54}],"player_experience":767126,"relics_obtained":[{"floor":6.0,"key":"Centennial Puzzle"},{"floor":8.0,"key":"Pantograph"},{"floor":9.0,"key":"The Courier"},{"floor":10.0,"key":"Eternal Feather"},{"floor":12.0,"key":"reliquary:TridentHead"},{"floor":14.0,"key":"Akabeko"},{"floor":24.0,"key":"CeramicFish"},{"floor":26.0,"key":"Question Card"},{"floor":28.0,"key":"WingedGreaves"},{"floor":29.0,"key":"infinitespire:Beetle Shell"},{"floor":31.0,"key":"reliquary:Stiletto"},{"floor":37.0,"key":"Unceasing Top"},{"floor":42,"key":"infinitespire:Eraser"},{"floor":42,"key":"Bottled Lightning"},{"floor":45,"key":"reliquary:Buckler"},{"floor":45,"key":"reliquary:FeatherDuster"},{"floor":46,"key":"White Beast Statue"},{"floor":46,"key":"Singing Bowl"},{"floor":54,"key":"Vajra"},{"floor":54,"key":"Bottled Tornado"}],"event_choices":[{"damage_healed":0.0,"max_hp_gain":0.0,"max_hp_loss":0.0,"gold_gain":75.0,"event_name":"betterThird:BetterGoop","player_choice":"Gold","floor":2.0,"gold_loss":0.0,"damage_taken":11.0},{"damage_healed":0.0,"max_hp_gain":0.0,"max_hp_loss":0.0,"gold_gain":0.0,"event_name":"Cursed Tome","player_choice":"Obtained Book","floor":19.0,"gold_loss":0.0,"damage_taken":16.0},{"damage_healed":23.0,"max_hp_gain":0.0,"max_hp_loss":0.0,"gold_gain":0.0,"event_name":"The Library","player_choice":"Heal","floor":20.0,"gold_loss":0.0,"damage_taken":0.0},{"damage_healed":0.0,"max_hp_gain":0.0,"max_hp_loss":0.0,"gold_gain":0.0,"event_name":"Mysterious Sphere","player_choice":"Fight","floor":37.0,"gold_loss":0.0,"damage_taken":0.0}],"is_beta":false,"boss_relics":[{"not_picked":["Fusion Hammer","Velvet Choker"],"picked":"reliquary:WritOfMandamus"},{"not_picked":["reliquary:RedCape","HoveringKite"],"picked":"Black Star"}],"items_purged_floors":[7,30,39],"is_endless":false,"potions_floor_spawned":[4,5,10,14,22,29,31,38,41,42,44,45,48,54],"ascension_level":9}}