{"host":"jumrmhf584hajrnz","time":1611696558,"event":{"mods":["BaseMod","Duelist Mod","GifTheSpireLib","Minty Spire (QoL Compilation)","Quick Restart","StSLib"],"gold_per_floor":[141,141,152,168,182,208,208,236,236,236,236,252,268,319,319,392,392,408,408,418,333,333,368,386,386,386,153,183,201,236,236,236,310,310,326,345,82,82,95,95,130,145,217,217,51,51,51,51,51],"floor_reached":48,"language":"ENG","playtime":2459,"items_purged":["theDuelist:PsiCurse"],"score":1091,"play_id":"bcabed11-ce4c-497a-a8c9-610e2a40f084","local_time":"20210126222918","is_ascension_mode":true,"campfire_choices":[{"floor":7,"key":"RECALL"},{"floor":11,"key":"REST"},{"data":"theDuelist:BreakDraw","floor":15,"key":"SMITH"},{"data":"theDuelist:SpellcasterMetronome","floor":25,"key":"SMITH"},{"floor":32,"key":"REST"},{"data":"theDuelist:DarkSparks","floor":40,"key":"SMITH"},{"floor":44,"key":"REST"}],"circlet_count":0,"master_deck":["theDuelist:Sparks","theDuelist:CastleWalls","theDuelist:Sparks","theDuelist:InfernoFireBlast+1","theDuelist:SangaThunder","theDuelist:ApprenticeIllusionMagician+1","theDuelist:SangaEarth+1","AscendersBane","theDuelist:DarkMagician","theDuelist:SangaEarth","theDuelist:MysticalElf","theDuelist:Hinotama+1","theDuelist:InjectionFairy+1","theDuelist:BigFire","theDuelist:Sparks","theDuelist:FogKing+1","theDuelist:DarkSparks+1","RitualDagger","theDuelist:Mudballman+1","theDuelist:MysticalElf","theDuelist:CombinationAttack","theDuelist:NeoMagic","theDuelist:DarkPaladin+1","theDuelist:InjectionFairy+1","theDuelist:CastleWalls","theDuelist:GhostrickWitch+1","theDuelist:GoblinSecret+1","theDuelist:SpellcasterMetronome+1","theDuelist:NeoMagic","theDuelist:SangaThunder","theDuelist:DarkMagician","theDuelist:Eva+1","theDuelist:BreakDraw+1","theDuelist:InjectionFairy","theDuelist:RainbowMagician+1","theDuelist:GoldenApples+1"],"relics":["theDuelist:MillenniumPuzzle","theDuelist:CardPoolRelic","theDuelist:CardPoolBasicRelic","theDuelist:BoosterPackPoolRelic","theDuelist:CardPoolAddRelic","theDuelist:CardPoolMinusRelic","theDuelist:CardPoolSaveRelic","theDuelist:CardPoolOptionsRelic","NeowsBlessing","theDuelist:MillenniumNecklace","theDuelist:BoosterPackMonsterEgg","StoneCalendar","Velvet Choker","Self Forming Clay","Ice Cream","Anchor","Du-Vu Doll","Nunchaku","Bag of Marbles","Red Mask","theDuelist:HauntedRelic","Membership Card","PreservedInsect","theDuelist:MetronomeRelicB","Frozen Egg 2","Lantern","Akabeko","Smiling Mask"],"acts_visited":["Exordium","TheCity","TheBeyond"],"potions_floor_usage":[8,8,20,28,41],"damage_taken":[{"damage":0,"enemies":"Small Slimes","floor":1,"turns":1},{"damage":0,"enemies":"Cultist","floor":3,"turns":1},{"damage":0,"enemies":"Jaw Worm","floor":4,"turns":1},{"damage":0,"enemies":"2 Fungi Beasts","floor":5,"turns":3},{"damage":22,"enemies":"3 Sentries","floor":6,"turns":11},{"damage":12,"enemies":"Gremlin Nob","floor":8,"turns":4},{"damage":0,"enemies":"Blue Slaver","floor":12,"turns":4},{"damage":10,"enemies":"Large Slime","floor":13,"turns":3},{"damage":56,"enemies":"Slime Boss","floor":16,"turns":7},{"damage":0,"enemies":"2 Thieves","floor":18,"turns":3},{"damage":12,"enemies":"Spheric Guardian","floor":20,"turns":4},{"damage":6,"enemies":"theDuelist:KaibaA2","floor":23,"turns":6},{"damage":22,"enemies":"Chosen and Byrds","floor":24,"turns":6},{"damage":7,"enemies":"Gremlin Leader","floor":28,"turns":6},{"damage":0,"enemies":"Snecko","floor":29,"turns":4},{"damage":24,"enemies":"Masked Bandits","floor":30,"turns":3},{"damage":18,"enemies":"Champ","floor":33,"turns":7},{"damage":0,"enemies":"3 Shapes","floor":35,"turns":2},{"damage":1,"enemies":"Orb Walker","floor":36,"turns":2},{"damage":5,"enemies":"3 Darklings","floor":39,"turns":3},{"damage":7,"enemies":"Reptomancer","floor":41,"turns":4},{"damage":40,"enemies":"Transient","floor":42,"turns":6},{"damage":51,"enemies":"Nemesis","floor":48,"turns":2}],"seed_played":"-479948948747014890","potions_obtained":[{"floor":3,"key":"theDuelist:TokenPotion"},{"floor":3,"key":"theDuelist:FlamingBottle"},{"floor":4,"key":"Regen Potion"},{"floor":6,"key":"theDuelist:BurningPotion"},{"floor":8,"key":"Ancient Potion"},{"floor":8,"key":"FocusPotion"},{"floor":16,"key":"Regen Potion"},{"floor":20,"key":"theDuelist:OrbBottle"},{"floor":23,"key":"Regen Potion"},{"floor":29,"key":"theDuelist:BigTributeBottle"},{"floor":35,"key":"theDuelist:StunPotion"},{"floor":36,"key":"theDuelist:IcePotion"},{"floor":41,"key":"LiquidBronze"},{"floor":42,"key":"Swift Potion"}],"is_trial":false,"path_per_floor":["M","?","M","M","M","E","R","E","T","?","R","M","M","?","R","B",null,"M","?","M","?","T","E","M","R","T","$","E","M","?","?","R","B",null,"M","M","$","?","M","R","E","M","T","R","$","?","T","E"],"character_chosen":"THE_DUELIST","items_purchased":["Nunchaku","Membership Card","PreservedInsect","theDuelist:InjectionFairy","Lantern","Akabeko"],"campfire_rested":3,"item_purchase_floors":[27,37,37,37,45,45],"current_hp_per_floor":[63,63,63,63,63,45,45,45,45,45,67,67,57,57,57,6,57,62,56,61,61,61,60,43,43,43,43,61,61,37,37,59,46,67,67,66,66,66,65,65,63,23,23,45,45,45,45,0,0],"gold":51,"neow_bonus":"THREE_ENEMY_KILL","is_daily":false,"chose_seed":false,"campfire_upgraded":3,"win_rate":0.0,"timestamp":1611696558,"path_taken":["M","?","?","M","M","E","R","E","T","?","R","M","M","?","R","BOSS","M","?","M","?","?","E","M","R","T","$","E","M","?","?","R","BOSS","M","M","?","?","M","R","E","M","T","R","$","?","?","E"],"items_purchased_type":["Relic","Relic","Relic","Card","Relic","Relic"],"build_version":"2020-12-22","purchased_purges":1,"victory":false,"max_hp_per_floor":[70,70,70,70,70,74,74,74,74,74,74,74,74,74,74,74,74,74,74,74,74,74,74,74,74,74,74,74,74,74,74,74,74,74,74,74,74,74,74,74,74,74,74,74,74,74,74,74,74],"card_choices":[{"not_picked":["theDuelist:DarkMagician","theDuelist:Eva","theDuelist:MysticalElf","theDuelist:BadReaction"],"picked":"theDuelist:CombinationAttack","floor":1},{"not_picked":["theDuelist:BlizzardWarrior","theDuelist:ExodiaRL","theDuelist:AlienTelepath","theDuelist:ExodiaRA"],"picked":"theDuelist:SangaEarth","floor":3},{"not_picked":["theDuelist:NeoMagic","theDuelist:FlyingSaucer","theDuelist:ExodiaRL","theDuelist:CombinationAttack"],"picked":"theDuelist:DarkMagician","floor":4},{"not_picked":["theDuelist:SpiritHarp","theDuelist:FlyingSaucer","theDuelist:PowerKaishin","theDuelist:MysticalElf"],"picked":"theDuelist:SangaThunder","floor":5},{"not_picked":["theDuelist:BlizzardWarrior","theDuelist:BlueDragonSummoner","theDuelist:ThousandEyesIdol","theDuelist:AlienTelepath"],"picked":"theDuelist:SangaThunder","floor":6},{"not_picked":["theDuelist:SilentDoom","theDuelist:ContractExodia","theDuelist:VoidExpansion","theDuelist:MagiciansRod"],"picked":"theDuelist:GoblinSecret","floor":8},{"not_picked":["theDuelist:CombinationAttack","theDuelist:SpellShatteringArrow","theDuelist:OnslaughtFireKings","theDuelist:PowerKaishin"],"picked":"theDuelist:BreakDraw","floor":12},{"not_picked":["theDuelist:BlizzardWarrior+1","theDuelist:SangaThunder+1","theDuelist:NeoMagic+1","theDuelist:InfernoFireBlast"],"picked":"theDuelist:InjectionFairy+1","floor":13},{"not_picked":["theDuelist:DunamesDarkWitch+1","theDuelist:KamionTimelord+1","theDuelist:RainbowDarkDragon+1","theDuelist:IrisEarthMother+1"],"picked":"theDuelist:Eva+1","floor":16},{"not_picked":["theDuelist:AttackTheMoon","theDuelist:RedHeadedOni+1","theDuelist:MudragonSwamp+1","theDuelist:ElectromagneticShield"],"picked":"theDuelist:BigFire","floor":18},{"not_picked":["theDuelist:BattleOx+1","theDuelist:GilfordLegend+1","theDuelist:Mudora+1","theDuelist:WormKing+1"],"picked":"theDuelist:Hinotama+1","floor":20},{"not_picked":["theDuelist:SilentDoom","theDuelist:InfernoFireBlast+1","theDuelist:ContractExodia","theDuelist:CircleFireKings"],"picked":"theDuelist:SpellcasterMetronome","floor":23},{"not_picked":["theDuelist:GoldenSparks","theDuelist:Relinquished+1","theDuelist:InariFire+1","theDuelist:AmuletAmbition"],"picked":"theDuelist:DarkPaladin+1","floor":24},{"not_picked":["theDuelist:SpellShatteringArrow+1","theDuelist:PowerKaishin","theDuelist:Mudballman+1","theDuelist:MysticalElf+1"],"picked":"theDuelist:FogKing+1","floor":28},{"not_picked":["theDuelist:SpellShatteringArrow+1","theDuelist:OnslaughtFireKings","theDuelist:Illusionist+1","theDuelist:DoomShaman+1"],"picked":"theDuelist:Mudballman+1","floor":29},{"not_picked":["theDuelist:CombinationAttack+1","theDuelist:CharcoalInpachi+1","theDuelist:SilentDoom+1","theDuelist:InfernoFireBlast+1"],"picked":"theDuelist:ApprenticeIllusionMagician+1","floor":30},{"not_picked":["theDuelist:GoldenSparks","theDuelist:ExodiaHead+1","theDuelist:GrandSpellbookTower","theDuelist:IceQueen+1"],"picked":"theDuelist:GhostrickWitch+1","floor":33},{"not_picked":["theDuelist:CombinationAttack","theDuelist:SpellShatteringArrow","theDuelist:CallAtlanteans","theDuelist:PowerKaishin"],"picked":"theDuelist:InfernoFireBlast+1","floor":35},{"not_picked":["theDuelist:GhostrickWitch+1","theDuelist:LightningBlade+1","theDuelist:Wildfire+1","theDuelist:QueenDragunDjinn+1"],"picked":"theDuelist:DarkSparks","floor":36},{"not_picked":["theDuelist:BlizzardWarrior+1","theDuelist:SangaThunder+1","theDuelist:DarkMagician+1","theDuelist:FogKing+1"],"picked":"theDuelist:InjectionFairy+1","floor":39},{"not_picked":["theDuelist:Eva+1","theDuelist:DarkPaladin+1","theDuelist:Mudballman+1","theDuelist:FogKing+1"],"picked":"theDuelist:SangaEarth+1","floor":41},{"not_picked":["theDuelist:LightningBlade","theDuelist:GuardianAngel+1"],"picked":"theDuelist:RainbowMagician+1","floor":42},{"not_picked":["theDuelist:MudGolem+1","theDuelist:PowerGiant+1","theDuelist:HarpieFeather","theDuelist:Cloning"],"picked":"theDuelist:GoldenApples+1","floor":46}],"player_experience":1575756,"relics_obtained":[{"floor":6,"key":"theDuelist:BoosterPackMonsterEgg"},{"floor":8,"key":"StoneCalendar"},{"floor":22,"key":"Ice Cream"},{"floor":23,"key":"Anchor"},{"floor":26,"key":"Du-Vu Doll"},{"floor":28,"key":"Bag of Marbles"},{"floor":30,"key":"Red Mask"},{"floor":41,"key":"theDuelist:MetronomeRelicB"},{"floor":43,"key":"Frozen Egg 2"},{"floor":47,"key":"Smiling Mask"}],"event_choices":[{"damage_healed":0,"gold_gain":0,"player_choice":"Took item - Received: Millennium Necklace","duelist":true,"damage_taken":0,"max_hp_gain":0,"max_hp_loss":0,"event_name":"Millennium Items","floor":2,"gold_loss":0},{"damage_healed":0,"gold_gain":0,"player_choice":"Grow","damage_taken":0,"max_hp_gain":0,"max_hp_loss":0,"event_name":"Living Wall","floor":10,"gold_loss":0,"cards_upgraded":["theDuelist:GoblinSecret"]},{"damage_healed":0,"gold_gain":51,"player_choice":"Gained Gold","damage_taken":0,"max_hp_gain":0,"max_hp_loss":0,"event_name":"Golden Wing","floor":14,"gold_loss":0},{"damage_healed":0,"gold_gain":0,"player_choice":"Joined the Cult","damage_taken":6,"max_hp_gain":0,"max_hp_loss":0,"event_name":"Nest","floor":19,"gold_loss":0,"cards_obtained":["RitualDagger"]},{"damage_healed":0,"gold_gain":0,"player_choice":"Obtained Relic","damage_taken":0,"relics_obtained":["Self Forming Clay"],"max_hp_gain":0,"max_hp_loss":0,"event_name":"Addict","floor":21,"gold_loss":85},{"damage_healed":0,"gold_gain":0,"player_choice":"Fought Bandits","damage_taken":0,"max_hp_gain":0,"max_hp_loss":0,"event_name":"Masked Bandits","floor":30,"gold_loss":0},{"damage_healed":0,"gold_gain":0,"player_choice":"Got Potions","damage_taken":0,"max_hp_gain":0,"max_hp_loss":0,"event_name":"Lab","floor":31,"gold_loss":0},{"damage_healed":0,"gold_gain":0,"player_choice":"Leave","duelist":true,"damage_taken":0,"max_hp_gain":0,"max_hp_loss":0,"event_name":"Egyptian Village","floor":38,"gold_loss":0},{"damage_healed":0,"gold_gain":0,"player_choice":"Memory 1","damage_taken":0,"max_hp_gain":0,"max_hp_loss":0,"event_name":"SensoryStone","floor":46,"gold_loss":0}],"is_beta":false,"boss_relics":[{"not_picked":["Astrolabe","SlaversCollar"],"picked":"Velvet Choker"},{"not_picked":["Runic Dome","HoveringKite"],"picked":"theDuelist:HauntedRelic"}],"items_purged_floors":[27],"is_endless":false,"potions_floor_spawned":[3,8,12,13,16,18,23,24,36,41],"killed_by":"Nemesis","ascension_level":20}}