{"host":"4u66lrbz4v7cei5p","time":1611690528,"event":{"mods":["BaseMod","Bestiary","Colored Map","Minty Spire (QoL Compilation)","StSLib"],"gold_per_floor":[118,132,132,143,68,68,80,113,195,228,228,247,266,294,294,390,390,407,420,519,519,535,567,647,647,647,647,138,171,171,183,183,284,284,294,308,1307,1307,1333,1333,1344,1344,1418,1418,1418,1293,1312,757,757,757],"floor_reached":51,"language":"ENG","playtime":1323,"items_purged":["Defend_R","Corruption","Normality","Normality"],"score":753,"play_id":"2980478e-49d2-4b2e-8e98-a078add057bb","local_time":"20210126114848","is_ascension_mode":false,"campfire_choices":[{"data":"Flex","floor":6,"key":"SMITH"},{"data":"Immolate","floor":11,"key":"SMITH"},{"data":"Flex","floor":15,"key":"SMITH"},{"data":"Whirlwind","floor":25,"key":"SMITH"},{"data":"Pommel Strike","floor":30,"key":"SMITH"},{"floor":32,"key":"REST"},{"data":"Inflame","floor":40,"key":"SMITH"},{"data":"Cleave","floor":42,"key":"SMITH"},{"data":"Bash","floor":44,"key":"SMITH"},{"floor":49,"key":"REST"}],"circlet_count":0,"master_deck":["Strike_R","Strike_R","Strike_R","Strike_R","Bash+1","Impatience","Cleave+1","Flex+1","Anger","Immolate+1","Inflame+1","Flex+1","Shrug It Off+1","Reaper+1","Second Wind+1","Pommel Strike+1","Whirlwind+1","Inflame+1","Thunderclap+1"],"relics":["Burning Blood","Thread and Needle","Ornamental Fan","Lantern","HornCleat","Astrolabe","MutagenicStrength","Matryoshka","Molten Egg 2","Bottled Flame","Pantograph","Prayer Wheel","Gremlin Horn","Toy Ornithopter","StoneCalendar","Velvet Choker","Anchor","Mummified Hand","Shuriken"],"acts_visited":["Exordium","TheCity","TheBeyond"],"potions_floor_usage":[10,16,33,33,33,33,50,50,50],"damage_taken":[{"damage":11,"enemies":"Jaw Worm","floor":1,"turns":3},{"damage":6,"enemies":"Cultist","floor":2,"turns":3},{"damage":7,"enemies":"2 Louse","floor":4,"turns":2},{"damage":0,"enemies":"2 Fungi Beasts","floor":7,"turns":2},{"damage":36,"enemies":"Lagavulin","floor":8,"turns":4},{"damage":5,"enemies":"3 Sentries","floor":10,"turns":3},{"damage":4,"enemies":"Blue Slaver","floor":12,"turns":2},{"damage":0,"enemies":"3 Louse","floor":13,"turns":1},{"damage":10,"enemies":"Gremlin Nob","floor":14,"turns":3},{"damage":29,"enemies":"The Guardian","floor":16,"turns":6},{"damage":0,"enemies":"3 Byrds","floor":18,"turns":3},{"damage":6,"enemies":"Chosen","floor":19,"turns":3},{"damage":17,"enemies":"Snake Plant","floor":22,"turns":4},{"damage":49,"enemies":"Gremlin Leader","floor":23,"turns":5},{"damage":0,"enemies":"Slavers","floor":29,"turns":1},{"damage":0,"enemies":"Chosen and Byrds","floor":31,"turns":1},{"damage":89,"enemies":"Champ","floor":33,"turns":9},{"damage":11,"enemies":"Orb Walker","floor":35,"turns":2},{"damage":0,"enemies":"3 Darklings","floor":36,"turns":1},{"damage":2,"enemies":"4 Shapes","floor":41,"turns":1},{"damage":37,"enemies":"Maw","floor":47,"turns":6},{"damage":20,"enemies":"Donu and Deca","floor":50,"turns":5}],"seed_played":"-7097278230711440403","potions_obtained":[{"floor":1,"key":"ElixirPotion"},{"floor":2,"key":"Dexterity Potion"},{"floor":4,"key":"Regen Potion"},{"floor":13,"key":"FearPotion"},{"floor":19,"key":"BlessingOfTheForge"},{"floor":23,"key":"EntropicBrew"},{"floor":33,"key":"Energy Potion"},{"floor":36,"key":"Ancient Potion"}],"is_trial":false,"path_per_floor":["M","M","?","M","$","R","M","E","T","E","R","M","M","E","R","B",null,"M","M","?","?","M","E","T","R","T","?","$","E","R","M","R","B",null,"M","M","?","?","T","R","M","R","T","R","?","$","M","$","R","B",null],"character_chosen":"IRONCLAD","items_purchased":["Gremlin Horn","Toy Ornithopter","Shuriken","HeartOfIron","SkillPotion"],"campfire_rested":2,"item_purchase_floors":[28,28,48,48,48],"current_hp_per_floor":[75,75,75,74,74,74,80,50,50,60,60,62,68,64,64,41,80,80,80,80,80,69,26,26,26,26,26,26,32,32,38,62,34,80,80,80,80,76,76,76,76,76,76,76,76,76,56,56,76,62],"gold":757,"neow_bonus":"RANDOM_COLORLESS","is_daily":false,"chose_seed":false,"campfire_upgraded":8,"win_rate":0.0,"timestamp":1611690528,"path_taken":["M","M","?","M","$","R","M","E","T","E","R","?","M","E","R","BOSS","M","M","?","?","M","E","?","R","T","?","$","E","R","M","R","BOSS","M","M","?","?","?","R","M","R","T","R","?","$","M","$","R","BOSS"],"items_purchased_type":["Relic","Relic","Relic","Potion","Potion"],"build_version":"2020-12-22","purchased_purges":4,"victory":true,"max_hp_per_floor":[80,80,80,80,80,80,80,80,80,80,80,80,80,80,80,80,80,80,80,80,80,80,80,80,80,80,80,80,80,80,80,80,80,80,80,80,80,76,76,76,76,76,76,76,76,76,76,76,76,76],"card_choices":[{"not_picked":["Forethought","Jack Of All Trades"],"picked":"Impatience","floor":0},{"not_picked":["Fire Breathing","Heavy Blade"],"picked":"Cleave","floor":1},{"not_picked":["Anger","Sword Boomerang"],"picked":"Flex","floor":2},{"not_picked":["Twin Strike","Cleave","Reckless Charge"],"picked":"SKIP","floor":4},{"not_picked":["Shockwave","Flame Barrier"],"picked":"Anger","floor":7},{"not_picked":["Iron Wave","Shockwave"],"picked":"Immolate","floor":8},{"not_picked":["Cleave","Sword Boomerang","Warcry"],"picked":"SKIP","floor":10},{"not_picked":["Warcry","Perfected Strike","Carnage"],"picked":"SKIP","floor":12},{"not_picked":["Shrug It Off","True Grit"],"picked":"Inflame","floor":13},{"not_picked":["Heavy Blade","Thunderclap"],"picked":"Flex","floor":14},{"not_picked":["Feed","Berserk"],"picked":"Corruption","floor":16},{"not_picked":["Flex","Thunderclap"],"picked":"Pommel Strike","floor":18},{"not_picked":["Wild Strike","Body Slam+1","Second Wind"],"picked":"SKIP","floor":19},{"not_picked":["Carnage","Evolve"],"picked":"Whirlwind","floor":22},{"not_picked":["Wild Strike+1","Infernal Blade","Feel No Pain"],"picked":"SKIP","floor":23},{"not_picked":["Corruption","Armaments","Hemokinesis+1"],"picked":"SKIP","floor":29},{"not_picked":["Power Through","Armaments"],"picked":"Inflame+1","floor":31},{"not_picked":["Shrug It Off+1","Iron Wave+1","Havoc"],"picked":"SKIP","floor":31},{"not_picked":["Pommel Strike+1","Shrug It Off+1","Twin Strike+1"],"picked":"SKIP","floor":35},{"not_picked":["Sword Boomerang+1","Perfected Strike+1","Iron Wave+1"],"picked":"SKIP","floor":35},{"not_picked":["Wild Strike+1","Sentinel"],"picked":"Thunderclap+1","floor":36},{"not_picked":["Uppercut+1","Spot Weakness","Second Wind+1"],"picked":"SKIP","floor":36},{"not_picked":["Flame Barrier","Feel No Pain","Clash+1"],"picked":"SKIP","floor":41},{"not_picked":["Exhume","Clash+1","Body Slam+1"],"picked":"SKIP","floor":41},{"not_picked":["Anger+1","Intimidate","Headbutt+1"],"picked":"SKIP","floor":47},{"not_picked":["Cleave+1","Feel No Pain+1","Inflame"],"picked":"SKIP","floor":47}],"player_experience":81386,"relics_obtained":[{"floor":8,"key":"Thread and Needle"},{"floor":9,"key":"Ornamental Fan"},{"floor":10,"key":"Lantern"},{"floor":14,"key":"HornCleat"},{"floor":23,"key":"Matryoshka"},{"floor":24,"key":"Molten Egg 2"},{"floor":24,"key":"Bottled Flame"},{"floor":26,"key":"Pantograph"},{"floor":26,"key":"Prayer Wheel"},{"floor":29,"key":"StoneCalendar"},{"floor":39,"key":"Anchor"},{"floor":43,"key":"Mummified Hand"}],"event_choices":[{"cards_removed":["Defend_R"],"damage_healed":0,"gold_gain":0,"player_choice":"Offered Basic","damage_taken":0,"max_hp_gain":0,"max_hp_loss":0,"event_name":"Bonfire Elementals","floor":3,"gold_loss":0},{"damage_healed":0,"gold_gain":99,"player_choice":"Stole From Cult","damage_taken":0,"max_hp_gain":0,"max_hp_loss":0,"event_name":"Nest","floor":20,"gold_loss":0},{"damage_healed":0,"gold_gain":0,"player_choice":"Inject Mutagens","damage_taken":0,"relics_obtained":["MutagenicStrength"],"max_hp_gain":0,"max_hp_loss":0,"event_name":"Drug Dealer","floor":21,"gold_loss":0},{"damage_healed":0,"gold_gain":0,"player_choice":"Ignored","damage_taken":0,"max_hp_gain":0,"max_hp_loss":0,"event_name":"Cursed Tome","floor":27,"gold_loss":0},{"damage_healed":0,"gold_gain":999,"player_choice":"Gold","damage_taken":0,"max_hp_gain":0,"max_hp_loss":0,"event_name":"MindBloom","floor":37,"gold_loss":0,"cards_obtained":["Normality","Normality"]},{"damage_healed":0,"gold_gain":0,"player_choice":"Max HP","damage_taken":0,"max_hp_gain":0,"max_hp_loss":4,"event_name":"Winding Halls","floor":38,"gold_loss":0},{"damage_healed":0,"gold_gain":0,"player_choice":"Ignored","damage_taken":0,"max_hp_gain":0,"max_hp_loss":0,"event_name":"Tomb of Lord Red Mask","floor":45,"gold_loss":0}],"is_beta":false,"boss_relics":[{"not_picked":["Fusion Hammer","Runic Dome"],"picked":"Astrolabe"},{"not_picked":["SacredBark","Black Star"],"picked":"Velvet Choker"}],"items_purged_floors":[5,28,46,48],"is_endless":false,"potions_floor_spawned":[1,2,4,13,19,23,33,36,47],"ascension_level":0}}