{"host":"gfmw02tnhhvp9jba","time":1611653809,"event":{"mods":["AchievementEnabler","BaseMod","Colored Map","Conspire","Downfall","Highlight Path","Minty Spire (QoL Compilation)","StSLib"],"gold_per_floor":[349,362,382,382,67,67,67,67,82,82,116,131,165,184,198,294,294,94,105,119,137,157,157,157,157,190,205,236,247,247,9,21,126,126,126,140,159,8,25,42,69,69,69,69],"floor_reached":42,"language":"ENG","playtime":3571,"items_purged":["Guardian:Strike_Guardian"],"score":555,"play_id":"f0a19dcb-7c08-4070-9884-a39ea5b76fbb","local_time":"20210126103649","is_ascension_mode":true,"campfire_choices":[{"floor":1.0,"key":"RECALL"},{"data":"Guardian:Suspension","floor":8.0,"key":"SMITH"},{"data":"Guardian:Suspension","floor":18.0,"key":"SMITH"},{"data":"Guardian:Clone","floor":30.0,"key":"SMITH"},{"data":"Guardian:Orbwalk","floor":35,"key":"SMITH"}],"circlet_count":0,"master_deck":["Guardian:Strike_Guardian","Guardian:Strike_Guardian","Guardian:Strike_Guardian","Guardian:Defend_Guardian","Guardian:Defend_Guardian","Guardian:Defend_Guardian","Guardian:CurlUp","Guardian:TwinSlam","Guardian:TimeCapacitor","Guardian:Suspension+1","Guardian:Suspension+1","Guardian:StasisStrike","Guardian:Incinerate","Guardian:GatlingBeam","Guardian:ShieldCharger","Guardian:TemporalStrike","Guardian:ShieldCharger","Guardian:Clone+1","Guardian:StasisField","Guardian:BronzeOrb","Guardian:Orbwalk+1","Guardian:ChargeUp","Guardian:Preprogram","Guardian:CompilePackage","Guardian:Gem_Purple","Guardian:Gem_Red","Guardian:PrismaticBeam+1","Guardian:CrystalBeam+1","Guardian:FierceBash","Guardian:Gem_White","Parasite","Guardian:Gem_Fragmented","Guardian:Gem_Red","Guardian:Incinerate"],"relics":["Guardian:ModeShifter","downfall:ShatteredFragment","Matryoshka","Art of War","conspire:BottledYoYo","Blood Vial","conspire:GiftBox","Mummified Hand","Oddly Smooth Stone","SlaversCollar","downfall:HeartBlessingRed","downfall:HeartBlessingGreen","Prayer Wheel","Gambling Chip","Guardian:PickAxe","Sozu","Ancient Tea Set"],"acts_visited":["Exordium","TheCity","TheBeyond"],"potions_floor_usage":[38],"damage_taken":[{"damage":0.0,"enemies":"Small Slimes","floor":2.0,"turns":3.0},{"damage":4.0,"enemies":"Jaw Worm","floor":3.0,"turns":5.0},{"damage":0.0,"enemies":"downfall:FleeingMerchant","floor":5.0,"turns":4.0},{"damage":0.0,"enemies":"conspire:RoseBush","floor":9.0,"turns":3.0},{"damage":6.0,"enemies":"Lagavulin","floor":11.0,"turns":7.0},{"damage":8.0,"enemies":"Red Slaver","floor":12.0,"turns":4.0},{"damage":11.0,"enemies":"Gremlin Nob","floor":13.0,"turns":5.0},{"damage":4.0,"enemies":"Exordium Thugs","floor":14.0,"turns":4.0},{"damage":6.0,"enemies":"3 Louse","floor":15.0,"turns":3.0},{"damage":44.0,"enemies":"IC_STATUS_ARCHETYPE","floor":16.0,"turns":11.0},{"damage":19.0,"enemies":"conspire:FuzzyDice","floor":19.0,"turns":5.0},{"damage":0.0,"enemies":"3 Byrds","floor":20.0,"turns":4.0},{"damage":23.0,"enemies":"Snake Plant","floor":21.0,"turns":5.0},{"damage":6.0,"enemies":"Cultist and Chosen","floor":22.0,"turns":6.0},{"damage":12.0,"enemies":"conspire:SneckoGhost","floor":26.0,"turns":6.0},{"damage":4.0,"enemies":"Chosen and Byrds","floor":27.0,"turns":6.0},{"damage":0.0,"enemies":"Slavers","floor":28.0,"turns":5.0},{"damage":0.0,"enemies":"Sentry and Sphere","floor":29.0,"turns":5.0},{"damage":0.0,"enemies":"downfall:FleeingMerchant","floor":31.0,"turns":4.0},{"damage":5.0,"enemies":"Shelled Parasite and Fungi","floor":32.0,"turns":6.0},{"damage":0.0,"enemies":"SI_MIRROR_ARCHETYPE","floor":33.0,"turns":12.0},{"damage":7,"enemies":"3 Shapes","floor":36,"turns":4},{"damage":7,"enemies":"3 Darklings","floor":37,"turns":8},{"damage":3,"enemies":"downfall:FleeingMerchant","floor":38,"turns":4},{"damage":22,"enemies":"Writhing Mass","floor":39,"turns":8},{"damage":22,"enemies":"Sphere and 2 Shapes","floor":40,"turns":5},{"damage":27,"enemies":"Nemesis","floor":42,"turns":2}],"seed_played":"2094669284161100685","potions_obtained":[{"floor":2.0,"key":"LiquidMemories"},{"floor":11.0,"key":"Strength Potion"},{"floor":12.0,"key":"SneckoOil"},{"floor":13.0,"key":"Guardian:DefensiveModePotion"},{"floor":16.0,"key":"Guardian:StasisDiscoveryPotion"},{"floor":20.0,"key":"GamblersBrew"},{"floor":22.0,"key":"Guardian:DefensiveModePotion"},{"floor":27.0,"key":"Swift Potion"},{"floor":28.0,"key":"Weak Potion"},{"floor":32.0,"key":"GamblersBrew"}],"is_trial":false,"path_per_floor":["R","M","M","?","$","?","T","R","M","T","E","M","E","M","M","B",null,"R","M","M","M","M","?","T","T","E","M","E","M","R","$","M","B",null,"R","M","M","$","M","M","T","E"],"character_chosen":"GUARDIAN","items_purchased":["Matryoshka","Guardian:Suspension","Guardian:Orbwalk","Guardian:ChargeUp","Guardian:FierceBash","Guardian:Gem_White"],"campfire_rested":0,"item_purchase_floors":[5,5,31,31,38,38],"current_hp_per_floor":[72,72,68,44,44,68,68,68,68,68,64,58,49,47,43,1,72,72,53,55,34,30,30,30,30,20,18,20,22,22,24,21,23,72,72,65,60,59,39,19,19,0,0,0],"gold":69,"neow_bonus":"TWO_FIFTY_GOLD","is_daily":false,"chose_seed":false,"campfire_upgraded":4,"win_rate":0.0,"timestamp":1611653809,"path_taken":["R","M","M","?","$","?","T","R","M","?","E","?","E","M","M","BOSS","R","M","M","M","M","?","T","?","E","M","E","?","R","$","M","BOSS","R","M","M","$","M","M","T","E"],"items_purchased_type":["Relic","Card","Card","Card","Card","Card"],"build_version":"2020-12-22","purchased_purges":1,"victory":false,"max_hp_per_floor":[72,72,72,72,72,72,72,72,72,72,72,72,72,72,72,72,72,72,72,72,72,72,72,72,72,72,72,72,72,72,72,72,72,72,72,72,72,72,72,72,72,72,72,72],"card_choices":[{"not_picked":["Guardian:RefractedBeam","Guardian:CrystalBeam","Guardian:TimeBomb"],"picked":"SKIP","floor":2.0},{"not_picked":["Guardian:WalkerClaw","Guardian:TemporalStrike"],"picked":"Guardian:Gem_Red","floor":3.0},{"not_picked":["Guardian:Harden","Guardian:TimeBomb"],"picked":"Guardian:TimeCapacitor","floor":5.0},{"not_picked":["Guardian:RollAttack","Guardian:CrystalBeam"],"picked":"Guardian:Suspension","floor":9.0},{"not_picked":["Guardian:ConstructionForm","Guardian:StasisField"],"picked":"Guardian:StasisStrike","floor":10.0},{"not_picked":["Guardian:PiercingHide","Guardian:PrimingBeam","Guardian:RollAttack"],"picked":"SKIP","floor":11.0},{"not_picked":["Guardian:Emergency","Guardian:Gem_Green"],"picked":"Guardian:Gem_Cyan","floor":12.0},{"not_picked":["Guardian:Gem_Crimson","Guardian:SentryBeam"],"picked":"Guardian:Incinerate","floor":13.0},{"not_picked":["Guardian:WalkerClaw","Guardian:GuardianWhirl","Guardian:PiercingHide"],"picked":"SKIP","floor":14.0},{"not_picked":["Guardian:CrystalBeam","Guardian:RevengeProtocol"],"picked":"Guardian:Gem_Lightblue","floor":15.0},{"not_picked":["Guardian:HyperBeam_Guardian","Guardian:SphericShield"],"picked":"Guardian:GatlingBeam","floor":16.0},{"not_picked":["Guardian:PrimingBeam","Guardian:Gem_Blue"],"picked":"Guardian:ShieldCharger","floor":19.0},{"not_picked":["Guardian:TemporalShield","Guardian:PrimingBeam"],"picked":"Guardian:Gem_Purple","floor":20.0},{"not_picked":["Guardian:WalkerClaw+1","Guardian:ChargeCore"],"picked":"Guardian:TemporalStrike","floor":21.0},{"not_picked":["Guardian:VentSteam","Guardian:Recover"],"picked":"Guardian:ShieldCharger","floor":22.0},{"not_picked":["Guardian:VentSteam+1","Guardian:Incinerate"],"picked":"Guardian:Clone","floor":26.0},{"not_picked":["Guardian:VentSteam","Guardian:GuardianWhirl"],"picked":"Guardian:StasisField","floor":27.0},{"not_picked":["Guardian:Gem_Lightblue","Guardian:Repulse+1"],"picked":"Guardian:Gem_Red","floor":27.0},{"not_picked":["Guardian:HyperBeam_Guardian","Guardian:ChargeCore","Guardian:VentSteam"],"picked":"SKIP","floor":28.0},{"not_picked":["Guardian:PrimingBeam+1","Guardian:PiercingHide"],"picked":"Guardian:Gem_Blue","floor":29.0},{"not_picked":["Guardian:Gem_Purple","Guardian:PiercingHide"],"picked":"Guardian:BronzeOrb","floor":29.0},{"not_picked":["Guardian:PrimingBeam","Guardian:TemporalStrike","Guardian:TimeBomb"],"picked":"SKIP","floor":31.0},{"not_picked":["Guardian:WalkerClaw+1","Guardian:Gem_Cyan"],"picked":"Guardian:Preprogram","floor":32.0},{"not_picked":["Guardian:RollAttack","Guardian:Suspension","Guardian:PiercingHide+1"],"picked":"SKIP","floor":32.0},{"not_picked":["Guardian:FastForward","Guardian:HyperBeam_Guardian"],"picked":"Guardian:CompilePackage","floor":33.0},{"not_picked":["Guardian:TemporalStrike+1","Guardian:PolyBeam+1"],"picked":"Guardian:Gem_Purple","floor":36},{"not_picked":["Guardian:VentSteam","Guardian:PrimingBeam","Guardian:Emergency"],"picked":"SKIP","floor":36},{"not_picked":["Guardian:WalkerClaw","Guardian:TemporalShield"],"picked":"Guardian:Gem_Red","floor":37},{"not_picked":["Guardian:RollAttack+1","Guardian:RefractedBeam+1"],"picked":"Guardian:PrismaticBeam+1","floor":37},{"not_picked":["Guardian:TemporalStrike+1","Guardian:Incinerate"],"picked":"Guardian:CrystalBeam+1","floor":38},{"not_picked":["Guardian:ArmoredProtocol+1","Guardian:ChargeCore"],"picked":"Guardian:Gem_Fragmented","floor":39},{"not_picked":["Guardian:CrystalBeam","Guardian:RollAttack+1"],"picked":"Guardian:Gem_Red","floor":39},{"not_picked":["Guardian:HyperBeam_Guardian","Guardian:GuardianWhirl+1"],"picked":"Guardian:Incinerate","floor":40},{"not_picked":["Guardian:PrismaticBeam","Guardian:PiercingHide","Guardian:Reroute"],"picked":"SKIP","floor":40}],"player_experience":80810,"relics_obtained":[{"floor":7.0,"key":"Art of War"},{"floor":7.0,"key":"conspire:BottledYoYo"},{"floor":10.0,"key":"Blood Vial"},{"floor":10.0,"key":"conspire:GiftBox"},{"floor":11.0,"key":"Mummified Hand"},{"floor":13.0,"key":"Oddly Smooth Stone"},{"floor":24.0,"key":"Prayer Wheel"},{"floor":26.0,"key":"Gambling Chip"},{"floor":28.0,"key":"Guardian:PickAxe"},{"floor":41,"key":"Ancient Tea Set"}],"event_choices":[{"damage_healed":24.0,"max_hp_gain":0.0,"max_hp_loss":0.0,"gold_gain":0.0,"event_name":"Big Fish","player_choice":"Banana","floor":6.0,"gold_loss":0.0,"damage_taken":0.0}],"is_beta":false,"boss_relics":[{"not_picked":["Tiny House","conspire:SeveredTorchhead"],"picked":"SlaversCollar"},{"not_picked":["Guardian:StasisSlotReductionRelic","Philosopher\u0027s Stone"],"picked":"Sozu"}],"items_purged_floors":[31],"is_endless":false,"potions_floor_spawned":[2,11,12,13,16,20,22,27,28,32,37,39],"killed_by":"Nemesis","ascension_level":1}}