{"host":"o3nki8hvugtioqst","time":1611667654,"event":{"mods":["AchievementEnabler","BaseMod","Colored Powertips","Downfall","Hubris","Infinite Spire","Minty Spire (QoL Compilation)","Quick Restart","Rare Cards Sparkle","Replay The Spire","StSLib","SuperFastMode"],"gold_per_floor":[117,135,135,148,63,63,74,117,166,320,397,406,406,406,435,488,488,666,666,811,1026,339,339,339,339,554,788,788,788,1076,1076,1085,1397,1397,1764,1764,2037,2307,2307,2307,2307,2307,2640,2640,2640,2943,3250,2325,2616,2950,2950,2968,2977],"floor_reached":54,"language":"ENG","playtime":1588,"items_purged":["Normality","Pain","Defend_G"],"score":2311,"play_id":"a3b7fd4b-1ec1-49da-8861-9a14e8d2430d","local_time":"20210126152734","is_ascension_mode":true,"campfire_choices":[{"data":"Footwork","floor":6.0,"key":"SMITH"},{"floor":17.0,"key":"REST"},{"floor":25.0,"key":"REST"},{"floor":31,"key":"REST"},{"floor":34,"key":"DIG"},{"data":"Adrenaline","floor":42,"key":"SMITH"},{"data":"Blade Dance","floor":44,"key":"SMITH"},{"data":"Infinite Blades","floor":51,"key":"SMITH"}],"circlet_count":0,"master_deck":["AscendersBane","Strike_G","Strike_G","Strike_G","Defend_G","Defend_G+1","Defend_G","Defend_G+1","Survivor","Neutralize","Slice","Dagger Throw","Footwork+1","All Out Attack","downfall:Haunted","downfall:Haunted","Tools of the Trade","Hallucinations","hubris:Greed","ReplayTheSpireMod:Tripwire","Adrenaline","Flying Knee","Eviscerate","hubris:Greed","ReplayTheSpireMod:Speed Training","hubris:Greed","hubris:Greed","hubris:Greed","hubris:Greed","hubris:Greed","hubris:Greed","Adrenaline+1","hubris:Greed","hubris:Greed","hubris:Greed","hubris:Greed","hubris:Greed","hubris:Greed","Blade Dance+1","hubris:Greed","hubris:Greed","hubris:Greed","hubris:Greed","hubris:Greed","hubris:Greed","hubris:Greed","hubris:Greed","hubris:Greed","Dagger Spray","hubris:Greed","hubris:Greed","hubris:Greed","hubris:Greed","hubris:Greed","hubris:Greed","hubris:Greed","hubris:Greed","hubris:Greed","hubris:Greed","Eviscerate","hubris:Greed","hubris:Greed","hubris:Greed","hubris:Greed","hubris:Greed","hubris:Greed","hubris:Greed","ReplayTheSpireMod:Scrap Shanks","Infinite Blades+1","hubris:Greed","hubris:Greed","hubris:Greed","hubris:Greed","hubris:Greed","Backstab","hubris:Greed","hubris:Greed","hubris:Greed","hubris:Greed","Storm of Steel","All Out Attack+1","hubris:Greed","hubris:Greed","hubris:Greed","hubris:Greed","Dagger Throw","hubris:Greed","Blade Dance+1","Quick Slash","Infinite Blades+1","Violence","Bandage Up","Eviscerate","Blade Dance+1","hubris:Greed","hubris:Greed","hubris:Greed","Acrobatics","hubris:Greed","hubris:Greed","hubris:Greed"],"relics":["Ring of the Snake","NeowsBlessing","CeramicFish","ReplayFunnel","Du-Vu Doll","Replay:Bottled Steam","MealTicket","SlaversCollar","Kunai","Centennial Puzzle","Toolbox","Bag of Preparation","Question Card","Smiling Mask","Strawberry","hubris:FunFungus","hubris:Stopwatch","Incense Burner","Simple Rune","PreservedInsect","Pet Ghost","Boot","Lee\u0027s Waffle"],"acts_visited":["Exordium","TheCity","TheBeyond"],"potions_floor_usage":[53,53],"damage_taken":[{"damage":0.0,"enemies":"2 Louse","floor":1.0,"turns":1.0},{"damage":0.0,"enemies":"Cultist","floor":2.0,"turns":1.0},{"damage":0.0,"enemies":"Jaw Worm","floor":4.0,"turns":1.0},{"damage":3.0,"enemies":"Looter","floor":7.0,"turns":5.0},{"damage":25.0,"enemies":"3 Sentries","floor":8.0,"turns":16.0},{"damage":0.0,"enemies":"Large Slime","floor":15.0,"turns":2.0},{"damage":2.0,"enemies":"Gremlin Nob","floor":16.0,"turns":3.0},{"damage":19.0,"enemies":"Fading Forest","floor":18.0,"turns":13.0},{"damage":29.0,"enemies":"Shell Parasite","floor":20.0,"turns":6.0},{"damage":28.0,"enemies":"3 Byrds","floor":21.0,"turns":5.0},{"damage":17,"enemies":"Gremlin Leader","floor":26,"turns":3},{"damage":0,"enemies":"Snecko","floor":27,"turns":2},{"damage":0,"enemies":"Cultist and Chosen","floor":30,"turns":2},{"damage":15,"enemies":"Slavers","floor":33,"turns":2},{"damage":10,"enemies":"hubris:MusketHawk","floor":35,"turns":3},{"damage":0,"enemies":"Orb Walker","floor":37,"turns":1},{"damage":0,"enemies":"3 Darklings","floor":38,"turns":1},{"damage":1,"enemies":"Giant Head","floor":43,"turns":3},{"damage":0,"enemies":"Writhing Mass","floor":46,"turns":1},{"damage":0,"enemies":"Reptomancer","floor":47,"turns":1},{"damage":0,"enemies":"Maw","floor":49,"turns":1},{"damage":0,"enemies":"Transient","floor":50,"turns":4},{"damage":16,"enemies":"hubris:GrandSnecko","floor":52,"turns":2},{"damage":0,"enemies":"Donu and Deca","floor":53,"turns":2}],"seed_played":"519984721047569592","potions_obtained":[{"floor":2.0,"key":"Fire Potion"},{"floor":4.0,"key":"hexamod:SoulburnPotion"},{"floor":8.0,"key":"BlessingOfTheForge"},{"floor":27,"key":"Slimebound:ThreeZeroPotion"},{"floor":43,"key":"LiquidMemories"}],"is_trial":false,"path_per_floor":["M","M","?","M","$","R","M","E","T","?","?","?","PTL","PTL","M","E","R","B",null,"M","M","$","?","?","R","E","M","T","AVR","M","R","?","E","R","B",null,"M","M","?","?","?","R","E","R","T","M","E","$","M","M","R","B","B",null],"character_chosen":"THE_SILENT","items_purchased":["Footwork","Kunai","Centennial Puzzle","Toolbox","Pet Ghost","Infinite Blades","Boot","Lee\u0027s Waffle","Violence","Bandage Up","Eviscerate"],"campfire_rested":3,"item_purchase_floors":[5,22,22,22,48,48,48,48,48,48,48],"current_hp_per_floor":[59,59,59,59,59,59,56,31,31,36,36,36,36,36,36,34,55,44,64,35,7,22,22,22,43,26,26,26,26,26,47,47,39,39,31,66,66,66,66,66,66,66,70,70,70,70,70,85,85,85,85,69,69],"gold":2977,"neow_bonus":"THREE_ENEMY_KILL","is_daily":false,"chose_seed":false,"campfire_upgraded":4,"win_rate":0.0,"timestamp":1611667654,"path_taken":["M","M","?","?","$","R","M","E","T","?","?","?","PTL","PTL","M","E","R","BOSS","M","M","?","?","?","R","E","M","T","AVR","?","R","?","E","R","BOSS","M","M","?","?","?","R","E","R","T","M","E","$","?","M","R","BOSS","BOSS"],"items_purchased_type":["Card","Relic","Relic","Relic","Relic","Card","Relic","Relic","Card","Card","Card"],"build_version":"2020-12-22","purchased_purges":3,"victory":true,"max_hp_per_floor":[66,66,66,66,66,66,66,66,66,71,71,71,71,71,71,71,71,71,71,71,71,71,71,71,71,71,71,71,71,71,71,71,78,78,78,78,78,78,78,78,78,78,78,78,78,78,78,85,85,85,85,85,85],"card_choices":[{"not_picked":["Underhanded Strike","Reflex"],"picked":"Slice","floor":1.0},{"not_picked":["Escape Plan","Outmaneuver","Bane"],"picked":"SKIP","floor":2.0},{"not_picked":["Eviscerate","Deflect"],"picked":"Dagger Throw","floor":4.0},{"not_picked":["Fluid Movement","Poisoned Stab","Expertise"],"picked":"SKIP","floor":7.0},{"not_picked":["ReplayTheSpireMod:The Works","Well Laid Plans"],"picked":"All Out Attack","floor":8.0},{"not_picked":["Noxious Fumes","hubris:TrickCloak"],"picked":"ReplayTheSpireMod:Tripwire","floor":11.0},{"not_picked":["Bane","Tactician"],"picked":"Adrenaline","floor":11.0},{"not_picked":["Backflip","Replay:Poison Smokescreen"],"picked":"Eviscerate","floor":15.0},{"not_picked":["Catalyst","Dagger Throw"],"picked":"ReplayTheSpireMod:Speed Training","floor":16.0},{"not_picked":["Doppelganger","Poison Darts"],"picked":"Adrenaline","floor":18.0},{"not_picked":["ReplayTheSpireMod:Speed Training","Dagger Throw"],"picked":"Blade Dance","floor":20.0},{"not_picked":["Concentrate","Sucker Punch+1"],"picked":"Dagger Spray","floor":21.0},{"not_picked":["Poisoned Stab","Caltrops","Noxious Fumes"],"picked":"SKIP","floor":26},{"not_picked":["Dodge and Roll+1","PiercingWail"],"picked":"Eviscerate","floor":27},{"not_picked":["Underhanded Strike","Distraction+1","Footwork"],"picked":"ReplayTheSpireMod:Scrap Shanks","floor":30},{"not_picked":["Grand Finale","hubris:SlightOfHand","Escape Plan"],"picked":"Backstab","floor":33},{"not_picked":["Bullet Time","Wraith Form v2","Phantasmal Killer"],"picked":"Storm of Steel","floor":35},{"not_picked":["Dagger Throw","Choke+1","Flying Knee"],"picked":"All Out Attack+1","floor":37},{"not_picked":["Dodge and Roll","Bane+1","Underhanded Strike+1","hubris:SlightOfHand+1"],"picked":"SKIP","floor":38},{"not_picked":["Caltrops","Noxious Fumes+1","Phantasmal Killer"],"picked":"Dagger Throw","floor":43},{"not_picked":["Footwork","ReplayTheSpireMod:Speed Training","Outmaneuver"],"picked":"Blade Dance+1","floor":46},{"not_picked":["Blur","Poisoned Stab","Concentrate"],"picked":"Quick Slash","floor":47},{"not_picked":["Flying Knee","ReplayTheSpireMod:From All Sides","Noxious Fumes"],"picked":"Blade Dance+1","floor":49},{"not_picked":["Leg Sweep+1","Poisoned Stab","Masterful Stab"],"picked":"Acrobatics","floor":50}],"player_experience":249341,"relics_obtained":[{"floor":8.0,"key":"CeramicFish"},{"floor":9.0,"key":"ReplayFunnel"},{"floor":11.0,"key":"Replay:Bottled Steam"},{"floor":16.0,"key":"MealTicket"},{"floor":26,"key":"Bag of Preparation"},{"floor":28,"key":"Question Card"},{"floor":33,"key":"Strawberry"},{"floor":34,"key":"hubris:FunFungus"},{"floor":43,"key":"Incense Burner"},{"floor":45,"key":"Simple Rune"},{"floor":47,"key":"PreservedInsect"}],"event_choices":[{"cards_removed":["Strike_G"],"damage_healed":0.0,"max_hp_gain":0.0,"max_hp_loss":0.0,"gold_gain":0.0,"event_name":"Bonfire Elementals","player_choice":"Offered Basic","floor":3.0,"gold_loss":0.0,"damage_taken":0.0},{"damage_healed":0.0,"max_hp_gain":0.0,"max_hp_loss":0.0,"gold_gain":0.0,"cards_transformed":["Strike_G"],"event_name":"Transmorgrifier","player_choice":"Transformed","floor":12.0,"gold_loss":0.0,"damage_taken":0.0,"cards_obtained":["Flying Knee"]},{"damage_healed":0.0,"max_hp_gain":0.0,"max_hp_loss":0.0,"gold_gain":0.0,"event_name":"Cursed Tome","player_choice":"Ignored","floor":24.0,"gold_loss":0.0,"damage_taken":0.0},{"damage_healed":0,"gold_gain":0,"player_choice":"Ignored","damage_taken":0,"max_hp_gain":0,"max_hp_loss":0,"event_name":"Tomb of Lord Red Mask","floor":40,"gold_loss":0},{"damage_healed":0,"gold_gain":0,"player_choice":"Upgraded","damage_taken":0,"max_hp_gain":0,"max_hp_loss":0,"event_name":"Upgrade Shrine","floor":41,"gold_loss":0,"cards_upgraded":["Infinite Blades"]}],"is_beta":false,"boss_relics":[{"not_picked":["hubris:ScarierMask","SacredBark"],"picked":"SlaversCollar"},{"not_picked":["Philosopher\u0027s Stone","WristBlade"],"picked":"hubris:Stopwatch"}],"items_purged_floors":[22,29,48],"is_endless":false,"potions_floor_spawned":[2,4,8,15,27,30,33,43,46,49],"ascension_level":20}}