{"host":"vyjryxuuuxkt43k4","time":1611659547,"event":{"mods":["AchievementEnabler","BaseMod","Colored Map","DeckTracker","Keyboard Shortcuts","Minty Spire (QoL Compilation)","Permanent Neow","Quick Restart","Rare Cards Sparkle","StSLib","SuperFastMode","everything is the same but u backflip on backflip"],"gold_per_floor":[114,133,283,283,296,328,328,358,358,369,65,65,85,85,85,156,156,169,13,24,24,24],"floor_reached":21,"language":"KOR","playtime":692,"items_purged":["Strike_R","Strike_R"],"score":378,"play_id":"a2f36443-00ba-409e-9508-9ea6a0926921","local_time":"20210126201227","is_ascension_mode":true,"campfire_choices":[{"data":"Inflame","floor":7.0,"key":"SMITH"},{"floor":12.0,"key":"REST"},{"floor":15.0,"key":"REST"}],"circlet_count":0,"master_deck":["AscendersBane","Strike_R","Defend_R","Defend_R","Defend_R","Defend_R","Bash","Inflame+1","Battle Trance","Offering","Power Through","Shrug It Off","Disarm","Headbutt","Feed","Flame Barrier","Feel No Pain"],"relics":["Burning Blood","Potion Belt","Prayer Wheel","Lizard Tail","Calipers","OrangePellets","Shovel","Empty Cage"],"acts_visited":["Exordium","TheCity"],"potions_floor_usage":[20],"damage_taken":[{"damage":5.0,"enemies":"Small Slimes","floor":1.0,"turns":3.0},{"damage":11.0,"enemies":"2 Louse","floor":2.0,"turns":3.0},{"damage":6.0,"enemies":"Cultist","floor":5.0,"turns":3.0},{"damage":17.0,"enemies":"Gremlin Nob","floor":6.0,"turns":3.0},{"damage":38.0,"enemies":"Lagavulin","floor":8.0,"turns":7.0},{"damage":8.0,"enemies":"Looter","floor":10.0,"turns":3.0},{"damage":26.0,"enemies":"Exordium Thugs","floor":13.0,"turns":6.0},{"damage":34.0,"enemies":"Slime Boss","floor":16.0,"turns":7.0},{"damage":57.0,"enemies":"Spheric Guardian","floor":18.0,"turns":8.0},{"damage":48,"enemies":"Chosen","floor":20,"turns":11},{"damage":10,"enemies":"Snecko","floor":21,"turns":3}],"seed_played":"-3048684220595066039","potions_obtained":[{"floor":1.0,"key":"PowerPotion"},{"floor":13.0,"key":"Strength Potion"}],"is_trial":false,"path_per_floor":["M","M","?","?","M","E","R","E","T","M","$","R","M","?","R","B",null,"M","$","M","M"],"character_chosen":"IRONCLAD","items_purchased":["OrangePellets","SteroidPotion","PowerPotion"],"campfire_rested":2,"item_purchase_floors":[11,11,19],"current_hp_per_floor":[69,64,64,64,64,53,53,21,21,19,19,41,21,16,38,10,59,11,11,10,0,0],"gold":24,"neow_bonus":"RANDOM_COMMON_RELIC","is_daily":false,"chose_seed":true,"campfire_upgraded":1,"win_rate":0.0,"timestamp":1611659547,"path_taken":["M","M","?","?","M","E","R","E","T","M","$","R","M","?","R","BOSS","M","$","M","M"],"items_purchased_type":["Relic","Potion","Potion"],"build_version":"2020-12-22","purchased_purges":2,"victory":false,"max_hp_per_floor":[75,75,75,75,75,75,75,75,75,75,75,75,75,75,75,75,75,78,78,78,78,78],"card_choices":[{"not_picked":["Evolve","Thunderclap"],"picked":"Inflame","floor":1.0},{"not_picked":["Rage","Wild Strike"],"picked":"Battle Trance","floor":2.0},{"not_picked":["Cleave","Body Slam"],"picked":"Offering","floor":5.0},{"not_picked":["Perfected Strike","Body Slam"],"picked":"Power Through","floor":6.0},{"not_picked":["Intimidate","Iron Wave","Reckless Charge"],"picked":"SKIP","floor":8.0},{"not_picked":["Flex","Twin Strike"],"picked":"Shrug It Off","floor":10.0},{"not_picked":["Disarm","Sword Boomerang","Clothesline"],"picked":"SKIP","floor":10.0},{"not_picked":["Sword Boomerang","Clothesline"],"picked":"Disarm","floor":10.0},{"not_picked":["Inflame","Heavy Blade"],"picked":"Headbutt","floor":13.0},{"not_picked":["Armaments","Bludgeon","Reckless Charge"],"picked":"SKIP","floor":13.0},{"not_picked":["Juggernaut","Double Tap"],"picked":"Feed","floor":16.0},{"not_picked":["Warcry","Flex","Twin Strike"],"picked":"SKIP","floor":18.0},{"not_picked":["Combust","Perfected Strike","Hemokinesis"],"picked":"SKIP","floor":18.0},{"not_picked":["Pommel Strike","Clothesline+1"],"picked":"Flame Barrier","floor":20},{"not_picked":["Headbutt","Bloodletting+1"],"picked":"Feel No Pain","floor":20}],"player_experience":375669,"relics_obtained":[{"floor":6.0,"key":"Prayer Wheel"},{"floor":8.0,"key":"Lizard Tail"},{"floor":9.0,"key":"Calipers"}],"event_choices":[{"damage_healed":0.0,"max_hp_gain":0.0,"max_hp_loss":0.0,"gold_gain":150.0,"event_name":"Liars Game","player_choice":"AGREE","floor":3.0,"gold_loss":0.0,"damage_taken":0.0,"cards_obtained":["Doubt"]},{"cards_removed":["Doubt"],"damage_healed":0.0,"max_hp_gain":0.0,"max_hp_loss":0.0,"gold_gain":0.0,"event_name":"Living Wall","player_choice":"Forget","floor":4.0,"gold_loss":0.0,"damage_taken":0.0},{"damage_healed":0.0,"max_hp_gain":0.0,"max_hp_loss":0.0,"gold_gain":0.0,"event_name":"Scrap Ooze","player_choice":"Success","floor":14.0,"gold_loss":0.0,"damage_taken":5.0,"relics_obtained":["Shovel"]}],"is_beta":false,"boss_relics":[{"not_picked":["Sozu","Ectoplasm"],"picked":"Empty Cage"}],"items_purged_floors":[11,19],"is_endless":false,"potions_floor_spawned":[1,13],"killed_by":"Snecko","ascension_level":20}}