{"host":"928gv66myv2vlnsd","time":1611674607,"event":{"mods":["BaseMod","Minty Spire (QoL Compilation)","StSLib"],"gold_per_floor":[116,116,116,266,266,300,73,73,73,104,117,134,145,160,160,231,231,248,248,263,263,263,263,296,139,193,203,154,154,170,181,181,253,253,264,185,203,203,219,251,251,3,3,20,33,43,43,55,55,55],"floor_reached":51,"language":"ENG","playtime":2464,"items_purged":["Regret","Doubt"],"score":1433,"play_id":"611bbfc8-e139-44ef-88fe-d537e17103ad","local_time":"20210126102327","is_ascension_mode":true,"campfire_choices":[{"data":"Spot Weakness","floor":8,"key":"SMITH"},{"data":"True Grit","floor":15,"key":"SMITH"},{"floor":23,"key":"REST"},{"floor":29,"key":"REST"},{"floor":32,"key":"REST"},{"floor":41,"key":"REST"},{"data":"Apotheosis","floor":49,"key":"SMITH"}],"circlet_count":0,"master_deck":["AscendersBane","Strike_R","Strike_R","Strike_R","Strike_R","Defend_R","Defend_R","Defend_R","Defend_R","Bash","Pommel Strike","Spot Weakness+1","Metallicize+1","Dark Embrace+1","Reckless Charge","Shrug It Off","Disarm","True Grit+1","Fiend Fire","Evolve+1","Metallicize+1","RitualDagger","Sentinel","Apotheosis+1","Fire Breathing+1","Warcry","Limit Break","Feel No Pain+1","Sword Boomerang+1","Reaper","Feel No Pain+1"],"relics":["Burning Blood","NeowsBlessing","Gremlin Horn","Frozen Egg 2","Question Card","Membership Card","Mummified Hand","Mercury Hourglass","Runic Pyramid","Nunchaku","Vajra","Cursed Key","Omamori","Bottled Lightning","ClockworkSouvenir","Strawberry"],"acts_visited":["Exordium","TheCity","TheBeyond"],"potions_floor_usage":[24,44],"damage_taken":[{"damage":0,"enemies":"2 Louse","floor":1,"turns":2},{"damage":0,"enemies":"Lagavulin","floor":6,"turns":1},{"damage":0,"enemies":"3 Sentries","floor":10,"turns":1},{"damage":9,"enemies":"Small Slimes","floor":11,"turns":3},{"damage":1,"enemies":"Cultist","floor":12,"turns":3},{"damage":0,"enemies":"3 Louse","floor":13,"turns":1},{"damage":8,"enemies":"Blue Slaver","floor":14,"turns":4},{"damage":25,"enemies":"The Guardian","floor":16,"turns":12},{"damage":13,"enemies":"Chosen","floor":18,"turns":4},{"damage":18,"enemies":"3 Byrds","floor":20,"turns":5},{"damage":43,"enemies":"Slavers","floor":24,"turns":6},{"damage":0,"enemies":"Cultist and Chosen","floor":27,"turns":3},{"damage":27,"enemies":"3 Cultists","floor":30,"turns":4},{"damage":21,"enemies":"Snake Plant","floor":31,"turns":3},{"damage":38,"enemies":"Automaton","floor":33,"turns":9},{"damage":3,"enemies":"Orb Walker","floor":35,"turns":4},{"damage":32,"enemies":"3 Darklings","floor":37,"turns":5},{"damage":0,"enemies":"4 Shapes","floor":39,"turns":3},{"damage":40,"enemies":"Giant Head","floor":40,"turns":8},{"damage":25,"enemies":"Transient","floor":44,"turns":6},{"damage":15,"enemies":"Writhing Mass","floor":45,"turns":4},{"damage":14,"enemies":"Maw","floor":46,"turns":7},{"damage":0,"enemies":"Jaw Worm Horde","floor":48,"turns":5},{"damage":85,"enemies":"Awakened One","floor":50,"turns":10}],"seed_played":"-7695581153537910637","potions_obtained":[{"floor":6,"key":"Ancient Potion"},{"floor":13,"key":"BloodPotion"},{"floor":27,"key":"LiquidBronze"},{"floor":45,"key":"SteroidPotion"}],"is_trial":false,"path_per_floor":["M","?","?","?","?","E","$","R","T","E","M","M","M","M","R","B",null,"M","?","M","?","?","R","E","$","T","M","$","R","M","M","R","B",null,"M","$","M","?","M","E","R","$","T","M","M","M","?","M","R","B",null],"character_chosen":"IRONCLAD","items_purchased":["Membership Card","Dark Embrace+1","Apotheosis","Fire Breathing+1","Warcry","Omamori","Reaper","ClockworkSouvenir","Regen Potion","Strawberry"],"campfire_rested":4,"item_purchase_floors":[7,7,25,28,28,36,42,42,42,42],"current_hp_per_floor":[74,74,74,74,69,75,75,75,75,75,72,75,75,73,73,54,70,63,42,30,24,18,42,21,21,21,27,27,51,30,15,39,7,62,65,65,39,39,45,11,35,42,42,49,52,61,61,78,78,21],"gold":55,"neow_bonus":"THREE_ENEMY_KILL","is_daily":false,"chose_seed":false,"campfire_upgraded":3,"win_rate":0.0,"timestamp":1611674607,"path_taken":["M","?","?","?","?","E","?","R","T","E","M","M","?","M","R","BOSS","M","?","M","?","?","R","E","$","T","M","$","R","M","M","R","BOSS","M","$","M","?","M","E","R","$","T","M","M","?","?","M","R","BOSS"],"items_purchased_type":["Relic","Card","Card","Card","Card","Relic","Card","Relic","Potion","Relic"],"build_version":"2020-12-22","purchased_purges":2,"victory":true,"max_hp_per_floor":[75,75,75,75,75,75,75,75,75,75,75,75,75,75,75,75,75,75,80,80,80,80,80,80,80,80,80,80,80,80,80,80,80,80,80,80,80,80,80,80,80,87,87,87,87,87,83,83,83,83],"card_choices":[{"not_picked":["Body Slam","Iron Wave"],"picked":"Pommel Strike","floor":1},{"not_picked":["Intimidate","Reckless Charge"],"picked":"Metallicize+1","floor":6},{"not_picked":["Thunderclap","Twin Strike","Dark Embrace+1"],"picked":"Reckless Charge","floor":10},{"not_picked":["Hemokinesis","Clash","Twin Strike","Heavy Blade"],"picked":"SKIP","floor":11},{"not_picked":["Hemokinesis","Clash","Twin Strike","Heavy Blade"],"picked":"SKIP","floor":11},{"not_picked":["Flex","Thunderclap","Body Slam"],"picked":"Shrug It Off","floor":12},{"not_picked":["Havoc","Burning Pact","Brutality+1"],"picked":"Disarm","floor":13},{"not_picked":["Sword Boomerang","Burning Pact","Clothesline"],"picked":"True Grit","floor":14},{"not_picked":["Brutality+1","Exhume","Impervious"],"picked":"Fiend Fire","floor":16},{"not_picked":["Inflame+1","Hemokinesis","Cleave"],"picked":"Evolve+1","floor":18},{"not_picked":["Twin Strike","Headbutt","Iron Wave"],"picked":"Metallicize+1","floor":20},{"not_picked":["Rage+1","Second Wind+1","Dark Embrace+1"],"picked":"Sentinel","floor":24},{"not_picked":["Pommel Strike","Wild Strike","Offering","Armaments"],"picked":"SKIP","floor":27},{"not_picked":["Iron Wave+1","Uppercut","Second Wind","Inflame+1"],"picked":"SKIP","floor":30},{"not_picked":["Pommel Strike","Bloodletting","Shrug It Off+1"],"picked":"Limit Break","floor":31},{"not_picked":["Shrug It Off","Havoc","Warcry+1"],"picked":"Feel No Pain+1","floor":35},{"not_picked":["Second Wind","Clash","Flex"],"picked":"Sword Boomerang+1","floor":37},{"not_picked":["Flex+1","Clash","Thunderclap","Searing Blow"],"picked":"SKIP","floor":39},{"not_picked":["Twin Strike","Burning Pact","Body Slam","Dropkick+1"],"picked":"SKIP","floor":40},{"not_picked":["Cleave+1","Thunderclap","Sword Boomerang","Armaments"],"picked":"SKIP","floor":44},{"not_picked":["Impervious","Anger","Evolve+1"],"picked":"Feel No Pain+1","floor":45},{"not_picked":["Ghostly Armor","Heavy Blade+1","Second Wind","Flex"],"picked":"SKIP","floor":46},{"not_picked":["Shrug It Off","Clash+1","Heavy Blade","Havoc"],"picked":"SKIP","floor":48}],"player_experience":1337501,"relics_obtained":[{"floor":6,"key":"Question Card"},{"floor":9,"key":"Mummified Hand"},{"floor":10,"key":"Mercury Hourglass"},{"floor":24,"key":"Nunchaku"},{"floor":26,"key":"Vajra"},{"floor":40,"key":"Bottled Lightning"}],"event_choices":[{"damage_healed":0,"gold_gain":0,"cards_transformed":["Strike_R"],"player_choice":"Change","damage_taken":0,"max_hp_gain":0,"max_hp_loss":0,"event_name":"Living Wall","floor":2,"gold_loss":0,"cards_obtained":["Spot Weakness"]},{"damage_healed":0,"gold_gain":0,"player_choice":"Box","damage_taken":0,"relics_obtained":["Gremlin Horn"],"max_hp_gain":0,"max_hp_loss":0,"event_name":"Big Fish","floor":3,"gold_loss":0,"cards_obtained":["Regret"]},{"damage_healed":0,"gold_gain":150,"player_choice":"AGREE","damage_taken":0,"max_hp_gain":0,"max_hp_loss":0,"event_name":"Liars Game","floor":4,"gold_loss":0,"cards_obtained":["Doubt"]},{"damage_healed":0,"gold_gain":0,"player_choice":"Success","damage_taken":5,"relics_obtained":["Frozen Egg 2"],"max_hp_gain":0,"max_hp_loss":0,"event_name":"Scrap Ooze","floor":5,"gold_loss":0},{"damage_healed":0,"gold_gain":0,"player_choice":"Shed Blood","damage_taken":26,"max_hp_gain":5,"max_hp_loss":0,"event_name":"Forgotten Altar","floor":19,"gold_loss":0},{"damage_healed":0,"gold_gain":0,"player_choice":"Joined the Cult","damage_taken":6,"max_hp_gain":0,"max_hp_loss":0,"event_name":"Nest","floor":21,"gold_loss":0,"cards_obtained":["RitualDagger"]},{"damage_healed":0,"gold_gain":0,"player_choice":"","damage_taken":6,"max_hp_gain":0,"max_hp_loss":0,"event_name":"Knowing Skull","floor":22,"potions_obtained":[],"gold_loss":0,"cards_obtained":[]},{"damage_healed":0,"gold_gain":0,"player_choice":"Ignored","damage_taken":0,"max_hp_gain":0,"max_hp_loss":0,"event_name":"SecretPortal","floor":38,"gold_loss":0},{"damage_healed":0,"gold_gain":0,"player_choice":"Max HP","damage_taken":0,"max_hp_gain":0,"max_hp_loss":4,"event_name":"Winding Halls","floor":47,"gold_loss":0}],"is_beta":false,"boss_relics":[{"not_picked":["Philosopher\u0027s Stone","Busted Crown"],"picked":"Runic Pyramid"},{"not_picked":["Tiny House","Velvet Choker"],"picked":"Cursed Key"}],"items_purged_floors":[7,25],"is_endless":false,"potions_floor_spawned":[6,13,14,27,31,33,35,39,45],"ascension_level":19}}