{"host":"tl3n8idhzo2mohle","time":1611648186,"event":{"mods":["BaseMod","Colored Powertips","Downfall","Good Game Mod","Minty Spire (QoL Compilation)","StSLib","The Bladedancer","Waifu the Spire","noobMod"],"gold_per_floor":[399,714,1029,1044,1044,944,944,1274,956,986,1001,1031,1046,1076,1091,1191,1191,1091,1106,1121,1221,1239,1254,1254,1254,1284,1299,1314,1314,1314,1314,1329,1429,1429,1329,1344,1359,1351,1351,1213,1213,1228,1028,1051,1051,888,938,961,976,976,976,1014,461,461,461,461],"floor_reached":57,"language":"ZHS","playtime":3476,"items_purged":["hexamod:Defend","hexamod:Sear","hexamod:Strike","hexamod:Strike+1","hexamod:Strike+1","hexamod:Float"],"score":1481,"play_id":"e222efd1-a703-467a-8b71-1f534ccdc11e","local_time":"20210126160306","daily_mods":["Heirloom","Purple Cards","Elite Swarm"],"is_ascension_mode":false,"campfire_choices":[{"floor":1,"key":"RECALL"},{"data":"sneckomod:Transmogrify","floor":6,"key":"SMITH"},{"data":"hexamod:InspiringFlames","floor":18,"key":"SMITH"},{"data":"Transmutation","floor":25,"key":"SMITH"},{"data":"hexamod:TimeOfNeed","floor":35,"key":"SMITH"},{"data":"Mayhem","floor":54,"key":"SMITH"}],"circlet_count":0,"master_deck":["sneckomod:Transmogrify+1","ReachHeaven+1","hexamod:ApocalypseNow+1","DevaForm+1","hexamod:ExtraCrispy+1","DevaForm+1","Ragnarok+1","hexamod:TimeOfNeed+1","Collect+1","Pride","hexamod:SixthSeal","hexamod:FirstSeal","hexamod:SecondSeal","hexamod:ThirdSeal","hexamod:FourthSeal","expansioncontent:PolyBeam+1","Ragnarok+1","Mayhem+1"],"relics":["hexamod:UnbrokenSoul","REME:ComplimentaryCards","ice","downfall:HeartBlessingRed","Old Coin","downfall:HeartBlessingBlue","champ:Barbells","Juzu Bracelet","Ice Cream","Thread and Needle","downfall:HeartBlessingGreen","Chemical X","Gremlin Horn","Potion Belt","Molten Egg 2","hexamod:MatchstickCase","Shovel","bronze:BronzeIdol","PreservedInsect","Empty Cage","Art of War","Sling","Bottled Lightning"],"acts_visited":["Exordium","TheCity","TheBeyond","TheEnding"],"potions_floor_usage":[47,47,47,53,55,56,56,56,56,56,56],"damage_taken":[{"damage":14,"enemies":"Jaw Worm","floor":2,"turns":4},{"damage":175,"enemies":"Cultist","floor":3,"turns":14},{"damage":0,"enemies":"2 Louse","floor":4,"turns":1},{"damage":0,"enemies":"3 Sentries","floor":8,"turns":3},{"damage":0,"enemies":"downfall:FleeingMerchant","floor":9,"turns":4},{"damage":0,"enemies":"Lagavulin","floor":10,"turns":1},{"damage":0,"enemies":"Blue Slaver","floor":11,"turns":1},{"damage":0,"enemies":"Gremlin Nob","floor":12,"turns":2},{"damage":0,"enemies":"2 Fungi Beasts","floor":13,"turns":1},{"damage":0,"enemies":"3 Sentries","floor":14,"turns":2},{"damage":0,"enemies":"3 Louse","floor":15,"turns":1},{"damage":0,"enemies":"Slime Boss","floor":16,"turns":1},{"damage":0,"enemies":"Shell Parasite","floor":19,"turns":1},{"damage":0,"enemies":"Snake Plant","floor":20,"turns":1},{"damage":0,"enemies":"Snake Plant","floor":21,"turns":2},{"damage":0,"enemies":"downfall:FleeingMerchant","floor":22,"turns":1},{"damage":0,"enemies":"3 Cultists","floor":23,"turns":2},{"damage":0,"enemies":"Gremlin Leader","floor":26,"turns":1},{"damage":0,"enemies":"Chosen and Byrds","floor":27,"turns":2},{"damage":3,"enemies":"Centurion and Healer","floor":28,"turns":2},{"damage":0,"enemies":"Snake Plant","floor":32,"turns":1},{"damage":14,"enemies":"IC_MUSHROOM_ARCHETYPE","floor":33,"turns":2},{"damage":0,"enemies":"3 Darklings","floor":36,"turns":1},{"damage":6,"enemies":"3 Shapes","floor":37,"turns":1},{"damage":0,"enemies":"3 Darklings","floor":42,"turns":2},{"damage":17,"enemies":"Writhing Mass","floor":44,"turns":2},{"damage":0,"enemies":"Writhing Mass","floor":47,"turns":2},{"damage":0,"enemies":"Maw","floor":48,"turns":2},{"damage":5,"enemies":"3 Darklings","floor":49,"turns":2},{"damage":86,"enemies":"WA_ARCHETYPE_DIVINITY","floor":50,"turns":4},{"damage":40,"enemies":"downfall:CharBossMerchant","floor":52,"turns":4},{"damage":13,"enemies":"downfall:NeowBoss","floor":55,"turns":5},{"damage":33,"enemies":"downfall:NeowBossFinal","floor":56,"turns":5}],"seed_played":"-4735054310349275430","potions_obtained":[{"floor":4,"key":"Fire Potion"},{"floor":8,"key":"Regen Potion"},{"floor":11,"key":"Strength Potion"},{"floor":14,"key":"Guardian:BlockOnCardUsePotion"},{"floor":16,"key":"Block Potion"},{"floor":31,"key":"CultistPotion"},{"floor":42,"key":"champ:CounterPotion"},{"floor":44,"key":"Swift Potion"},{"floor":47,"key":"LiquidMemories"},{"floor":47,"key":"PowerPotion"},{"floor":49,"key":"Slimebound:ThreeZeroPotion"},{"floor":49,"key":"Ancient Potion"}],"is_trial":false,"path_per_floor":["R","M","M","M","?","R","T","E","$","E","M","E","M","E","M","B",null,"R","M","M","?","$","M","T","R","E","M","M","?","?","?","M","B",null,"R","M","M","?","?","$","T","M","$","M","?","$","?","M","M","B",null,"E","$","R","B","B",null],"character_chosen":"THE_SPIRIT","items_purchased":["hexamod:ExtraCrispy","Toolbox","Membership Card","Transmutation","Chemical X","Molten Egg 2","hexamod:MatchstickCase","Art of War","Sling","Bottled Lightning","Fruit Juice","DuplicationPotion","Mayhem"],"campfire_rested":0,"item_purchase_floors":[9,9,22,22,40,43,46,53,53,53,53,53,53],"current_hp_per_floor":[70,56,74,74,74,74,74,74,90,90,90,90,90,90,90,90,90,100,100,100,100,100,100,100,100,100,100,100,100,100,100,100,102,106,106,106,105,98,98,98,98,106,106,96,96,96,111,111,111,55,115,98,103,103,130,151],"gold":461,"neow_bonus":"","is_daily":true,"chose_seed":false,"campfire_upgraded":5,"win_rate":0.0,"timestamp":1611648186,"path_taken":["R","M","M","M","?","R","T","E","$","E","M","E","?","E","M","BOSS","R","M","M","?","$","?","T","R","E","M","M","?","?","?","M","BOSS","R","M","M","?","?","$","T","M","?","M","?","$","?","M","M","BOSS","E","$","R","BOSS","BOSS"],"items_purchased_type":["Card","Relic","Relic","Card","Relic","Relic","Relic","Relic","Relic","Relic","Potion","Potion","Card"],"build_version":"2020-12-22","purchased_purges":6,"victory":true,"max_hp_per_floor":[70,70,74,74,74,74,74,74,90,90,90,90,90,90,90,90,90,100,100,100,100,100,100,100,100,100,100,100,100,100,100,100,106,106,106,106,106,106,106,106,106,106,106,109,109,109,111,111,111,115,115,122,127,127,130,151],"card_choices":[{"not_picked":["Halt","Crescendo"],"picked":"ReachHeaven","floor":2},{"not_picked":["Halt","FollowUp"],"picked":"hexamod:ApocalypseNow","floor":3},{"not_picked":["hexamod:GhostflameBarrier","ClearTheMind","hexamod:Rewind"],"picked":"SKIP","floor":4},{"not_picked":["hexamod:GhostflameInferno","Establishment"],"picked":"DevaForm","floor":8},{"not_picked":["InnerPeace","ClearTheMind","hexamod:SpectralAdrenaline"],"picked":"SKIP","floor":9},{"not_picked":["Judgement","hexamod:GhostOfSpirePresent"],"picked":"DevaForm","floor":10},{"not_picked":["FollowUp","JustLucky"],"picked":"hexamod:InspiringFlames","floor":11},{"not_picked":["hexamod:HexaLevel","hexamod:SearingWound","hexamod:UnleashSpirits"],"picked":"SKIP","floor":12},{"not_picked":["Evaluate","Nirvana","hexamod:ExtraCrispy"],"picked":"SKIP","floor":13},{"not_picked":["hexamod:SearingWound","hexamod:VolcanoVisage"],"picked":"Ragnarok","floor":14},{"not_picked":["Halt","CutThroughFate","EmptyFist"],"picked":"SKIP","floor":15},{"not_picked":["Ragnarok","hexamod:UnleashSpirits"],"picked":"hexamod:TimeOfNeed","floor":16},{"not_picked":["Halt","hexamod:PowerFromBeyond","hexamod:SuperheatedStrike"],"picked":"SKIP","floor":19},{"not_picked":["EmptyFist","SashWhip"],"picked":"Collect","floor":20},{"not_picked":["hexamod:SwordOfDarkness+1","hexamod:HeatCrush","Wish"],"picked":"SKIP","floor":22},{"not_picked":["BowlingBash+1","hexamod:RetreatToShadows","FlurryOfBlows+1"],"picked":"SKIP","floor":23},{"not_picked":["MasterReality","DeusExMachina","hexamod:Toasty"],"picked":"SKIP","floor":26},{"not_picked":["Wallop","FollowUp","hexamod:PhantomCloak"],"picked":"SKIP","floor":27},{"not_picked":["PathToVictory","hexamod:ShieldOfDarkness","hexamod:HeatMetal"],"picked":"SKIP","floor":28},{"not_picked":["hexamod:ExtraCrispy","ClearTheMind","hexamod:HeatMetal"],"picked":"SKIP","floor":32},{"not_picked":["Evaluate","hexamod:Firestarter","Consecrate"],"picked":"SKIP","floor":36},{"not_picked":["Consecrate+1","FlurryOfBlows"],"picked":"hexamod:SixthSeal","floor":37},{"not_picked":["expansioncontent:PrepareCrush","expansioncontent:LastStand"],"picked":"expansioncontent:PolyBeam","floor":39},{"not_picked":["Meditate","SashWhip","Vengeance+1"],"picked":"SKIP","floor":42},{"not_picked":["Protect","CrushJoints+1","WreathOfFlame+1"],"picked":"SKIP","floor":42},{"not_picked":["hexamod:HauntingEcho+1","Evaluate","hexamod:FlameSwitch"],"picked":"SKIP","floor":44},{"not_picked":["hexamod:FlamesFromBeyond+1","hexamod:ChargedBarrage+1","Tantrum+1"],"picked":"SKIP","floor":44},{"not_picked":["FlurryOfBlows+1","hexamod:GhostOfSpirePresent","hexamod:BurningTouch"],"picked":"SKIP","floor":48},{"not_picked":["hexamod:Again+1","hexamod:HauntingEcho+1","hexamod:FlamesFromBeyond+1"],"picked":"SKIP","floor":48},{"not_picked":["Meditate+1","WreathOfFlame+1","Protect"],"picked":"SKIP","floor":49},{"not_picked":["BowlingBash+1","hexamod:ThirdSeal","FlurryOfBlows+1"],"picked":"SKIP","floor":49},{"not_picked":["DeusExMachina","hexamod:TimeOfNeed"],"picked":"Ragnarok+1","floor":52},{"not_picked":["Devotion","hexamod:GhostflameInferno","DevaForm"],"picked":"SKIP","floor":52}],"player_experience":58418,"relics_obtained":[{"floor":2,"key":"Old Coin"},{"floor":3,"key":"Old Coin"},{"floor":8,"key":"Old Coin"},{"floor":8,"key":"Pocketwatch"},{"floor":9,"key":"Unceasing Top"},{"floor":10,"key":"Toolbox"},{"floor":10,"key":"bronze:BronzeIdol"},{"floor":12,"key":"Akabeko"},{"floor":14,"key":"Unceasing Top"},{"floor":14,"key":"Potion Belt"},{"floor":19,"key":"sneckomod:SneckoTalon"},{"floor":20,"key":"champ:Barbells"},{"floor":21,"key":"Empty Cage"},{"floor":23,"key":"bronze:BronzeIdol"},{"floor":24,"key":"Juzu Bracelet"},{"floor":26,"key":"Unceasing Top"},{"floor":26,"key":"Ice Cream"},{"floor":27,"key":"Ice Cream"},{"floor":41,"key":"Gremlin Horn"},{"floor":42,"key":"Potion Belt"},{"floor":47,"key":"Shovel"},{"floor":48,"key":"bronze:BronzeIdol"},{"floor":52,"key":"PreservedInsect"},{"floor":52,"key":"Empty Cage"}],"event_choices":[{"damage_healed":0,"gold_gain":0,"player_choice":"Forge","damage_taken":0,"max_hp_gain":0,"max_hp_loss":0,"event_name":"Accursed Blacksmith","floor":5,"gold_loss":0,"cards_upgraded":["hexamod:ApocalypseNow"]},{"damage_healed":0,"gold_gain":0,"player_choice":"Stole Relic","damage_taken":0,"relics_obtained":["Thread and Needle"],"max_hp_gain":0,"max_hp_loss":0,"event_name":"Addict","floor":29,"gold_loss":0,"cards_obtained":["Pride"]}],"is_beta":false,"boss_relics":[{"not_picked":["Sozu","hexamod:IceCube"],"picked":"sneckomod:SneckoTalon"},{"not_picked":["Tiny House","Philosopher\u0027s Stone"],"picked":"hexamod:UnbrokenSoul"}],"items_purged_floors":[9,22,40,43,46,53],"is_endless":false,"potions_floor_spawned":[4,8,11,12,14,16,19,26,27,28,32,37,47,49],"ascension_level":0}}