{"host":"rzjc4nrqz5d54r3r","time":1611641586,"event":{"mods":["BaseMod","Colored Map","Keyboard Shortcuts","Minty Spire (QoL Compilation)","Quick Restart","StSLib","SuperFastMode","everything is the same but u backflip on backflip"],"gold_per_floor":[110,185,185,195,209,237,263,263,263,289,289,323,323,336,336,410,410,423,165,165,183,183,218,243,269,316,348,364,376,407,407,407,480,480,496,256,256,256,303,334,368,397,422,7,39,57,89,89,89,89,89],"floor_reached":52,"language":"KOR","playtime":1875,"items_purged":["Consume","Self Repair"],"score":2865,"play_id":"cf6167eb-253f-43bb-a6df-7d560ccc167d","local_time":"20210126151306","daily_mods":["SealedDeck","Heirloom","Flight"],"is_ascension_mode":true,"campfire_choices":[{"data":"Defragment","floor":8.0,"key":"SMITH"},{"data":"Coolheaded","floor":11.0,"key":"SMITH"},{"data":"Coolheaded","floor":13.0,"key":"SMITH"},{"data":"Capacitor","floor":15.0,"key":"SMITH"},{"data":"Defragment","floor":32.0,"key":"SMITH"},{"data":"Recycle","floor":49.0,"key":"SMITH"}],"circlet_count":0,"master_deck":["AscendersBane","Coolheaded+1","Beam Cell+1","Gash","Coolheaded+1","FTL","Go for the Eyes","Genetic Algorithm","Gash+1","Gash","Defragment+1","Glacier","All For One","Hologram","Capacitor+1","Panache","Capacitor","Defragment+1","White Noise","Echo Form","Echo Form","Chill","Recycle+1"],"relics":["FrozenCore","Girya","Blood Vial","Unceasing Top","Pear","Potion Belt","Symbiotic Virus","Runic Dome","FaceOfCleric","Mummified Hand","Art of War","Dream Catcher","Whetstone","HornCleat","Meat on the Bone","Medical Kit","FossilizedHelix","Bag of Preparation","The Courier","Happy Flower","Omamori","ClockworkSouvenir","Shuriken","Thread and Needle","Smiling Mask","Emotion Chip"],"acts_visited":["Exordium","TheCity","TheBeyond"],"potions_floor_usage":[51,51],"damage_taken":[{"damage":0.0,"enemies":"Cultist","floor":1.0,"turns":3.0},{"damage":0.0,"enemies":"2 Louse","floor":4.0,"turns":2.0},{"damage":2.0,"enemies":"Small Slimes","floor":5.0,"turns":4.0},{"damage":1.0,"enemies":"3 Sentries","floor":6.0,"turns":5.0},{"damage":28.0,"enemies":"Gremlin Nob","floor":7.0,"turns":5.0},{"damage":0.0,"enemies":"3 Sentries","floor":10.0,"turns":4.0},{"damage":3.0,"enemies":"Lagavulin","floor":12.0,"turns":4.0},{"damage":0.0,"enemies":"Gremlin Gang","floor":14.0,"turns":3.0},{"damage":14.0,"enemies":"Hexaghost","floor":16.0,"turns":6.0},{"damage":0.0,"enemies":"Shell Parasite","floor":18.0,"turns":3.0},{"damage":4.0,"enemies":"2 Thieves","floor":21.0,"turns":3.0},{"damage":21.0,"enemies":"Book of Stabbing","floor":23.0,"turns":3.0},{"damage":0.0,"enemies":"Gremlin Leader","floor":24.0,"turns":3.0},{"damage":0.0,"enemies":"Book of Stabbing","floor":25.0,"turns":2.0},{"damage":11.0,"enemies":"Slavers","floor":27.0,"turns":5.0},{"damage":0.0,"enemies":"Centurion and Healer","floor":28.0,"turns":3.0},{"damage":0.0,"enemies":"Snecko","floor":29.0,"turns":3.0},{"damage":1.0,"enemies":"Book of Stabbing","floor":30.0,"turns":4.0},{"damage":14.0,"enemies":"Champ","floor":33.0,"turns":5.0},{"damage":0.0,"enemies":"3 Darklings","floor":35.0,"turns":3.0},{"damage":8.0,"enemies":"2 Orb Walkers","floor":39.0,"turns":4.0},{"damage":0.0,"enemies":"Giant Head","floor":40.0,"turns":5.0},{"damage":0.0,"enemies":"Reptomancer","floor":41.0,"turns":5.0},{"damage":0.0,"enemies":"Nemesis","floor":42.0,"turns":5.0},{"damage":0.0,"enemies":"Giant Head","floor":45.0,"turns":4.0},{"damage":0.0,"enemies":"3 Shapes","floor":46.0,"turns":3.0},{"damage":0.0,"enemies":"Reptomancer","floor":47.0,"turns":3.0},{"damage":0.0,"enemies":"Awakened One","floor":50.0,"turns":5.0},{"damage":0,"enemies":"Donu and Deca","floor":51,"turns":6}],"seed_played":"4315224612371477565","potions_obtained":[{"floor":1.0,"key":"Dexterity Potion"},{"floor":4.0,"key":"GamblersBrew"},{"floor":10.0,"key":"LiquidMemories"},{"floor":18.0,"key":"EntropicBrew"},{"floor":27.0,"key":"Dexterity Potion"},{"floor":41.0,"key":"LiquidBronze"},{"floor":42.0,"key":"DuplicationPotion"}],"is_trial":true,"path_per_floor":["M","?","?","M","M","E","E","R","T","E","R","E","R","M","R","B",null,"M","$","?","M","?","E","E","E","T","E","M","M","E","$","R","B",null,"M","$","?","?","?","E","E","E","T","$","E","M","E","T","R","B","B",null],"character_chosen":"DEFECT","items_purchased":["Panache","Medical Kit","Echo Form","ClockworkSouvenir","Shuriken"],"campfire_rested":0,"item_purchase_floors":[19,36,36,44,44],"current_hp_per_floor":[71,60,60,67,71,70,50,50,60,69,69,75,75,77,77,72,79,81,81,81,81,81,68,78,84,84,81,86,87,88,88,88,82,87,90,90,90,90,90,92,93,94,94,94,95,96,97,97,97,98,99],"gold":89,"neow_bonus":"","is_daily":false,"chose_seed":false,"campfire_upgraded":6,"win_rate":0.0,"timestamp":1611641586,"path_taken":["M","?","?","M","M","E","E","R","T","E","R","E","R","?","R","BOSS","M","$","?","?","?","E","E","E","T","E","M","?","E","$","R","BOSS","M","$","?","?","?","E","E","E","T","$","E","?","E","?","R","BOSS","BOSS"],"items_purchased_type":["Card","Relic","Card","Relic","Relic"],"build_version":"2020-12-22","purchased_purges":2,"victory":true,"max_hp_per_floor":[71,71,71,71,71,71,71,71,81,81,81,81,81,81,81,81,81,81,81,81,81,81,82,83,84,84,85,86,87,88,88,88,89,89,90,90,90,90,91,92,93,94,94,94,95,96,97,97,97,98,99],"card_choices":[{"not_picked":["Leap","Go for the Eyes"],"picked":"Defragment","floor":1.0},{"not_picked":["Coolheaded","Skim"],"picked":"Hologram","floor":4.0},{"not_picked":["Cold Snap","Compile Driver","Genetic Algorithm"],"picked":"SKIP","floor":5.0},{"not_picked":["Rebound","Cold Snap","Consume"],"picked":"SKIP","floor":6.0},{"not_picked":["Rebound","Cold Snap"],"picked":"Consume","floor":6.0},{"not_picked":["Compile Driver","Coolheaded","Barrage"],"picked":"SKIP","floor":7.0},{"not_picked":["Steam","Thunder Strike","Undo"],"picked":"SKIP","floor":10.0},{"not_picked":["Steam","Stack","Barrage"],"picked":"SKIP","floor":12.0},{"not_picked":["Steam","Go for the Eyes"],"picked":"Capacitor","floor":14.0},{"not_picked":["Fission","Biased Cognition"],"picked":"Seek","floor":16.0},{"not_picked":["Hologram","Go for the Eyes","Compile Driver"],"picked":"SKIP","floor":18.0},{"not_picked":["Rebound","Heatsinks","Turbo"],"picked":"SKIP","floor":21.0},{"not_picked":["Steam+1","Coolheaded","Cold Snap"],"picked":"SKIP","floor":23.0},{"not_picked":["Ball Lightning","Double Energy","Machine Learning"],"picked":"SKIP","floor":24.0},{"not_picked":["Coolheaded","Turbo"],"picked":"Capacitor","floor":25.0},{"not_picked":["Go for the Eyes","Sweeping Beam"],"picked":"Defragment","floor":27.0},{"not_picked":["Loop","Beam Cell","Double Energy"],"picked":"SKIP","floor":28.0},{"not_picked":["Conserve Battery","Sunder","Cold Snap"],"picked":"SKIP","floor":29.0},{"not_picked":["Machine Learning","Redo"],"picked":"White Noise","floor":30.0},{"not_picked":["Creative AI","Electrodynamics"],"picked":"Echo Form","floor":33.0},{"not_picked":["BootSequence","Rebound","Go for the Eyes"],"picked":"SKIP","floor":35.0},{"not_picked":["Rebound","Scrape"],"picked":"Chill","floor":39.0},{"not_picked":["Conserve Battery","Stack","Barrage"],"picked":"SKIP","floor":40.0},{"not_picked":["Static Discharge","Coolheaded","Conserve Battery+1"],"picked":"SKIP","floor":41.0},{"not_picked":["Compile Driver+1","Rebound+1","Tempest"],"picked":"SKIP","floor":42.0},{"not_picked":["Steam","Ball Lightning"],"picked":"Recycle","floor":45.0},{"not_picked":["Genetic Algorithm","Hologram","Streamline"],"picked":"SKIP","floor":46.0},{"not_picked":["Consume","Buffer","Cold Snap+1"],"picked":"SKIP","floor":47.0}],"player_experience":12827,"relics_obtained":[{"floor":6.0,"key":"Blood Vial"},{"floor":7.0,"key":"Unceasing Top"},{"floor":9.0,"key":"Pear"},{"floor":10.0,"key":"Potion Belt"},{"floor":12.0,"key":"Symbiotic Virus"},{"floor":23.0,"key":"Mummified Hand"},{"floor":24.0,"key":"Art of War"},{"floor":25.0,"key":"Dream Catcher"},{"floor":26.0,"key":"Whetstone"},{"floor":27.0,"key":"HornCleat"},{"floor":30.0,"key":"Meat on the Bone"},{"floor":39.0,"key":"FossilizedHelix"},{"floor":40.0,"key":"Bag of Preparation"},{"floor":41.0,"key":"The Courier"},{"floor":42.0,"key":"Happy Flower"},{"floor":43.0,"key":"Omamori"},{"floor":45.0,"key":"Thread and Needle"},{"floor":47.0,"key":"Smiling Mask"},{"floor":48.0,"key":"Emotion Chip"}],"event_choices":[{"damage_healed":0.0,"max_hp_gain":0.0,"max_hp_loss":0.0,"gold_gain":75.0,"event_name":"World of Goop","player_choice":"Gather Gold","floor":2.0,"gold_loss":0.0,"damage_taken":11.0},{"damage_healed":0.0,"max_hp_gain":0.0,"max_hp_loss":0.0,"gold_gain":0.0,"event_name":"Match and Keep!","player_choice":"2 cards matched","floor":3.0,"gold_loss":0.0,"damage_taken":0.0,"cards_obtained":["Glacier","All For One"]},{"damage_healed":0.0,"max_hp_gain":0.0,"max_hp_loss":0.0,"gold_gain":0.0,"event_name":"Match and Keep!","player_choice":"0 cards matched","floor":20.0,"gold_loss":0.0,"damage_taken":0.0,"cards_obtained":[]},{"damage_healed":0.0,"max_hp_gain":0.0,"max_hp_loss":0.0,"gold_gain":0.0,"event_name":"FaceTrader","player_choice":"Trade","floor":22.0,"gold_loss":0.0,"damage_taken":0.0,"relics_obtained":["FaceOfCleric"]},{"cards_removed":["Seek"],"damage_healed":0.0,"max_hp_gain":0.0,"max_hp_loss":0.0,"gold_gain":0.0,"event_name":"Falling","player_choice":"Removed Skill","floor":37.0,"gold_loss":0.0,"damage_taken":0.0},{"damage_healed":0.0,"max_hp_gain":0.0,"max_hp_loss":0.0,"gold_gain":0.0,"event_name":"Tomb of Lord Red Mask","player_choice":"Ignored","floor":38.0,"gold_loss":0.0,"damage_taken":0.0},{"damage_healed":0.0,"max_hp_gain":0.0,"max_hp_loss":0.0,"gold_gain":0.0,"event_name":"Mysterious Sphere","player_choice":"Fight","floor":39.0,"gold_loss":0.0,"damage_taken":0.0}],"is_beta":false,"boss_relics":[{"not_picked":["Astrolabe","Calling Bell"],"picked":"Runic Dome"},{"not_picked":["Philosopher\u0027s Stone","Sozu"],"picked":"FrozenCore"}],"items_purged_floors":[19,44],"is_endless":false,"potions_floor_spawned":[1,4,6,7,10,18,27,29,30,41,42,45,47],"ascension_level":20}}