{"host":"86exz9sc3zcspcml","time":1611690503,"event":{"mods":["AchievementEnabler","BaseMod","Better Third Choice","Colored Map","Colored Powertips","Gold Saver","Minty Spire (QoL Compilation)","Quick Restart","Rare Cards Sparkle","Spire Birthday Party","StSLib"],"gold_per_floor":[110,0,14,27,41,41,69,79,133,133,158,158,177,187,187,187,187],"floor_reached":16,"language":"ENG","playtime":923,"items_purged":[],"score":139,"play_id":"00caece5-dca5-4764-988c-174b7f0a2f50","local_time":"20210126134823","is_ascension_mode":false,"campfire_choices":[{"data":"Zap","floor":6,"key":"SMITH"},{"floor":15,"key":"REST"}],"circlet_count":0,"master_deck":["Strike_B","Strike_B","Strike_B","Strike_B","Defend_B","Defend_B","Defend_B","Defend_B","Zap+1","Dualcast","Beam Cell","Enlightenment","Streamline+1","Capacitor","Consume","Self Repair","Beam Cell","Beam Cell","Undo","Beam Cell"],"relics":["Cracked Core","Lizard Tail","Juzu Bracelet","Sundial","Vajra"],"acts_visited":["Exordium"],"potions_floor_usage":[5,7,14],"damage_taken":[{"damage":5,"enemies":"Small Slimes","floor":1,"turns":3},{"damage":0,"enemies":"2 Louse","floor":3,"turns":1},{"damage":0,"enemies":"Cultist","floor":4,"turns":2},{"damage":33,"enemies":"Gremlin Gang","floor":5,"turns":5},{"damage":41,"enemies":"3 Sentries","floor":7,"turns":6},{"damage":16,"enemies":"Large Slime","floor":8,"turns":5},{"damage":37,"enemies":"Gremlin Nob","floor":11,"turns":5},{"damage":1,"enemies":"2 Fungi Beasts","floor":13,"turns":3},{"damage":9,"enemies":"Exordium Thugs","floor":14,"turns":3},{"damage":36,"enemies":"The Guardian","floor":16,"turns":4}],"seed_played":"-4875692773755355880","potions_obtained":[{"floor":1,"key":"DistilledChaos"},{"floor":5,"key":"FocusPotion"},{"floor":13,"key":"SpeedPotion"},{"floor":14,"key":"Ancient Potion"}],"is_trial":false,"path_per_floor":["M","?","M","M","M","R","E","M","T","?","E","?","M","M","R","B"],"character_chosen":"DEFECT","items_purchased":[],"campfire_rested":1,"item_purchase_floors":[],"current_hp_per_floor":[77,83,83,83,50,50,9,51,51,51,21,9,15,6,32,0,0],"gold":187,"neow_bonus":"TEN_PERCENT_HP_BONUS","is_daily":false,"chose_seed":false,"campfire_upgraded":1,"win_rate":0.0,"timestamp":1611690503,"path_taken":["M","?","M","M","M","R","E","M","T","?","E","?","M","M","R","BOSS"],"items_purchased_type":[],"build_version":"2020-12-22","purchased_purges":0,"victory":false,"max_hp_per_floor":[82,88,88,88,88,88,88,88,88,88,88,88,88,88,88,88,88],"card_choices":[{"not_picked":["Undo","Cold Snap"],"picked":"Beam Cell","floor":1},{"not_picked":["Rebound","Undo"],"picked":"Streamline","floor":3},{"not_picked":["Rebound","Leap"],"picked":"Capacitor","floor":4},{"not_picked":["Hologram","Sweeping Beam"],"picked":"Consume","floor":5},{"not_picked":["Stack","Rebound"],"picked":"Self Repair","floor":7},{"not_picked":["Redo","Hyperbeam"],"picked":"Beam Cell","floor":8},{"not_picked":["Amplify","Coolheaded"],"picked":"Beam Cell","floor":11},{"not_picked":["Doom and Gloom","Hologram"],"picked":"Undo","floor":13},{"not_picked":["Cold Snap","Defragment"],"picked":"Beam Cell","floor":14}],"player_experience":91238,"relics_obtained":[{"floor":7,"key":"Lizard Tail"},{"floor":9,"key":"Juzu Bracelet"},{"floor":11,"key":"Sundial"}],"event_choices":[{"damage_healed":0,"gold_gain":0,"player_choice":"RENOUNCE","damage_taken":110,"max_hp_gain":0,"max_hp_loss":0,"event_name":"betterThird:BetterSerpent","floor":2,"gold_loss":110,"cards_obtained":["Enlightenment"]},{"damage_healed":0,"gold_gain":0,"player_choice":"Grow","damage_taken":0,"max_hp_gain":0,"max_hp_loss":0,"event_name":"Living Wall","floor":10,"gold_loss":0,"cards_upgraded":["Streamline"]},{"damage_healed":0,"gold_gain":0,"player_choice":"Relic ","damage_taken":12,"max_hp_gain":0,"max_hp_loss":0,"event_name":"betterThird:BetterScrap","floor":12,"gold_loss":0,"cards_obtained":["DeceiveReality"]}],"is_beta":false,"boss_relics":[],"items_purged_floors":[],"is_endless":false,"potions_floor_spawned":[1,5,13,14],"killed_by":"The Guardian","ascension_level":0}}