{"host":"cbu6enf2xtq4r7r3","time":1611664833,"event":{"mods":["2.2 Compatiblity","AlwaysNeverKeys","BaseMod","Better Match","Better Note","Better Sensory Stone","Better Skull","Better Third Choice","Colored Map","Colored Powertips","Defuse TimeMaze Blight","Emptier Cage","Minty Spire (QoL Compilation)","Permanent Neow","Quick Restart","Random Character Button","Relic Sorter","Reorder Act Four","Shop Mod","StSLib"],"gold_per_floor":[361,361,311,327,340,383,383,75,75,75,93,134,134,159,159,284,284,298,298,298,321,6,44,44,79,106,106,124,147,156,170,170,301,301,324,324,348,391,374,374,389,389,389,436,436,436,508,433,433,433],"floor_reached":51,"language":"ENG","playtime":3070,"items_purged":["Strike_B"],"score":1055,"play_id":"0513f293-d600-4312-af77-d53f51f24b15","local_time":"20210126134033","is_ascension_mode":true,"campfire_choices":[{"data":"Zap","floor":7,"key":"SMITH"},{"data":"Dualcast","floor":10,"key":"SMITH"},{"data":"Echo Form","floor":15,"key":"SMITH"},{"data":"Self Repair","floor":24,"key":"SMITH"},{"data":"Static Discharge","floor":27,"key":"SMITH"},{"data":"Reinforced Body","floor":32,"key":"SMITH"},{"data":"Coolheaded","floor":40,"key":"SMITH"},{"data":"Conserve Battery","floor":42,"key":"SMITH"},{"data":"Leap","floor":46,"key":"SMITH"},{"floor":49,"key":"DIG"}],"circlet_count":0,"master_deck":["Defend_B","Defend_B","Defend_B","Defend_B","Zap+1","Dualcast+1","Cold Snap","Ball Lightning","Self Repair+1","Leap+1","Static Discharge+1","Cold Snap","Echo Form+1","Biased Cognition+1","Core Surge","Reinforced Body+1","Neutralize+1","Chaos+1","Chill","BootSequence+1","Conserve Battery+1","Coolheaded+1","Sweeping Beam+1","Undo+1"],"relics":["Cracked Core","Golden Idol","Prayer Wheel","Omamori","Bird Faced Urn","Centennial Puzzle","Busted Crown","Pantograph","Membership Card","DataDisk","CeramicFish","Tiny Chest","Orichalcum","Empty Cage","The Courier","Ornamental Fan","Boot","Shovel","Strawberry"],"acts_visited":["Exordium","TheCity","TheBeyond"],"potions_floor_usage":[12,16,21,23,25,25,25,28,33,41,50,50,50],"damage_taken":[{"damage":6,"enemies":"Small Slimes","floor":1,"turns":3},{"damage":0,"enemies":"2 Louse","floor":4,"turns":2},{"damage":0,"enemies":"Jaw Worm","floor":5,"turns":3},{"damage":24,"enemies":"Gremlin Nob","floor":6,"turns":4},{"damage":0,"enemies":"Looter","floor":11,"turns":2},{"damage":13,"enemies":"Lagavulin","floor":12,"turns":6},{"damage":7,"enemies":"Exordium Wildlife","floor":14,"turns":3},{"damage":22,"enemies":"Hexaghost","floor":16,"turns":7},{"damage":0,"enemies":"Spheric Guardian","floor":18,"turns":3},{"damage":0,"enemies":"Chosen","floor":21,"turns":4},{"damage":24,"enemies":"Book of Stabbing","floor":23,"turns":4},{"damage":9,"enemies":"Gremlin Leader","floor":25,"turns":5},{"damage":0,"enemies":"3 Cultists","floor":28,"turns":6},{"damage":12,"enemies":"Chosen and Byrds","floor":29,"turns":4},{"damage":15,"enemies":"Snake Plant","floor":31,"turns":2},{"damage":0,"enemies":"Champ","floor":33,"turns":14},{"damage":27,"enemies":"3 Darklings","floor":35,"turns":5},{"damage":4,"enemies":"Orb Walker","floor":37,"turns":4},{"damage":28,"enemies":"Jaw Worm Horde","floor":38,"turns":4},{"damage":7,"enemies":"4 Shapes","floor":41,"turns":7},{"damage":0,"enemies":"Reptomancer","floor":44,"turns":2},{"damage":0,"enemies":"Mind Bloom Boss Battle","floor":47,"turns":9},{"damage":26,"enemies":"Awakened One","floor":50,"turns":13}],"seed_played":"-6714524812899205902","potions_obtained":[{"floor":4,"key":"Regen Potion"},{"floor":6,"key":"ColorlessPotion"},{"floor":12,"key":"GamblersBrew"},{"floor":18,"key":"SteroidPotion"},{"floor":21,"key":"EntropicBrew"},{"floor":31,"key":"AttackPotion"},{"floor":37,"key":"FocusPotion"},{"floor":38,"key":"DuplicationPotion"},{"floor":44,"key":"Strength Potion"}],"is_trial":false,"path_per_floor":["M","?","?","M","M","E","R","$","T","R","M","E","?","M","R","B",null,"M","?","T","M","$","E","R","E","T","R","M","M","?","M","R","B",null,"M","?","M","M","$","R","M","R","T","E","T","R","?","?","R","B",null],"character_chosen":"DEFECT","items_purchased":["Omamori","Regen Potion","Membership Card","DataDisk","Core Surge","Reinforced Body","Conserve Battery","Coolheaded"],"campfire_rested":0,"item_purchase_floors":[8,8,22,22,22,22,39,39],"current_hp_per_floor":[62,62,62,62,62,38,38,38,38,38,38,36,57,61,61,50,60,63,63,63,63,63,63,63,63,63,63,63,63,63,50,50,63,63,60,60,63,61,61,61,63,63,63,63,63,63,63,63,70,62],"gold":433,"neow_bonus":"TWO_FIFTY_GOLD","is_daily":false,"chose_seed":false,"campfire_upgraded":9,"win_rate":0.0,"timestamp":1611664833,"path_taken":["M","?","?","M","M","E","R","$","T","R","M","E","?","M","R","BOSS","M","?","?","M","$","E","R","E","T","R","?","M","?","M","R","BOSS","M","?","M","M","$","R","M","R","T","E","?","R","?","?","R","BOSS"],"items_purchased_type":["Relic","Potion","Relic","Relic","Card","Card","Card","Card"],"build_version":"2020-12-22","purchased_purges":1,"victory":true,"max_hp_per_floor":[68,63,63,63,63,63,63,63,63,63,63,63,63,63,63,63,63,63,63,63,63,63,63,63,63,63,63,63,63,63,63,63,63,63,63,63,63,63,63,63,63,63,63,63,63,63,63,63,70,70],"card_choices":[{"not_picked":["Turbo","Go for the Eyes"],"picked":"Rebound","floor":1},{"not_picked":["Redo","BootSequence"],"picked":"Cold Snap","floor":4},{"not_picked":["Fusion","Barrage"],"picked":"Ball Lightning","floor":5},{"not_picked":["Compile Driver","Aggregate","Fusion"],"picked":"SKIP","floor":6},{"not_picked":["Double Energy","Consume"],"picked":"Self Repair","floor":11},{"not_picked":["Auto Shields","Skim"],"picked":"Leap","floor":11},{"not_picked":["Tempest","Beam Cell"],"picked":"Static Discharge","floor":12},{"not_picked":["Rip and Tear","Genetic Algorithm"],"picked":"Cold Snap","floor":14},{"not_picked":["Auto Shields","Conserve Battery"],"picked":"Echo Form","floor":14},{"not_picked":["Reboot","Hyperbeam"],"picked":"Biased Cognition","floor":16},{"not_picked":["Tempest"],"picked":"SKIP","floor":18},{"not_picked":["Doom and Gloom+1"],"picked":"SKIP","floor":18},{"not_picked":["Double Energy+1"],"picked":"SKIP","floor":21},{"not_picked":["Streamline"],"picked":"SKIP","floor":21},{"not_picked":["Ball Lightning"],"picked":"SKIP","floor":23},{"not_picked":["Streamline"],"picked":"SKIP","floor":25},{"not_picked":["Recycle+1"],"picked":"SKIP","floor":28},{"not_picked":["Steam Power"],"picked":"SKIP","floor":28},{"not_picked":["Tempest"],"picked":"SKIP","floor":29},{"not_picked":["Go for the Eyes"],"picked":"SKIP","floor":29},{"not_picked":["Ball Lightning"],"picked":"SKIP","floor":31},{"not_picked":["Rebound"],"picked":"SKIP","floor":31},{"not_picked":["Steam Power+1"],"picked":"SKIP","floor":35},{"not_picked":["Steam"],"picked":"SKIP","floor":35},{"not_picked":[],"picked":"Chaos+1","floor":37},{"not_picked":["Go for the Eyes"],"picked":"SKIP","floor":37},{"not_picked":[],"picked":"Chill","floor":38},{"not_picked":[],"picked":"BootSequence+1","floor":38},{"not_picked":["Turbo"],"picked":"SKIP","floor":41},{"not_picked":["Rip and Tear"],"picked":"SKIP","floor":41},{"not_picked":[],"picked":"Sweeping Beam+1","floor":44},{"not_picked":[],"picked":"Undo+1","floor":47}],"player_experience":110124,"relics_obtained":[{"floor":6,"key":"Prayer Wheel"},{"floor":9,"key":"Bird Faced Urn"},{"floor":12,"key":"Centennial Puzzle"},{"floor":20,"key":"Pantograph"},{"floor":23,"key":"CeramicFish"},{"floor":25,"key":"Tiny Chest"},{"floor":26,"key":"Orichalcum"},{"floor":43,"key":"The Courier"},{"floor":44,"key":"Ornamental Fan"},{"floor":45,"key":"Boot"},{"floor":47,"key":"Shovel"},{"floor":49,"key":"Strawberry"}],"event_choices":[{"damage_healed":0,"gold_gain":0,"player_choice":"Lose Max HP","damage_taken":0,"relics_obtained":["Golden Idol"],"max_hp_gain":0,"max_hp_loss":5,"event_name":"Golden Idol","floor":2,"gold_loss":0},{"cards_removed":["Strike_B"],"damage_healed":0,"gold_gain":0,"player_choice":"Card Removal","damage_taken":0,"max_hp_gain":0,"max_hp_loss":0,"event_name":"The Cleric","floor":3,"gold_loss":50},{"damage_healed":21,"gold_gain":0,"player_choice":"Banana","damage_taken":0,"max_hp_gain":0,"max_hp_loss":0,"event_name":"Big Fish","floor":13,"gold_loss":0},{"damage_healed":0,"gold_gain":0,"player_choice":"Upgraded","damage_taken":0,"max_hp_gain":0,"max_hp_loss":0,"event_name":"Upgrade Shrine","floor":19,"gold_loss":0,"cards_upgraded":["Biased Cognition"]},{"cards_removed":["Self Repair"],"damage_healed":0,"gold_gain":0,"player_choice":"Take \u0026 Give","damage_taken":0,"max_hp_gain":0,"max_hp_loss":0,"event_name":"betterNote:BetterNote","floor":30,"gold_loss":0,"cards_obtained":["Neutralize"]},{"damage_healed":0,"gold_gain":0,"player_choice":"Ignored","damage_taken":0,"max_hp_gain":0,"max_hp_loss":0,"event_name":"Tomb of Lord Red Mask","floor":36,"gold_loss":0},{"damage_healed":0,"gold_gain":0,"player_choice":"Fight","damage_taken":0,"max_hp_gain":0,"max_hp_loss":0,"event_name":"MindBloom","floor":47,"gold_loss":0},{"damage_healed":0,"gold_gain":0,"player_choice":"2","damage_taken":0,"max_hp_gain":0,"max_hp_loss":0,"event_name":"betterMatch:BetterMatch","floor":48,"gold_loss":0,"cards_obtained":["betterMatch:RareCard","betterMatch:ColorlessUncommonCard"]}],"is_beta":false,"boss_relics":[{"not_picked":["Philosopher\u0027s Stone","Black Star"],"picked":"Busted Crown"},{"not_picked":["Astrolabe","Runic Pyramid"],"picked":"Empty Cage"}],"items_purged_floors":[8],"is_endless":false,"potions_floor_spawned":[4,6,12,18,21,31,37,38,44],"ascension_level":6}}