{"host":"121m0oxswv9tg9hk","time":1611678676,"event":{"mods":["AchievementEnabler","BaseMod","Better Third Choice","Downfall","Hermit","Hubris","Infinite Spire","MarisaÅiñ∂âJÅ@ñÇóùçπÅj","Minty Spire (QoL Compilation)","Replay The Spire","Shade Mod","StSLib","The Construct","The Cursed","The Gatherer","The Hierophant","The Mystic"],"gold_per_floor":[99,110,120,139,54,354,377,412,312,323,358,258,358,358,370,466,466,466,488,488,488,488,508,508,530,530,430,430,446,446,480,506,506,506,506],"floor_reached":33,"language":"ENG","playtime":2498,"items_purged":["downfall:Icky"],"score":385,"play_id":"5df00b4b-a8a5-446c-b736-bab5c8a07d0a","local_time":"20210126173116","is_ascension_mode":true,"campfire_choices":[{"floor":1,"key":"DIG"},{"floor":9,"key":"REST"},{"floor":12,"key":"REST"},{"floor":18,"key":"RECALL"},{"floor":27,"key":"REST"},{"floor":30,"key":"REST"}],"circlet_count":0,"master_deck":["hexamod:Strike+1","hexamod:Strike+1","hexamod:Strike+1","hexamod:Defend+1","hexamod:Defend+1","hexamod:Defend+1","hexamod:Defend+1","hexamod:Float+1","hubris:DuctTapeCard","hexamod:EtherealExpedition","hexamod:SecondSeal","hexamod:PhantomFireball","hexamod:FlamesFromBeyond","hexamod:FlamesFromBeyond","hexamod:TimeOfNeed","hexamod:ShieldOfDarkness","hexamod:ThermalTransfer+1","hexamod:RadiantFlame","hexamod:WildfireWeapon","ReplayTheSpireMod:Book of Names","hexamod:ThermalTransfer+1","hexamod:EmpoweredFlame"],"relics":["hexamod:SpiritBrand","hubris:DuctTape","infinitespire:Lucky Rock","downfall:HeartBlessingBlue","Juzu Bracelet","downfall:HeartBlessingGreen","Busted Crown","hubris:Icosahedron","hubris:Backtick","Replay:Bottled Snecko","Tiny Chest","Replay:Multitool","downfall:HeartBlessingRed","Mercury Hourglass"],"acts_visited":["Exordium","TheCity"],"potions_floor_usage":[8,11,13,19,33,33],"damage_taken":[{"damage":0,"enemies":"Small Slimes","floor":2,"turns":3},{"damage":2,"enemies":"2 Louse","floor":3,"turns":3},{"damage":0,"enemies":"Cultist","floor":4,"turns":3},{"damage":0,"enemies":"downfall:FleeingMerchant","floor":5,"turns":4},{"damage":35,"enemies":"3 Sentries","floor":8,"turns":10},{"damage":3,"enemies":"Blue Slaver","floor":10,"turns":4},{"damage":16,"enemies":"Lagavulin","floor":11,"turns":6},{"damage":12,"enemies":"downfall:Heads","floor":13,"turns":6},{"damage":2,"enemies":"Gremlin Gang","floor":15,"turns":4},{"damage":3,"enemies":"IC_STATUS_ARCHETYPE","floor":16,"turns":8},{"damage":0,"enemies":"Chosen","floor":19,"turns":4},{"damage":35,"enemies":"Sentry and Sphere","floor":23,"turns":6},{"damage":18,"enemies":"Snake Plant","floor":25,"turns":3},{"damage":6,"enemies":"Snecko","floor":29,"turns":4},{"damage":28,"enemies":"Book of Stabbing","floor":31,"turns":5},{"damage":17,"enemies":"Cultist and Chosen","floor":32,"turns":5},{"damage":11,"enemies":"DF_ARCHETYPE_CLAW","floor":33,"turns":5}],"seed_played":"1361505486806649268","potions_obtained":[{"floor":3,"key":"SpeedPotion"},{"floor":8,"key":"champ:CounterPotion"},{"floor":10,"key":"Dexterity Potion"},{"floor":11,"key":"Slimebound:ThreeZeroPotion"},{"floor":15,"key":"Fire Potion"},{"floor":25,"key":"Explosive Potion"},{"floor":31,"key":"ColorlessPotion"}],"is_trial":false,"path_per_floor":["R","M","M","M","$","?","T","E","R","M","E","R","?","?","M","B",null,"R","M","?","?","AVR","M","T","M","?","R","?","M","R","E","M","B"],"character_chosen":"THE_SPIRIT","items_purchased":["hexamod:PhantomFireball"],"campfire_rested":4,"item_purchase_floors":[5],"current_hp_per_floor":[63,63,61,61,61,61,61,26,60,57,41,65,53,53,51,48,72,72,72,72,64,64,29,29,11,11,35,35,29,53,25,8,0,0,0],"gold":506,"neow_bonus":"THREE_CARDS","is_daily":false,"chose_seed":false,"campfire_upgraded":0,"win_rate":0.0,"timestamp":1611678676,"path_taken":["R","M","M","M","$","?","T","E","R","M","E","R","?","?","M","BOSS","R","M","?","?","AVR","M","T","M","?","R","?","M","R","E","M","BOSS"],"items_purchased_type":["Card"],"build_version":"2020-12-22","purchased_purges":1,"victory":false,"max_hp_per_floor":[70,70,70,70,70,70,70,70,80,80,80,80,80,80,80,80,80,80,80,80,80,80,80,80,80,80,80,80,80,80,80,80,80,80,80],"card_choices":[{"not_picked":["hexamod:GhostOfSpirePast","hexamod:SpectralAdrenaline"],"picked":"hexamod:ShieldOfDarkness","floor":0},{"not_picked":["hexamod:InspiringFlames","hexamod:Haunt"],"picked":"hexamod:EtherealExpedition","floor":2},{"not_picked":["hexamod:SuperheatedStrike","hexamod:GhostShield"],"picked":"hexamod:HeatMetal","floor":3},{"not_picked":["hexamod:GhostShield","hexamod:GhostLash"],"picked":"hexamod:SecondSeal","floor":4},{"not_picked":["hexamod:HauntingEcho","hexamod:Again","hexamod:SuperheatedStrike"],"picked":"SKIP","floor":5},{"not_picked":["hexamod:GhostShield","hexamod:TurnItUp"],"picked":"hexamod:FlamesFromBeyond","floor":8},{"not_picked":["hexamod:SecondSeal","hexamod:NightmareGuise"],"picked":"hexamod:FlamesFromBeyond","floor":10},{"not_picked":["hexamod:GhostOfSpireFuture","hexamod:NightmareStrike"],"picked":"hexamod:TimeOfNeed","floor":11},{"not_picked":["hexamod:ForkedFlame","hexamod:PhantomCloak"],"picked":"hexamod:ThermalTransfer","floor":13},{"not_picked":["hexamod:HeatMetal","hexamod:Firestarter"],"picked":"hexamod:RadiantFlame","floor":15},{"not_picked":["hexamod:UnleashSpirits","hexamod:FlameSwitch"],"picked":"hexamod:WildfireWeapon","floor":16},{"not_picked":["hexamod:RainOfEmbers"],"picked":"SKIP","floor":19},{"not_picked":[],"picked":"hexamod:ThermalTransfer+1","floor":23},{"not_picked":[],"picked":"hexamod:EmpoweredFlame","floor":25},{"not_picked":["hexamod:FastForward"],"picked":"SKIP","floor":29},{"not_picked":["hexamod:Haunt+1"],"picked":"SKIP","floor":31},{"not_picked":["hexamod:Haunt+1"],"picked":"SKIP","floor":31},{"not_picked":["hexamod:FastForward"],"picked":"SKIP","floor":32}],"player_experience":2961729,"relics_obtained":[{"floor":1,"key":"hubris:DuctTape"},{"floor":8,"key":"infinitespire:Lucky Rock"},{"floor":11,"key":"Juzu Bracelet"},{"floor":24,"key":"Replay:Multitool"},{"floor":31,"key":"Mercury Hourglass"}],"event_choices":[{"damage_healed":0,"gold_gain":0,"player_choice":"Forge","damage_taken":0,"max_hp_gain":0,"max_hp_loss":0,"event_name":"Accursed Blacksmith","floor":14,"gold_loss":0,"cards_upgraded":["hexamod:ThermalTransfer"]},{"damage_healed":0,"gold_gain":0,"player_choice":"Damaged","damage_taken":8,"max_hp_gain":0,"max_hp_loss":0,"event_name":"Wheel of Change","floor":21,"gold_loss":0}],"is_beta":false,"boss_relics":[{"not_picked":["Painkiller Herb","Calling Bell"],"picked":"Busted Crown"}],"items_purged_floors":[22],"is_endless":false,"potions_floor_spawned":[3,8,10,11,15,25,31],"killed_by":"DF_ARCHETYPE_CLAW","ascension_level":8}}