{"host":"xmr2g8b7eju0288o","time":1611689298,"event":{"mods":["AchievementEnabler","BaseMod","Colored Map","Colored Powertips","Infinite Spire","KOR Keyword Fix","Minty Spire (QoL Compilation)","Quick Restart","Spicy Shops","StSLib","SuperFastMode"],"gold_per_floor":[156,201,246,288,330,330,131,131,156,195,270,545,605,644,644,875,875,923,962,153,153,153,153,153],"floor_reached":23,"language":"KOR","playtime":476,"items_purged":[],"score":395,"play_id":"9d5786ab-d977-4e44-b7b0-fc29bf7bf5ef","local_time":"20210127042818","daily_mods":["Heirloom","Midas"],"is_ascension_mode":true,"campfire_choices":[{"floor":6.0,"key":"REST"},{"floor":8.0,"key":"REST"},{"floor":15.0,"key":"REST"}],"circlet_count":0,"master_deck":["AscendersBane","Strike_R","Strike_R","Strike_R","Strike_R","Strike_R","Defend_R","Defend_R","Defend_R","Defend_R","Bash","Shrug It Off","Infernal Blade","Pommel Strike","Shrug It Off","Inflame","Regret","Seeing Red","Fire Breathing","Juggernaut","Cleave","Clash","Heavy Blade+1"],"relics":["Burning Blood","infinitespire:Golems Mask","Akabeko","Tiny Chest","SlaversCollar","Shovel","FossilizedHelix","Orrery","Ancient Tea Set","MutagenicStrength"],"acts_visited":["Exordium","TheCity"],"potions_floor_usage":[23],"damage_taken":[{"damage":19.0,"enemies":"Small Slimes","floor":1.0,"turns":4.0},{"damage":0.0,"enemies":"2 Louse","floor":2.0,"turns":2.0},{"damage":6.0,"enemies":"Cultist","floor":3.0,"turns":4.0},{"damage":24.0,"enemies":"Large Slime","floor":4.0,"turns":6.0},{"damage":16.0,"enemies":"Blue Slaver","floor":5.0,"turns":3.0},{"damage":3.0,"enemies":"2 Fungi Beasts","floor":10.0,"turns":4.0},{"damage":3.0,"enemies":"Looter","floor":13.0,"turns":2.0},{"damage":9.0,"enemies":"Blue Slaver","floor":14.0,"turns":3.0},{"damage":41.0,"enemies":"Hexaghost","floor":16.0,"turns":9.0},{"damage":15.0,"enemies":"Chosen","floor":18.0,"turns":5.0},{"damage":21.0,"enemies":"Spheric Guardian","floor":19.0,"turns":4.0},{"damage":51,"enemies":"Nightmare","floor":23,"turns":5}],"seed_played":"1378369284679909752","potions_obtained":[{"floor":1.0,"key":"infinitespire:BlackPotion"},{"floor":2.0,"key":"Dexterity Potion"},{"floor":10.0,"key":"Ancient Potion"},{"floor":16.0,"key":"ColorlessPotion"},{"floor":19.0,"key":"Energy Potion"}],"is_trial":true,"path_per_floor":["M","M","M","M","M","R","$","R","T","M","?","?","M","M","R","B",null,"M","M","$","T","?","NM"],"character_chosen":"IRONCLAD","items_purchased":["Akabeko","Shrug It Off","Shovel","FossilizedHelix","Orrery"],"campfire_rested":3,"item_purchase_floors":[7,7,20,20,20],"current_hp_per_floor":[55,61,61,43,33,55,55,75,75,75,64,64,67,64,75,40,66,57,42,42,42,42,0,0],"gold":153,"neow_bonus":"","is_daily":false,"chose_seed":false,"campfire_upgraded":0,"win_rate":0.0,"timestamp":1611689298,"path_taken":["M","M","M","M","M","R","$","R","T","M","?","?","?","M","R","BOSS","M","M","$","?","?","NM"],"items_purchased_type":["Relic","Card","Relic","Relic","Relic"],"build_version":"2020-12-22","purchased_purges":0,"victory":false,"max_hp_per_floor":[75,75,75,75,75,75,75,75,75,75,75,75,75,75,75,75,75,75,75,75,75,75,75,75],"card_choices":[{"not_picked":["Disarm","Armaments"],"picked":"Shrug It Off","floor":1.0},{"not_picked":["Warcry","True Grit","Searing Blow"],"picked":"SKIP","floor":2.0},{"not_picked":["Burning Pact","Wild Strike"],"picked":"Infernal Blade","floor":3.0},{"not_picked":["Perfected Strike","Armaments","Hemokinesis"],"picked":"SKIP","floor":4.0},{"not_picked":["Shrug It Off","True Grit"],"picked":"Pommel Strike","floor":5.0},{"not_picked":["Disarm","Second Wind"],"picked":"Inflame","floor":10.0},{"not_picked":["Clothesline","Twin Strike"],"picked":"Seeing Red","floor":13.0},{"not_picked":["Flame Barrier","Seeing Red"],"picked":"Fire Breathing","floor":14.0},{"not_picked":["Berserk","Corruption"],"picked":"Juggernaut","floor":16.0},{"not_picked":["Body Slam","Perfected Strike"],"picked":"Cleave","floor":18.0},{"not_picked":["Combust+1","Cleave+1"],"picked":"Clash","floor":19.0},{"not_picked":["Clash","Anger"],"picked":"Heavy Blade+1","floor":20.0}],"player_experience":83142,"relics_obtained":[{"floor":9.0,"key":"Tiny Chest"},{"floor":21.0,"key":"Ancient Tea Set"}],"event_choices":[{"damage_healed":0.0,"max_hp_gain":0.0,"max_hp_loss":0.0,"gold_gain":75.0,"event_name":"World of Goop","player_choice":"Gather Gold","floor":11.0,"gold_loss":0.0,"damage_taken":11.0},{"damage_healed":0.0,"max_hp_gain":0.0,"max_hp_loss":0.0,"gold_gain":275.0,"event_name":"Golden Shrine","player_choice":"Desecrate","floor":12.0,"gold_loss":0.0,"damage_taken":0.0,"cards_obtained":["Regret"]},{"damage_healed":0.0,"max_hp_gain":0.0,"max_hp_loss":0.0,"gold_gain":0.0,"event_name":"Drug Dealer","player_choice":"Inject Mutagens","floor":22.0,"gold_loss":0.0,"damage_taken":0.0,"relics_obtained":["MutagenicStrength"]}],"is_beta":false,"boss_relics":[{"not_picked":["Ectoplasm","infinitespire:Cupcake"],"picked":"SlaversCollar"}],"items_purged_floors":[],"is_endless":false,"potions_floor_spawned":[1,2,10,16,19],"killed_by":"Nightmare","ascension_level":20}}