{"host":"gbbz8f5svnnpwo8d","time":1611698077,"event":{"mods":["AchievementEnabler","AlwaysNeverKeys","BaseMod","Bestiary","Better Altar","Better Match","Better Note","Better Sensory Stone","Better Silent Start","Better Skull","Better Third Choice","Better Vampires","Better-Laid Plans","BetterRewards","Block Reminder","Colored Map","Colored Powertips","Curses Come First","Dark Map","Displayed Cursed Tome","GifTheSpireLib","Minty Spire (QoL Compilation)","MonsterHotkey","Permanent Neow","Potion Indicator Mod","Quick Restart","Random Character Button","Rare Cards Sparkle","Relic Stats","Shop Mod","Spicy Shops","Spire Birthday Party","StSLib","Transform Curses"],"gold_per_floor":[109,109,109,123,133,133,146,180,205,205,218,218,218,230,230,327,327,297,297,297,297,42,42,42,42,42,42,42,42,42,42,42,42,42,42,42,42,0,0,0,0,0,0,0,0,0,0,0,0,0,0,0,0,0,0],"floor_reached":56,"language":"ENG","playtime":4282,"items_purged":["Zap"],"score":1515,"play_id":"d0f8e570-956b-422f-9da2-448aec220253","local_time":"20210126145437","is_ascension_mode":false,"campfire_choices":[{"data":"Hyperbeam","floor":6.0,"key":"SMITH"},{"data":"Dramatic Entrance","floor":12.0,"key":"SMITH"},{"data":"Sweeping Beam","floor":15.0,"key":"SMITH"},{"data":"Dramatic Entrance","floor":24.0,"key":"SMITH"},{"data":"Beam Cell","floor":28,"key":"SMITH"},{"data":"Hyperbeam","floor":32,"key":"SMITH"},{"data":"Gash","floor":41,"key":"SMITH"},{"data":"Gash","floor":45,"key":"SMITH"},{"floor":49,"key":"REST"},{"data":"Gash","floor":52,"key":"SMITH"}],"circlet_count":0,"master_deck":["Strike_B+1","Strike_B+1","Strike_B+1","Defend_B+1","Defend_B+1","Defend_B+1","Defend_B+1","Dualcast","Hyperbeam+1","Sweeping Beam+1","Dramatic Entrance+1","Conserve Battery","Undo","Gash+1","Leap","Gash+1","Auto Shields","All For One","Beam Cell+1","Beam Cell+1","Dramatic Entrance+1","Go for the Eyes+1","Beam Cell+1","Gash+1","Hyperbeam+1","Reprogram+1","Madness","Madness","Steam","Doom and Gloom+1","Parasite","Reprogram+1","Echo Form+1"],"relics":["Cracked Core","MerchantsRug","Lizard Tail","PreservedInsect","Lee\u0027s Waffle","Tiny Chest","Bag of Marbles","Strawberry","Ectoplasm","Ancient Tea Set","Frozen Egg 2","Blood Vial","Dream Catcher","SlaversCollar","StoneCalendar","Red Mask","Bottled Flame","Pear","InkBottle","Boot"],"acts_visited":["Exordium","TheCity","TheBeyond","TheEnding"],"potions_floor_usage":[29,33,33,33,44,55,55],"damage_taken":[{"damage":0.0,"enemies":"Small Slimes","floor":1.0,"turns":2.0},{"damage":1.0,"enemies":"Jaw Worm","floor":4.0,"turns":3.0},{"damage":0.0,"enemies":"Cultist","floor":5.0,"turns":2.0},{"damage":0.0,"enemies":"Blue Slaver","floor":7.0,"turns":2.0},{"damage":0.0,"enemies":"3 Sentries","floor":8.0,"turns":1.0},{"damage":0.0,"enemies":"Large Slime","floor":11.0,"turns":4.0},{"damage":0.0,"enemies":"Exordium Wildlife","floor":14.0,"turns":1.0},{"damage":15.0,"enemies":"Slime Boss","floor":16.0,"turns":7.0},{"damage":0.0,"enemies":"2 Thieves","floor":18.0,"turns":2.0},{"damage":6.0,"enemies":"Spheric Guardian","floor":20.0,"turns":3.0},{"damage":6.0,"enemies":"Book of Stabbing","floor":23.0,"turns":3.0},{"damage":0.0,"enemies":"Snake Plant","floor":25.0,"turns":1.0},{"damage":0,"enemies":"Centurion and Healer","floor":29,"turns":1},{"damage":0,"enemies":"Shelled Parasite and Fungi","floor":30,"turns":1},{"damage":0,"enemies":"Gremlin Leader","floor":31,"turns":2},{"damage":29,"enemies":"Champ","floor":33,"turns":8},{"damage":0,"enemies":"Orb Walker","floor":35,"turns":2},{"damage":5,"enemies":"3 Shapes","floor":39,"turns":1},{"damage":0,"enemies":"Reptomancer","floor":40,"turns":4},{"damage":3,"enemies":"Writhing Mass","floor":42,"turns":5},{"damage":2,"enemies":"4 Shapes","floor":44,"turns":1},{"damage":88,"enemies":"Awakened One","floor":50,"turns":10},{"damage":6,"enemies":"Shield and Spear","floor":54,"turns":2},{"damage":127,"enemies":"The Heart","floor":55,"turns":8}],"seed_played":"6956420940728092807","potions_obtained":[{"floor":1.0,"key":"FearPotion"},{"floor":8.0,"key":"SmokeBomb"},{"floor":14.0,"key":"PowerPotion"},{"floor":16.0,"key":"PowerPotion"},{"floor":18.0,"key":"EssenceOfSteel"},{"floor":23.0,"key":"Strength Potion"},{"floor":25.0,"key":"EssenceOfSteel"},{"floor":29,"key":"Weak Potion"},{"floor":33,"key":"FairyPotion"},{"floor":35,"key":"Dexterity Potion"},{"floor":42,"key":"SkillPotion"},{"floor":54,"key":"Strength Potion"}],"is_trial":false,"path_per_floor":["M","?","?","M","M","R","M","E","T","?","M","R","?","M","R","B",null,"M","T","M","?","$","E","R","M","T","?","R","M","M","E","R","B",null,"M","T","?","?","M","E","R","M","T","M","R","?","T","$","R","B",null,"R","$","E","B",null],"character_chosen":"DEFECT","items_purchased":["Hyperbeam","Sweeping Beam","MerchantsRug","Dramatic Entrance","PreservedInsect","Lee\u0027s Waffle","Conserve Battery","Undo","Dramatic Entrance"],"campfire_rested":1,"item_purchase_floors":[0,0,0,0,0,0,0,0,22],"current_hp_per_floor":[82,75,68,67,67,67,67,67,74,74,74,74,79,79,79,64,94,94,94,88,88,88,82,82,82,82,82,82,84,86,88,88,61,94,94,94,82,82,79,81,81,80,90,90,90,70,70,70,101,15,104,104,104,98,27],"gold":0,"neow_bonus":"","is_daily":false,"chose_seed":false,"campfire_upgraded":9,"win_rate":0.0,"timestamp":1611698077,"path_taken":["M","?","?","M","M","R","M","E","T","?","?","R","?","M","R","BOSS","M","?","M","?","$","E","R","M","T","?","R","M","?","E","R","BOSS","M","?","?","?","M","E","R","M","T","M","R","?","?","?","R","BOSS","R","$","E","BOSS"],"items_purchased_type":["Card","Card","Relic","Card","Relic","Relic","Card","Card","Card"],"build_version":"2020-12-22","purchased_purges":1,"victory":true,"max_hp_per_floor":[82,82,82,82,82,82,82,82,89,89,89,89,94,94,94,94,94,94,94,94,94,94,94,94,94,94,94,94,94,94,94,94,94,94,94,94,94,94,94,94,94,94,104,104,104,104,104,104,104,104,104,104,104,104,104],"relic_stats":{"Blood Vial":20,"Lizard Tail":0,"Lee\u0027s Waffle":51,"Dream Catcher":1,"counters":[104,477],"Tiny Chest":3,"StoneCalendar":[52],"PreservedInsect":246,"Ectoplasm":420,"Boot":[0],"obtain_stats":[{"Ice Cream":48,"Calipers":12,"Runic Capacitor":22,"Whetstone":54,"Bottled Tornado":45,"Boot":26,"Old Coin":46,"Blood Vial":26,"Lizard Tail":0,"HornCleat":23,"DollysMirror":0,"Strawberry":9,"Toxic Egg 2":2,"Girya":37,"MerchantsRug":37,"Pear":43,"Happy Flower":7,"Eternal Feather":9,"Pen Nib":0,"Question Card":0,"Akabeko":12,"Cables":42,"SlaversCollar":17,"Bottled Flame":40,"Bronze Scales":54,"Symbiotic Virus":25,"Meat on the Bone":10,"Lantern":0,"SacredBark":34,"StoneCalendar":36,"Bag of Preparation":30,"Empty Cage":34,"Cursed Key":17,"Ancient Tea Set":19,"Emotion Chip":0,"Nunchaku":9,"Dream Catcher":31,"Matryoshka":25,"Mummified Hand":3,"Tiny Chest":3,"Red Mask":38,"Cracked Core":0,"InkBottle":43,"Potion Belt":21,"Lee\u0027s Waffle":0,"Golden Idol":11,"Thread and Needle":9,"PreservedInsect":0,"Frozen Egg 2":9,"Nuclear Battery":17,"Mercury Hourglass":9,"Anchor":26,"DataDisk":53,"Ornamental Fan":0,"Bloody Idol":28,"Turnip":13,"Ectoplasm":17,"Art of War":26,"Bag of Marbles":8,"Bottled Lightning":53,"Toy Ornithopter":4},{"Ice Cream":30,"Calipers":53,"Runic Capacitor":66,"Whetstone":79,"Bottled Tornado":28,"Boot":44,"Old Coin":76,"Blood Vial":92,"Lizard Tail":80,"HornCleat":67,"DollysMirror":47,"Strawberry":85,"Toxic Egg 2":56,"Girya":27,"MerchantsRug":73,"Pear":100,"Happy Flower":4,"Eternal Feather":4,"Pen Nib":47,"Question Card":55,"Akabeko":39,"Cables":74,"SlaversCollar":7,"Bottled Flame":99,"Bronze Scales":32,"Symbiotic Virus":68,"Meat on the Bone":5,"Lantern":55,"SacredBark":71,"StoneCalendar":97,"Bag of Preparation":69,"Empty Cage":25,"Cursed Key":41,"Ancient Tea Set":89,"Emotion Chip":0,"Nunchaku":38,"Dream Catcher":95,"Matryoshka":44,"Mummified Hand":49,"Tiny Chest":81,"Red Mask":97,"Cracked Core":0,"InkBottle":27,"Potion Belt":42,"Lee\u0027s Waffle":33,"Golden Idol":5,"Thread and Needle":53,"PreservedInsect":0,"Frozen Egg 2":15,"Nuclear Battery":19,"Mercury Hourglass":58,"Anchor":68,"DataDisk":78,"Ornamental Fan":0,"Bloody Idol":23,"Turnip":54,"Ectoplasm":88,"Art of War":22,"Bag of Marbles":85,"Bottled Lightning":78,"Toy Ornithopter":35},{"Ice Cream":146,"Calipers":262,"Runic Capacitor":311,"Whetstone":390,"Bottled Tornado":134,"Boot":227,"Old Coin":364,"Blood Vial":432,"Lizard Tail":401,"HornCleat":318,"DollysMirror":243,"Strawberry":411,"Toxic Egg 2":274,"Girya":121,"MerchantsRug":349,"Pear":456,"Happy Flower":12,"Eternal Feather":12,"Pen Nib":243,"Question Card":271,"Akabeko":195,"Cables":354,"SlaversCollar":26,"Bottled Flame":451,"Bronze Scales":170,"Symbiotic Virus":324,"Meat on the Bone":15,"Lantern":271,"SacredBark":342,"StoneCalendar":446,"Bag of Preparation":329,"Empty Cage":106,"Cursed Key":211,"Ancient Tea Set":425,"Emotion Chip":0,"Nunchaku":192,"Dream Catcher":436,"Matryoshka":227,"Mummified Hand":248,"Tiny Chest":403,"Red Mask":446,"Cracked Core":0,"InkBottle":121,"Potion Belt":215,"Lee\u0027s Waffle":176,"Golden Idol":15,"Thread and Needle":262,"PreservedInsect":0,"Frozen Egg 2":51,"Nuclear Battery":66,"Mercury Hourglass":278,"Anchor":324,"DataDisk":382,"Ornamental Fan":0,"Bloody Idol":91,"Turnip":270,"Ectoplasm":423,"Art of War":85,"Bag of Marbles":411,"Bottled Lightning":382,"Toy Ornithopter":182}],"InkBottle":[11]},"card_choices":[{"not_picked":["Stack","Ball Lightning","White Noise"],"picked":"SKIP","floor":1.0},{"not_picked":["Rebound","Streamline"],"picked":"Gash","floor":4.0},{"not_picked":["Loop","Genetic Algorithm","Sweeping Beam"],"picked":"SKIP","floor":5.0},{"not_picked":["Loop","Ball Lightning","Stack"],"picked":"SKIP","floor":7.0},{"not_picked":["Defragment","Rainbow"],"picked":"Leap","floor":8.0},{"not_picked":["Compile Driver","Fusion"],"picked":"Gash","floor":11.0},{"not_picked":["Self Repair","Stack"],"picked":"Auto Shields","floor":14.0},{"not_picked":["Machine Learning","Biased Cognition"],"picked":"All For One","floor":16.0},{"not_picked":["Go for the Eyes","Steam"],"picked":"Beam Cell","floor":18.0},{"not_picked":["Consume+1","Streamline"],"picked":"Beam Cell+1","floor":20.0},{"not_picked":["Fusion","Static Discharge+1","Sweeping Beam"],"picked":"SKIP","floor":23.0},{"not_picked":["Self Repair+1","Ball Lightning+1"],"picked":"Go for the Eyes+1","floor":25.0},{"not_picked":["Streamline","Darkness"],"picked":"Beam Cell+1","floor":29},{"not_picked":["Leap","Fusion"],"picked":"Gash","floor":30},{"not_picked":["Self Repair+1","Turbo"],"picked":"Hyperbeam","floor":31},{"not_picked":["Cold Snap","Stack"],"picked":"Reprogram+1","floor":35},{"not_picked":["Compile Driver","Darkness+1"],"picked":"Steam","floor":39},{"not_picked":["Glacier+1","Defragment+1"],"picked":"Doom and Gloom+1","floor":40},{"not_picked":["Rainbow","Stack"],"picked":"Reprogram+1","floor":42},{"not_picked":["Genetic Algorithm","Conserve Battery+1","Leap+1"],"picked":"SKIP","floor":44},{"not_picked":["Stack","Redo+1","Consume"],"picked":"SKIP","floor":54}],"player_experience":3616179,"relics_obtained":[{"floor":8.0,"key":"Bag of Marbles"},{"floor":9.0,"key":"Strawberry"},{"floor":19.0,"key":"Ancient Tea Set"},{"floor":23.0,"key":"Frozen Egg 2"},{"floor":26.0,"key":"Blood Vial"},{"floor":31,"key":"Dream Catcher"},{"floor":36,"key":"StoneCalendar"},{"floor":40,"key":"Bottled Flame"},{"floor":43,"key":"Pear"},{"floor":47,"key":"InkBottle"},{"floor":54,"key":"Boot"}],"event_choices":[{"cards_removed":["Strike_B"],"damage_healed":0.0,"max_hp_gain":0.0,"max_hp_loss":0.0,"gold_gain":0.0,"event_name":"Golden Wing","player_choice":"Card Removal","floor":2.0,"gold_loss":0.0,"damage_taken":7.0},{"damage_healed":0.0,"max_hp_gain":0.0,"max_hp_loss":0.0,"gold_gain":1.0,"event_name":"betterThird:BetterScrap","player_choice":"Relic ","floor":3.0,"gold_loss":0.0,"damage_taken":7.0,"cards_obtained":["Blasphemy"]},{"cards_removed":["Strike_B"],"damage_healed":0.0,"max_hp_gain":0.0,"max_hp_loss":0.0,"gold_gain":0.0,"event_name":"betterNote:BetterNote","player_choice":"Give","floor":10.0,"gold_loss":0.0,"damage_taken":0.0,"cards_obtained":["Strike_R"]},{"damage_healed":0.0,"max_hp_gain":5.0,"max_hp_loss":0.0,"gold_gain":0.0,"event_name":"Big Fish","player_choice":"Donut","floor":13.0,"gold_loss":0.0,"damage_taken":0.0},{"damage_healed":0.0,"max_hp_gain":0.0,"max_hp_loss":7.0,"gold_gain":0.0,"event_name":"betterThird:BetterWriting","player_choice":"Simplicity","floor":21.0,"gold_loss":0.0,"damage_taken":0.0},{"damage_healed":0,"gold_gain":0,"player_choice":"Ignored","damage_taken":0,"max_hp_gain":0,"max_hp_loss":0,"event_name":"Cursed Tome","floor":27,"gold_loss":0},{"damage_healed":0,"gold_gain":0,"player_choice":"Embrace Madness","damage_taken":12,"max_hp_gain":0,"max_hp_loss":0,"event_name":"Winding Halls","floor":37,"gold_loss":0,"cards_obtained":["Madness","Madness"]},{"damage_healed":0,"gold_gain":0,"player_choice":"Paid","damage_taken":0,"relics_obtained":["Red Mask"],"max_hp_gain":0,"max_hp_loss":0,"event_name":"Tomb of Lord Red Mask","floor":38,"gold_loss":42},{"damage_healed":0,"gold_gain":3,"player_choice":"2","damage_taken":0,"max_hp_gain":0,"max_hp_loss":20,"event_name":"betterStone:BetterStone","floor":46,"gold_loss":0}],"is_beta":false,"boss_relics":[{"not_picked":["Calling Bell","Astrolabe"],"picked":"Ectoplasm"},{"not_picked":["Runic Dome","Philosopher\u0027s Stone"],"picked":"SlaversCollar"}],"items_purged_floors":[0],"is_endless":false,"potions_floor_spawned":[1,8,14,16,18,23,25,29,33,35,42,54],"ascension_level":0}}