{"host":"sc0o2qwpf9j16a4i","time":1611690298,"event":{"mods":["AchievementEnabler","BaseMod","BetterRewards","Block Reminder","Colored Map","Colored Powertips","Custom Start","Highlight Path","Minty Spire (QoL Compilation)","Relic Stats"],"gold_per_floor":[109,284,24,40,54,54,86,86,112,122,142,142,173,184,184,282,282,298,298,313,339,364,397,414,414,414,448,465,493,512,529,529,630,630,641,641,658,687,687,701,427,761,786,70,70,102,102,136,136,136],"floor_reached":51,"language":"ENG","playtime":2319,"items_purged":["Clumsy"],"score":1130,"play_id":"6292ab98-3e62-40be-b489-50296ef6e236","local_time":"20210126214458","daily_mods":["SealedDeck","Red Cards","DeadlyEvents"],"is_ascension_mode":false,"campfire_choices":[{"data":"CrushJoints","floor":6,"key":"SMITH"},{"data":"Disarm","floor":8,"key":"SMITH"},{"data":"Armaments","floor":12,"key":"SMITH"},{"data":"Disarm","floor":15,"key":"SMITH"},{"data":"Reaper","floor":25,"key":"SMITH"},{"data":"Offering","floor":32,"key":"SMITH"},{"data":"Discovery","floor":45,"key":"SMITH"},{"data":"Pommel Strike","floor":47,"key":"SMITH"},{"data":"Spot Weakness","floor":49,"key":"SMITH"}],"circlet_count":0,"master_deck":["Headbutt","CrushJoints+1","Consecrate","Shrug It Off","Pommel Strike+1","FlyingSleeves","CutThroughFate","Disarm+1","Protect","Disarm+1","CutThroughFate","Metallicize+1","Offering+1","Armaments+1","WindmillStrike","SandsOfTime+1","Flame Barrier","Reaper+1","EmptyMind","Thunderclap","CarveReality+1","Evaluate+1","ThirdEye","Protect","DeceiveReality+1","Sanctity","Exhume","Shrug It Off+1","Reaper","WheelKick","Discovery+1","Double Tap","Feel No Pain+1","Shrug It Off","Mind Blast","Spot Weakness+1","MasterReality+1"],"relics":["PureWater","Frozen Egg 2","Akabeko","PreservedInsect","Letter Opener","Coffee Dripper","Yang","Bronze Scales","Happy Flower","Whetstone","Nunchaku","Blue Candle","Cursed Key","Bird Faced Urn","Sling","Old Coin","Damaru","Medical Kit","Strawberry","StoneCalendar","MealTicket"],"acts_visited":["Exordium","TheCity","TheBeyond"],"potions_floor_usage":[18,20,21,28,28,37,42,42,42,42,46,46,50,50,50],"damage_taken":[{"damage":0,"enemies":"Small Slimes","floor":1,"turns":2},{"damage":2,"enemies":"Cultist","floor":4,"turns":3},{"damage":1,"enemies":"Jaw Worm","floor":5,"turns":3},{"damage":4,"enemies":"Lagavulin","floor":7,"turns":7},{"damage":0,"enemies":"Large Slime","floor":10,"turns":3},{"damage":0,"enemies":"2 Fungi Beasts","floor":11,"turns":2},{"damage":5,"enemies":"3 Sentries","floor":13,"turns":2},{"damage":6,"enemies":"Exordium Thugs","floor":14,"turns":3},{"damage":8,"enemies":"Hexaghost","floor":16,"turns":8},{"damage":11,"enemies":"2 Thieves","floor":18,"turns":4},{"damage":0,"enemies":"3 Byrds","floor":20,"turns":2},{"damage":16,"enemies":"Slavers","floor":21,"turns":4},{"damage":17,"enemies":"Gremlin Leader","floor":23,"turns":5},{"damage":6,"enemies":"Snake Plant","floor":24,"turns":3},{"damage":0,"enemies":"Book of Stabbing","floor":27,"turns":5},{"damage":8,"enemies":"Sentry and Sphere","floor":28,"turns":3},{"damage":0,"enemies":"Gremlin Leader","floor":29,"turns":3},{"damage":7,"enemies":"Snecko","floor":30,"turns":7},{"damage":6,"enemies":"3 Cultists","floor":31,"turns":4},{"damage":9,"enemies":"Automaton","floor":33,"turns":11},{"damage":1,"enemies":"3 Shapes","floor":35,"turns":2},{"damage":6,"enemies":"Orb Walker","floor":37,"turns":3},{"damage":6,"enemies":"Reptomancer","floor":38,"turns":4},{"damage":6,"enemies":"Transient","floor":40,"turns":5},{"damage":6,"enemies":"Giant Head","floor":42,"turns":6},{"damage":0,"enemies":"Reptomancer","floor":46,"turns":3},{"damage":6,"enemies":"Giant Head","floor":48,"turns":4},{"damage":0,"enemies":"Time Eater","floor":50,"turns":10}],"seed_played":"8569057183557294741","potions_obtained":[{"floor":10,"key":"BottledMiracle"},{"floor":11,"key":"Ancient Potion"},{"floor":13,"key":"Swift Potion"},{"floor":18,"key":"BottledMiracle"},{"floor":23,"key":"BottledMiracle"},{"floor":24,"key":"Swift Potion"},{"floor":27,"key":"SkillPotion"},{"floor":28,"key":"Swift Potion"},{"floor":30,"key":"EntropicBrew"},{"floor":38,"key":"SmokeBomb"},{"floor":40,"key":"FairyPotion"},{"floor":46,"key":"SkillPotion"},{"floor":48,"key":"Energy Potion"}],"is_trial":true,"path_per_floor":["M","?","$","M","M","R","E","R","T","M","M","R","E","M","R","B",null,"M","?","M","E","T","E","M","R","T","E","M","E","M","M","R","B",null,"M","?","M","E","?","M","$","E","T","$","R","E","R","E","R","B",null],"character_chosen":"WATCHER","items_purchased":["Frozen Egg 2","Sling","WheelKick","Discovery","Medical Kit","Feel No Pain+1","Strawberry","Shrug It Off","BlessingOfTheForge","Swift Potion","Energy Potion","Mind Blast"],"campfire_rested":0,"item_purchase_floors":[3,41,41,41,44,44,44,44,44,44,44,44],"current_hp_per_floor":[72,72,72,70,69,69,65,65,65,65,65,65,60,54,54,46,72,66,66,68,60,60,55,54,54,54,61,53,72,70,72,72,63,72,71,71,65,72,72,72,72,72,72,79,79,79,79,75,75,79],"gold":136,"neow_bonus":"","is_daily":false,"chose_seed":false,"campfire_upgraded":9,"win_rate":0.0,"timestamp":1611690298,"path_taken":["M","?","$","M","M","R","E","R","T","M","?","R","?","M","R","BOSS","M","?","M","?","?","E","M","R","T","?","M","E","M","M","R","BOSS","M","?","?","?","?","M","$","?","T","$","R","E","R","E","R","BOSS"],"items_purchased_type":["Relic","Relic","Card","Card","Relic","Card","Relic","Card","Potion","Potion","Potion","Card"],"build_version":"2020-12-22","purchased_purges":1,"victory":true,"max_hp_per_floor":[72,72,72,72,72,72,72,72,72,72,72,72,72,72,72,72,72,72,72,72,72,72,72,72,72,72,72,72,72,72,72,72,72,72,72,72,72,72,72,72,72,72,72,79,79,79,79,79,79,79],"relic_stats":{"Happy Flower":[24],"counters":[28,121],"Blue Candle":[3],"Yang":[184],"StoneCalendar":[32],"PreservedInsect":570,"Letter Opener":[261],"Whetstone":["CarveReality","SandsOfTime"],"Cursed Key":1,"Medical Kit":[0],"Nunchaku":[15],"Bronze Scales":[182],"Bird Faced Urn":[6],"MealTicket":0,"obtain_stats":[{"Happy Flower":23,"Blue Candle":29,"Damaru":43,"Yang":21,"StoneCalendar":46,"PreservedInsect":9,"Letter Opener":13,"Whetstone":26,"Frozen Egg 2":3,"Cursed Key":34,"Sling":41,"Medical Kit":44,"Akabeko":7,"Old Coin":42,"Nunchaku":27,"Bronze Scales":22,"Bird Faced Urn":38,"Strawberry":44,"MealTicket":48,"Coffee Dripper":17,"PureWater":0},{"Happy Flower":13,"Blue Candle":17,"Damaru":25,"Yang":12,"StoneCalendar":26,"PreservedInsect":4,"Letter Opener":7,"Whetstone":14,"Frozen Egg 2":1,"Cursed Key":20,"Sling":24,"Medical Kit":25,"Akabeko":4,"Old Coin":25,"Nunchaku":15,"Bronze Scales":12,"Bird Faced Urn":23,"Strawberry":25,"MealTicket":27,"Coffee Dripper":9,"PureWater":0},{"Happy Flower":48,"Blue Candle":62,"Damaru":104,"Yang":43,"StoneCalendar":107,"PreservedInsect":15,"Letter Opener":22,"Whetstone":51,"Frozen Egg 2":2,"Cursed Key":84,"Sling":98,"Medical Kit":104,"Akabeko":15,"Old Coin":104,"Nunchaku":56,"Bronze Scales":43,"Bird Faced Urn":93,"Strawberry":104,"MealTicket":111,"Coffee Dripper":33,"PureWater":0}]},"card_choices":[{"not_picked":["Halt","Heavy Blade"],"picked":"CutThroughFate","floor":1},{"not_picked":["Cleave","Body Slam"],"picked":"ClearTheMind","floor":4},{"not_picked":["ClearTheMind","EmptyBody"],"picked":"Metallicize+1","floor":5},{"not_picked":["ClearTheMind","Havoc"],"picked":"Offering","floor":7},{"not_picked":["Second Wind","WreathOfFlame"],"picked":"Armaments","floor":10},{"not_picked":["Reckless Charge","EmptyBody"],"picked":"WindmillStrike","floor":11},{"not_picked":["Cleave","Prostrate"],"picked":"SandsOfTime","floor":13},{"not_picked":["ClearTheMind","SashWhip"],"picked":"Flame Barrier","floor":14},{"not_picked":["Immolate","Berserk+1"],"picked":"Reaper","floor":16},{"not_picked":["Rampage","Sword Boomerang","Carnage+1"],"picked":"SKIP","floor":18},{"not_picked":["Study+1","BowlingBash"],"picked":"Thunderclap","floor":20},{"not_picked":["Evaluate","ReachHeaven"],"picked":"CarveReality","floor":21},{"not_picked":["Prostrate","LikeWater+1"],"picked":"Evaluate+1","floor":23},{"not_picked":["Headbutt","Sever Soul"],"picked":"ThirdEye","floor":24},{"not_picked":["PathToVictory+1","Thunderclap+1"],"picked":"Protect","floor":27},{"not_picked":["Immolate","PathToVictory"],"picked":"DeceiveReality+1","floor":28},{"not_picked":["Body Slam+1","Thunderclap+1","Rage+1"],"picked":"SKIP","floor":29},{"not_picked":["CrushJoints","Nirvana+1","Infernal Blade"],"picked":"SKIP","floor":30},{"not_picked":["True Grit","FollowUp"],"picked":"Sanctity","floor":31},{"not_picked":["Judgement","Berserk+1"],"picked":"Exhume","floor":33},{"not_picked":["FlyingSleeves+1","Twin Strike+1"],"picked":"Shrug It Off+1","floor":35},{"not_picked":["FlyingSleeves","Havoc","BowlingBash"],"picked":"SKIP","floor":37},{"not_picked":["Disarm+1","EmptyBody"],"picked":"Reaper","floor":38},{"not_picked":["Clash","FlurryOfBlows","Rampage+1"],"picked":"SKIP","floor":40},{"not_picked":["Consecrate+1","ThirdEye"],"picked":"Double Tap","floor":42},{"not_picked":["FlurryOfBlows","Cleave+1"],"picked":"Spot Weakness","floor":46},{"not_picked":["Anger","Battle Trance"],"picked":"MasterReality+1","floor":48}],"player_experience":996488,"relics_obtained":[{"floor":7,"key":"Akabeko"},{"floor":9,"key":"PreservedInsect"},{"floor":13,"key":"Letter Opener"},{"floor":21,"key":"Yang"},{"floor":22,"key":"Bronze Scales"},{"floor":23,"key":"Happy Flower"},{"floor":26,"key":"Whetstone"},{"floor":27,"key":"Nunchaku"},{"floor":29,"key":"Blue Candle"},{"floor":38,"key":"Bird Faced Urn"},{"floor":42,"key":"Old Coin"},{"floor":43,"key":"Damaru"},{"floor":46,"key":"StoneCalendar"},{"floor":48,"key":"MealTicket"}],"event_choices":[{"damage_healed":0,"gold_gain":175,"player_choice":"AGREE","damage_taken":0,"max_hp_gain":0,"max_hp_loss":0,"event_name":"Liars Game","floor":2,"gold_loss":0,"cards_obtained":["Doubt"]},{"damage_healed":0,"gold_gain":0,"cards_transformed":["ClearTheMind"],"player_choice":"Transformed","damage_taken":0,"max_hp_gain":0,"max_hp_loss":0,"event_name":"Transmorgrifier","floor":19,"gold_loss":0,"cards_obtained":["EmptyMind"]},{"cards_removed":["Doubt"],"damage_healed":0,"gold_gain":0,"player_choice":"Card Removal","damage_taken":0,"max_hp_gain":0,"max_hp_loss":0,"event_name":"Wheel of Change","floor":36,"gold_loss":0},{"damage_healed":0,"gold_gain":0,"player_choice":"Bought 0 Potions","damage_taken":0,"max_hp_gain":0,"max_hp_loss":0,"event_name":"The Woman in Blue","floor":39,"gold_loss":0}],"is_beta":false,"boss_relics":[{"not_picked":["Sozu","Black Star"],"picked":"Coffee Dripper"},{"not_picked":["Busted Crown","HolyWater"],"picked":"Cursed Key"}],"items_purged_floors":[44],"is_endless":false,"potions_floor_spawned":[10,11,13,18,23,24,27,28,30,33,38,40,46,48],"ascension_level":0}}