{"host":"sz8c8ni79nvzjmmg","time":1611630706,"event":{"mods":["AchievementEnabler","BaseMod","DeckTracker","Keyboard Shortcuts","Minty Spire (QoL Compilation)","SuperFastMode"],"gold_per_floor":[11,27,27,27,27,27,27,37,37,37,58,98,114,133,133,229,229,247,272,286,286,286],"floor_reached":21,"language":"KOR","playtime":586,"items_purged":[],"score":366,"play_id":"b990d16d-be9f-4331-a059-bb56d6644d2c","local_time":"20210126121146","is_ascension_mode":true,"campfire_choices":[{"data":"Zap","floor":7.0,"key":"SMITH"},{"data":"Capacitor","floor":15.0,"key":"SMITH"}],"circlet_count":0,"master_deck":["AscendersBane","Defend_B","Defend_B","Zap+1","Dualcast","Barrage","Coolheaded","Ball Lightning","Melter+1","Meteor Strike+1","Capacitor+1","Seek","BootSequence","Defragment","Electrodynamics"],"relics":["Cracked Core","Letter Opener","Molten Egg 2","Golden Idol","Pear","Empty Cage"],"acts_visited":["Exordium","TheCity"],"potions_floor_usage":[20],"damage_taken":[{"damage":6.0,"enemies":"Jaw Worm","floor":1.0,"turns":4.0},{"damage":12.0,"enemies":"Small Slimes","floor":2.0,"turns":2.0},{"damage":6.0,"enemies":"2 Louse","floor":8.0,"turns":2.0},{"damage":3.0,"enemies":"Blue Slaver","floor":11.0,"turns":2.0},{"damage":8.0,"enemies":"Gremlin Nob","floor":12.0,"turns":3.0},{"damage":19.0,"enemies":"3 Louse","floor":13.0,"turns":2.0},{"damage":2.0,"enemies":"Exordium Wildlife","floor":14.0,"turns":2.0},{"damage":1.0,"enemies":"Hexaghost","floor":16.0,"turns":6.0},{"damage":0.0,"enemies":"Spheric Guardian","floor":18.0,"turns":2.0},{"damage":21.0,"enemies":"3 Byrds","floor":19.0,"turns":5.0},{"damage":21,"enemies":"Centurion and Healer","floor":20,"turns":8},{"damage":6,"enemies":"Snake Plant","floor":21,"turns":2}],"seed_played":"8289530500792830591","potions_obtained":[{"floor":2.0,"key":"Fire Potion"},{"floor":12.0,"key":"GamblersBrew"},{"floor":14.0,"key":"EssenceOfDarkness"},{"floor":16.0,"key":"Strength Potion"},{"floor":19.0,"key":"DuplicationPotion"},{"floor":20,"key":"Explosive Potion"}],"is_trial":false,"path_per_floor":["M","M","?","?","?","$","R","M","T","?","M","E","M","M","R","B",null,"M","M","M","M"],"character_chosen":"DEFECT","items_purchased":[],"campfire_rested":0,"item_purchase_floors":[],"current_hp_per_floor":[58,46,46,39,34,34,34,28,28,28,25,27,8,6,6,5,57,57,36,15,9,9],"gold":286,"neow_bonus":"REMOVE_TWO","is_daily":false,"chose_seed":false,"campfire_upgraded":2,"win_rate":0.0,"timestamp":1611630706,"path_taken":["M","M","?","?","?","?","R","M","T","?","M","E","?","M","R","BOSS","M","M","M","M"],"items_purchased_type":[],"build_version":"2020-12-22","purchased_purges":0,"victory":false,"max_hp_per_floor":[71,71,71,71,71,71,71,71,71,64,64,74,74,74,74,74,74,74,74,74,74,74],"card_choices":[{"not_picked":["Rebound","Turbo"],"picked":"Barrage","floor":1.0},{"not_picked":["Fusion","Hello World"],"picked":"Coolheaded","floor":2.0},{"not_picked":["Sunder","Sweeping Beam","Leap"],"picked":"SKIP","floor":8.0},{"not_picked":["Reprogram","Rebound+1"],"picked":"Melter+1","floor":11.0},{"not_picked":["Undo","Sweeping Beam+1"],"picked":"Meteor Strike+1","floor":12.0},{"not_picked":["Gash+1","Redo","Chaos"],"picked":"SKIP","floor":13.0},{"not_picked":["Barrage+1","Loop"],"picked":"Capacitor","floor":14.0},{"not_picked":["Creative AI","Reboot"],"picked":"Seek","floor":16.0},{"not_picked":["Conserve Battery","Stack"],"picked":"BootSequence","floor":18.0},{"not_picked":["Steam","Hologram"],"picked":"Defragment","floor":19.0},{"not_picked":["Tempest","Rebound+1"],"picked":"Electrodynamics","floor":20}],"player_experience":1242009,"relics_obtained":[{"floor":9.0,"key":"Molten Egg 2"},{"floor":12.0,"key":"Pear"}],"event_choices":[{"damage_healed":0.0,"max_hp_gain":0.0,"max_hp_loss":0.0,"gold_gain":0.0,"cards_transformed":["Strike_B"],"event_name":"Living Wall","player_choice":"Change","floor":3.0,"gold_loss":0.0,"damage_taken":0.0,"cards_obtained":["Ball Lightning"]},{"cards_removed":["Strike_B"],"damage_healed":0.0,"max_hp_gain":0.0,"max_hp_loss":0.0,"gold_gain":0.0,"event_name":"Golden Wing","player_choice":"Card Removal","floor":4.0,"gold_loss":0.0,"damage_taken":7.0},{"damage_healed":0.0,"max_hp_gain":0.0,"max_hp_loss":0.0,"gold_gain":0.0,"event_name":"Scrap Ooze","player_choice":"Success","floor":5.0,"gold_loss":0.0,"damage_taken":5.0,"relics_obtained":["Letter Opener"]},{"damage_healed":0.0,"max_hp_gain":0.0,"max_hp_loss":7.0,"gold_gain":0.0,"event_name":"Golden Idol","player_choice":"Lose Max HP","floor":10.0,"gold_loss":0.0,"damage_taken":0.0,"relics_obtained":["Golden Idol"]}],"is_beta":false,"boss_relics":[{"not_picked":["Tiny House","SacredBark"],"picked":"Empty Cage"}],"items_purged_floors":[],"is_endless":false,"potions_floor_spawned":[2,12,14,16,18,19,20],"killed_by":"Snake Plant","ascension_level":20}}