{"host":"kiczkwpc36uxnkg8","time":1611675689,"event":{"mods":["AchievementEnabler","Act Like it!","Aspiration","BaseMod","Colored Powertips","Energized Spire","GifTheSpireLib","Hubris","Infinite Spire","Koishi","Minty Spire (QoL Compilation)","Pale of the Ancients","Permanent Neow","Quick Restart","Relic Filter","Remilia??????","Replay The Spire","Spicy Shops","StSLib","Stuff the Spire","The Bug Knight","The Servant 0.9.4","Wandering Minibosses"],"gold_per_floor":[13,13,13,36,36,75,75,113,137,137,137,137,152,182,182,305,305,325,325,325,340,340,383,383,383,383],"floor_reached":25,"language":"ENG","playtime":697,"items_purged":["Strike_B"],"score":304,"play_id":"4f10badb-386e-4fcb-9981-f14dbb104e00","local_time":"20210126154129","is_ascension_mode":true,"campfire_choices":[{"data":"Dualcast","floor":10.0,"key":"SMITH"},{"floor":12.0,"key":"REST"},{"floor":15.0,"key":"REST"}],"circlet_count":0,"master_deck":["Strike_B","Defend_B","Defend_B","Defend_B","Zap+1","Dualcast+1","hubris:Ukulele","BasicCrystalCard+1","Undo","Redo","hubris:SpecializedCircuitry","Pot Of Greed","Pot Of Greed"],"relics":["Cracked Core","Golden Idol","Geode","Snack Pack","Akabeko","StuffTheSpire:SapphireSignet","aspiration:PoetsPen_weak","MutagenicStrength","Pen Nib","Grinning Jar"],"acts_visited":["Exordium","TheCity"],"potions_floor_usage":[25],"damage_taken":[{"damage":7.0,"enemies":"Jaw Worm","floor":1.0,"turns":3.0},{"damage":0.0,"enemies":"Small Slimes","floor":4.0,"turns":2.0},{"damage":25.0,"enemies":"Lagavulin","floor":6.0,"turns":5.0},{"damage":14.0,"enemies":"HollowMod:MossKnight","floor":8.0,"turns":6.0},{"damage":0.0,"enemies":"2 Louse","floor":13.0,"turns":2.0},{"damage":37.0,"enemies":"Slime Boss","floor":16.0,"turns":11.0},{"damage":7.0,"enemies":"Chosen","floor":18.0,"turns":3.0},{"damage":0.0,"enemies":"Spheric Guardian","floor":21.0,"turns":2.0},{"damage":45.0,"enemies":"Gremlin Leader","floor":23.0,"turns":5.0},{"damage":9,"enemies":"Centurion and Healer","floor":25,"turns":4}],"seed_played":"-4445886242338122162","potions_obtained":[{"floor":1.0,"key":"FearPotion"},{"floor":13.0,"key":"Reflective Coating"},{"floor":18.0,"key":"Weak Potion"},{"floor":21.0,"key":"Flashbang"}],"is_trial":false,"path_per_floor":["M","?","$","M","?","E","?","E","T","R","?","R","M","?","R","B",null,"M","?","?","M","?","E","AVR","M"],"character_chosen":"DEFECT","items_purchased":[],"campfire_rested":2,"item_purchase_floors":[],"current_hp_per_floor":[61,61,61,61,61,36,29,15,15,15,15,35,35,35,55,22,57,50,50,50,50,50,7,7,0,0],"gold":383,"neow_bonus":"REMOVE_TWO","is_daily":false,"chose_seed":false,"campfire_upgraded":1,"win_rate":0.0,"timestamp":1611675689,"path_taken":["M","?","$","M","?","E","?","E","T","R","?","R","?","?","R","BOSS","M","?","?","M","?","E","AVR","M"],"items_purchased_type":[],"build_version":"2020-12-22","purchased_purges":1,"victory":false,"max_hp_per_floor":[75,69,69,69,69,69,69,69,69,69,69,69,69,69,69,69,69,69,69,69,69,69,69,69,69,69],"card_choices":[{"not_picked":["Turbo","hubris:PowerSurge"],"picked":"hubris:Ukulele","floor":1.0},{"not_picked":["Glacier","Cold Snap","Compile Driver"],"picked":"SKIP","floor":4.0},{"not_picked":["ReplayRNGCard","Barrage"],"picked":"BasicCrystalCard","floor":6.0},{"not_picked":["Steam Power","Stack"],"picked":"Undo","floor":8.0},{"not_picked":["hubris:Ukulele","Streamline"],"picked":"Redo","floor":13.0},{"not_picked":["Thunder Strike","Seek"],"picked":"hubris:SpecializedCircuitry","floor":16.0},{"not_picked":["StuffTheSpire:GlassShard","Beam Cell+1","Streamline"],"picked":"SKIP","floor":18.0},{"not_picked":["Coolheaded","Barrage","Double Energy"],"picked":"SKIP","floor":21.0},{"not_picked":["Reprogram","Compile Driver","Machine Learning"],"picked":"SKIP","floor":23.0}],"player_experience":645706,"relics_obtained":[{"floor":6.0,"key":"Geode"},{"floor":8.0,"key":"Snack Pack"},{"floor":9.0,"key":"Akabeko"},{"floor":23.0,"key":"Pen Nib"}],"event_choices":[{"damage_healed":0.0,"max_hp_gain":0.0,"max_hp_loss":6.0,"gold_gain":0.0,"event_name":"Golden Idol","player_choice":"Lose Max HP","floor":2.0,"gold_loss":0.0,"damage_taken":0.0,"relics_obtained":["Golden Idol"]},{"cards_removed":["Strike_B"],"damage_healed":0.0,"max_hp_gain":0.0,"max_hp_loss":0.0,"gold_gain":0.0,"event_name":"Golden Wing","player_choice":"Card Removal","floor":7.0,"gold_loss":0.0,"damage_taken":7.0},{"damage_healed":0.0,"max_hp_gain":0.0,"max_hp_loss":0.0,"gold_gain":30.0,"event_name":"Dead Adventurer","player_choice":"Searched \u00273\u0027 times","floor":14.0,"gold_loss":0.0,"damage_taken":0.0,"relics_obtained":["StuffTheSpire:SapphireSignet"]},{"damage_healed":0.0,"max_hp_gain":0.0,"max_hp_loss":0.0,"gold_gain":0.0,"event_name":"Drug Dealer","player_choice":"Inject Mutagens","floor":20.0,"gold_loss":0.0,"damage_taken":0.0,"relics_obtained":["MutagenicStrength"]},{"damage_healed":0.0,"max_hp_gain":0.0,"max_hp_loss":0.0,"gold_gain":0.0,"event_name":"Match and Keep!","player_choice":"0 cards matched","floor":22.0,"gold_loss":0.0,"damage_taken":0.0,"cards_obtained":[]}],"is_beta":false,"boss_relics":[{"not_picked":["energizedSpire:HugeHouse","hubris:CrackedHourglass"],"picked":"aspiration:PoetsPen_weak"}],"items_purged_floors":[24],"is_endless":false,"potions_floor_spawned":[1,13,18,21],"killed_by":"Centurion and Healer","ascension_level":7}}