{"host":"9p8ljyyt9iu4be92","time":1611705449,"event":{"mods":["AchievementEnabler","BaseMod","Challenge The Spire","Colored Map","Downfall","Hubris","Minty Spire (QoL Compilation)","StSLib","The Bug Knight","slay the spire mod where everything is the same but ironclad has a cowboy hat"],"gold_per_floor":[99,109,71,71,89,89,113,138,38,72,7,24,24,39,51,151,151,151,170,8,8,25,57,133,214,214,114,129,156,156,181,198,198,198,198],"floor_reached":33,"language":"ENG","playtime":4601,"items_purged":[],"score":338,"play_id":"05503f8d-b225-4914-9f4f-d032b5e805fd","local_time":"20210126185729","is_ascension_mode":false,"campfire_choices":[{"floor":1,"key":"RECALL"},{"floor":9,"key":"REST"},{"floor":13,"key":"REST"},{"data":"hexamod:SkipABeat","floor":18,"key":"SMITH"},{"floor":27,"key":"REST"},{"floor":30,"key":"REST"}],"circlet_count":0,"master_deck":["hexamod:Strike","hexamod:Strike","hexamod:Strike","hexamod:Strike","hexamod:Defend","hexamod:Defend","hexamod:Defend+1","hexamod:Defend","hexamod:Sear","hexamod:Float","hexamod:DynamicBlow","hexamod:SkipABeat+1","hexamod:CatchUp+1","hexamod:FirstSeal","hexamod:ThirdSeal","hexamod:GhostOfSpirePast","hexamod:HeatMetal","hexamod:GhostflameBarrier","hexamod:FastForward","hexamod:EmpoweredFlame","hexamod:HauntingEcho","hexamod:EmpoweredFlame","hexamod:Rewind+1","hexamod:ThermalTransfer+1","hexamod:CatchUp+1","hexamod:ChargedBarrage+1","hexamod:ChargedBarrage+1","hexamod:SpectralAdrenaline+1","hexamod:SixthSeal","hubris:DuctTapeCard","hexamod:SearingWound","hexamod:RainOfEmbers+1","hexamod:SpectersWail+1","hexamod:GhostflameBarrier+1"],"relics":["hexamod:SpiritBrand","hubris:Icosahedron","hubris:ToyBattleship","WingedGreaves","downfall:HeartBlessingRed","hexamod:MatchstickCase","Philosopher\u0027s Stone","Frozen Eye","The Courier","HornCleat","Nloth\u0027s Gift","downfall:HeartBlessingGreen","hubris:DeckOfHolding","Anchor"],"acts_visited":["Exordium","TheCity"],"potions_floor_usage":[29,31,33],"damage_taken":[{"damage":1,"enemies":"Cultist","floor":2,"turns":4},{"damage":0,"enemies":"downfall:FleeingMerchant","floor":3,"turns":4},{"damage":2,"enemies":"2 Louse","floor":5,"turns":3},{"damage":53,"enemies":"Gremlin Nob","floor":8,"turns":6},{"damage":16,"enemies":"3 Sentries","floor":10,"turns":9},{"damage":0,"enemies":"downfall:FleeingMerchant","floor":11,"turns":4},{"damage":0,"enemies":"Small Slimes","floor":12,"turns":2},{"damage":5,"enemies":"2 Fungi Beasts","floor":14,"turns":5},{"damage":21,"enemies":"Exordium Thugs","floor":15,"turns":5},{"damage":34,"enemies":"SI_SHIV_ARCHETYPE","floor":16,"turns":8},{"damage":29,"enemies":"Shell Parasite","floor":19,"turns":6},{"damage":4,"enemies":"downfall:FleeingMerchant","floor":20,"turns":4},{"damage":8,"enemies":"Centurion and Healer","floor":22,"turns":4},{"damage":42,"enemies":"Book of Stabbing","floor":23,"turns":6},{"damage":39,"enemies":"Cultist and Chosen","floor":28,"turns":7},{"damage":27,"enemies":"Slavers","floor":29,"turns":5},{"damage":21,"enemies":"Gremlin Leader","floor":31,"turns":3},{"damage":0,"enemies":"Shelled Parasite and Fungi","floor":32,"turns":6},{"damage":28,"enemies":"DF_ARCHETYPE_CLAW","floor":33,"turns":3}],"seed_played":"5195745538137405784","potions_obtained":[{"floor":12,"key":"FairyPotion"},{"floor":15,"key":"SpeedPotion"},{"floor":22,"key":"Strength Potion"},{"floor":29,"key":"sneckomod:MuddlingPotion"},{"floor":31,"key":"CultistPotion"}],"is_trial":false,"path_per_floor":["R","M","$","?","M","?","T","E","R","E","$","M","R","M","M","B",null,"R","M","$","?","M","E","T","T","?","R","M","E","R","E","M","B"],"character_chosen":"THE_SPIRIT","items_purchased":["hexamod:NightmareGuise","champ:CounterPotion","Frozen Eye"],"campfire_rested":4,"item_purchase_floors":[3,11,20],"current_hp_per_floor":[77,76,76,76,74,67,67,21,44,28,35,42,65,67,53,19,77,77,55,58,58,57,15,15,15,15,38,30,10,33,19,26,0,0,0],"gold":198,"neow_bonus":"TEN_PERCENT_HP_BONUS","is_daily":false,"chose_seed":false,"campfire_upgraded":1,"win_rate":0.0,"timestamp":1611705449,"path_taken":["R","M","$","?","M","?","T","E","R","E","$","M","R","M","M","BOSS","R","M","$","?","?","E","T","?","?","R","?","E","R","E","M","BOSS"],"items_purchased_type":["Card","Potion","Relic"],"build_version":"2020-12-22","purchased_purges":0,"victory":false,"max_hp_per_floor":[77,77,77,77,77,77,77,77,77,77,77,77,77,77,77,77,77,77,77,77,77,77,77,77,77,77,77,77,77,77,77,77,77,77,77],"card_choices":[{"not_picked":["hexamod:ShieldOfDarkness","hexamod:SwordOfDarkness"],"picked":"hexamod:DynamicBlow","floor":2},{"not_picked":["hexamod:StepThrough","hexamod:NightmareStrike"],"picked":"hexamod:SkipABeat","floor":3},{"not_picked":["hexamod:DynamicBlow","hexamod:GhostflameBarrier"],"picked":"hexamod:CatchUp","floor":5},{"not_picked":["hexamod:SwordOfDarkness","hexamod:NightmareStrike"],"picked":"hexamod:GhostOfSpirePast","floor":8},{"not_picked":["hexamod:GhostShield","hexamod:ThermalTransfer"],"picked":"hexamod:HeatMetal","floor":8},{"not_picked":["hexamod:HeatMetal","hexamod:RecurringNightmare"],"picked":"hexamod:GhostflameBarrier","floor":10},{"not_picked":["hexamod:SpectersWail","hexamod:SkipABeat"],"picked":"hexamod:FastForward","floor":11},{"not_picked":["hexamod:GhostLash","hexamod:Incineration"],"picked":"hexamod:EmpoweredFlame","floor":11},{"not_picked":["hexamod:HeatMetal","hexamod:InspiringFlames"],"picked":"hexamod:HauntingEcho","floor":12},{"not_picked":["hexamod:SwordOfDarkness","hexamod:InspiringFlames"],"picked":"hexamod:EmpoweredFlame","floor":14},{"not_picked":["hexamod:GhostflameBarrier","hexamod:Firestarter"],"picked":"hexamod:Rewind","floor":15},{"not_picked":["hexamod:UnlimitedPower","hexamod:VolcanoVisage"],"picked":"hexamod:TimeOfNeed","floor":16},{"not_picked":["hexamod:Firestarter","hexamod:NightmareStrike"],"picked":"hexamod:ThermalTransfer+1","floor":19},{"not_picked":["hexamod:Incineration+1","hexamod:ShieldOfDarkness"],"picked":"hexamod:CatchUp+1","floor":19},{"not_picked":["hexamod:ShieldOfDarkness","hexamod:SpectersWail"],"picked":"hexamod:ChargedBarrage+1","floor":20},{"not_picked":["hexamod:NightmareGuise","hexamod:HauntingEcho","hexamod:SpectersWail"],"picked":"SKIP","floor":20},{"not_picked":["hexamod:BacktrackSmack","hexamod:ShieldOfDarkness"],"picked":"hexamod:SpectralAdrenaline+1","floor":22},{"not_picked":["hexamod:RainOfEmbers","hexamod:EtherealExpedition"],"picked":"hexamod:SixthSeal","floor":23},{"not_picked":["hexamod:Incineration","hexamod:SpectersWail+1"],"picked":"hexamod:SearingWound","floor":28},{"not_picked":["hexamod:FastForward+1","hexamod:BacktrackSmack"],"picked":"hexamod:RainOfEmbers+1","floor":28},{"not_picked":["hexamod:Incineration","hexamod:FifthSeal"],"picked":"hexamod:SpectersWail+1","floor":29},{"not_picked":["hexamod:FirstSeal","hexamod:EtherealExpedition","hexamod:GhostOfSpirePresent"],"picked":"SKIP","floor":29},{"not_picked":["hexamod:DynamicBlow","hexamod:RecurringNightmare"],"picked":"hexamod:GhostflameBarrier+1","floor":31},{"not_picked":["hexamod:CatchUp","hexamod:HauntingEcho","hexamod:NightmareStrike"],"picked":"SKIP","floor":32}],"player_experience":508166,"relics_obtained":[{"floor":7,"key":"hubris:ToyBattleship"},{"floor":8,"key":"WingedGreaves"},{"floor":10,"key":"hexamod:MatchstickCase"},{"floor":23,"key":"The Courier"},{"floor":24,"key":"HornCleat"},{"floor":25,"key":"hubris:DuctTape"},{"floor":29,"key":"hubris:DeckOfHolding"},{"floor":31,"key":"Anchor"}],"event_choices":[],"is_beta":false,"boss_relics":[{"not_picked":["Snecko Eye","Empty Cage"],"picked":"Philosopher\u0027s Stone"}],"items_purged_floors":[],"is_endless":false,"potions_floor_spawned":[12,15,22,23,29,31],"killed_by":"DF_ARCHETYPE_CLAW","ascension_level":0}}