{"host":"k5yjj86hwv5qv2gx","time":1611679085,"event":{"mods":["BaseMod","BetterRewards","Minty Spire (QoL Compilation)","StSLib"],"gold_per_floor":[113,131,281,34,34,65,85,85,85,96,96,96],"floor_reached":11,"language":"ENG","playtime":413,"items_purged":["Doubt"],"score":146,"play_id":"d80b600c-fd1d-4e3e-8523-c86a94752c8d","local_time":"20210126083805","is_ascension_mode":true,"campfire_choices":[{"floor":8,"key":"REST"}],"circlet_count":0,"master_deck":["AscendersBane","Strike_G","Strike_G","Strike_G","Strike_G","Defend_G","Defend_G","Defend_G","Defend_G","Defend_G","Survivor","Neutralize","Deflect","PiercingWail","Footwork","Poisoned Stab","Backflip","Blur","Terror"],"relics":["Velvet Choker","Blue Candle","Matryoshka"],"acts_visited":["Exordium"],"potions_floor_usage":[6,11,11],"damage_taken":[{"damage":0.0,"enemies":"2 Louse","floor":1.0,"turns":4.0},{"damage":16.0,"enemies":"Jaw Worm","floor":2.0,"turns":6.0},{"damage":34,"enemies":"Lagavulin","floor":6,"turns":12},{"damage":0,"enemies":"Small Slimes","floor":7,"turns":5},{"damage":0,"enemies":"2 Fungi Beasts","floor":10,"turns":5},{"damage":35,"enemies":"Gremlin Nob","floor":11,"turns":3}],"seed_played":"-8442968799508348137","potions_obtained":[{"floor":6,"key":"Energy Potion"},{"floor":10,"key":"Poison Potion"}],"is_trial":false,"path_per_floor":["M","M","?","$","?","E","M","R","T","M","E"],"character_chosen":"THE_SILENT","items_purchased":["Footwork","Poisoned Stab","AttackPotion"],"campfire_rested":1,"item_purchase_floors":[4,4,4],"current_hp_per_floor":[59,43,43,43,36,2,2,21,21,21,0,0],"gold":96,"neow_bonus":"BOSS_RELIC","is_daily":false,"chose_seed":false,"campfire_upgraded":0,"win_rate":0.0,"timestamp":1611679085,"path_taken":["M","M","?","$","?","E","M","R","T","M","E"],"items_purchased_type":["Card","Card","Potion"],"build_version":"2020-12-22","purchased_purges":1,"victory":false,"max_hp_per_floor":[66,66,66,66,66,66,66,66,66,66,66,66],"card_choices":[{"not_picked":["Cloak And Dagger","Prepared"],"picked":"Deflect","floor":1.0},{"not_picked":["Bane","Poisoned Stab"],"picked":"PiercingWail","floor":2.0},{"not_picked":["Bane","Deflect"],"picked":"Backflip","floor":6},{"not_picked":["Blade Dance","Concentrate"],"picked":"Blur","floor":7},{"not_picked":["Cloak And Dagger","Quick Slash"],"picked":"Terror","floor":10}],"player_experience":1125638,"relics_obtained":[{"floor":6,"key":"Blue Candle"},{"floor":9,"key":"Matryoshka"}],"event_choices":[{"damage_healed":0.0,"max_hp_gain":0.0,"max_hp_loss":0.0,"gold_gain":150.0,"event_name":"Liars Game","player_choice":"AGREE","floor":3.0,"gold_loss":0.0,"damage_taken":0.0,"cards_obtained":["Doubt"]},{"cards_removed":["Strike_G"],"damage_healed":0.0,"max_hp_gain":0.0,"max_hp_loss":0.0,"gold_gain":0.0,"event_name":"Golden Wing","player_choice":"Card Removal","floor":5.0,"gold_loss":0.0,"damage_taken":7.0}],"is_beta":false,"boss_relics":[],"items_purged_floors":[4],"is_endless":false,"potions_floor_spawned":[6,10],"killed_by":"Gremlin Nob","ascension_level":20}}