{"host":"k85tjwrh7mjrrc9a","time":1611633063,"event":{"mods":["AchievementEnabler","BaseMod","Colored Powertips","Highlight Path","Minty Spire (QoL Compilation)","Rare Cards Sparkle","StSLib"],"gold_per_floor":[214,214,226,79,97,97,129,129,129,146,174,189,219,219,219,295,295,307,325,250,260,276,276,296,296,296,296,310,136,164,178,178,178,178],"floor_reached":33,"language":"ENG","playtime":1728,"items_purged":["Strike_R"],"score":491,"play_id":"02aa4087-8142-4540-9da0-c2f3a02a22c3","local_time":"20210125225103","is_ascension_mode":true,"campfire_choices":[{"data":"Inflame","floor":6,"key":"SMITH"},{"data":"Bash","floor":8,"key":"SMITH"},{"floor":15,"key":"REST"},{"floor":23,"key":"REST"},{"floor":25,"key":"REST"},{"floor":27,"key":"REST"},{"floor":32,"key":"REST"}],"circlet_count":0,"master_deck":["AscendersBane","Strike_R","Strike_R","Strike_R","Strike_R","Defend_R","Defend_R","Defend_R","Defend_R","Bash+1","Thunderclap","Inflame+1","Thunderclap","Wild Strike","Shrug It Off","Pommel Strike","Armaments","Limit Break","Pommel Strike","Evolve","True Grit","Shockwave+1","Heavy Blade","Offering","True Grit+1","Battle Trance"],"relics":["Burning Blood","Happy Flower","Paper Frog","Pantograph","Regal Pillow","Toy Ornithopter","Thread and Needle","Fusion Hammer","Singing Bowl","Orrery","Meat on the Bone"],"acts_visited":["Exordium","TheCity"],"potions_floor_usage":[16,21,30,33,33],"damage_taken":[{"damage":1,"enemies":"2 Louse","floor":1,"turns":2},{"damage":6,"enemies":"Cultist","floor":3,"turns":3},{"damage":0,"enemies":"Small Slimes","floor":5,"turns":3},{"damage":31,"enemies":"Gremlin Nob","floor":7,"turns":4},{"damage":7,"enemies":"Exordium Thugs","floor":10,"turns":3},{"damage":30,"enemies":"Lagavulin","floor":11,"turns":5},{"damage":4,"enemies":"Looter","floor":12,"turns":3},{"damage":17,"enemies":"3 Sentries","floor":13,"turns":6},{"damage":72,"enemies":"Hexaghost","floor":16,"turns":12},{"damage":7,"enemies":"Chosen","floor":18,"turns":4},{"damage":26,"enemies":"2 Thieves","floor":19,"turns":4},{"damage":10,"enemies":"Centurion and Healer","floor":21,"turns":4},{"damage":37,"enemies":"Snake Plant","floor":22,"turns":4},{"damage":17,"enemies":"Chosen and Byrds","floor":24,"turns":5},{"damage":47,"enemies":"Shelled Parasite and Fungi","floor":28,"turns":6},{"damage":27,"enemies":"Slavers","floor":30,"turns":5},{"damage":17,"enemies":"Snake Plant","floor":31,"turns":3},{"damage":93,"enemies":"Automaton","floor":33,"turns":10}],"seed_played":"-6760484967510484278","potions_obtained":[{"floor":7,"key":"SkillPotion"},{"floor":10,"key":"SpeedPotion"},{"floor":18,"key":"BlessingOfTheForge"},{"floor":28,"key":"Swift Potion"},{"floor":30,"key":"ColorlessPotion"}],"is_trial":false,"path_per_floor":["M","?","M","$","M","R","E","R","T","M","E","M","E","?","R","B",null,"M","M","$","M","M","R","M","R","T","R","M","$","E","M","R","B"],"character_chosen":"IRONCLAD","items_purchased":["Happy Flower","Heavy Blade","Orrery"],"campfire_rested":5,"item_purchase_floors":[4,29,29],"current_hp_per_floor":[73,75,75,75,75,75,50,50,50,49,25,27,16,16,53,9,59,58,38,38,39,8,45,34,71,71,75,34,38,24,27,66,0,0],"gold":178,"neow_bonus":"HUNDRED_GOLD","is_daily":false,"chose_seed":false,"campfire_upgraded":2,"win_rate":0.0,"timestamp":1611633063,"path_taken":["M","?","M","$","M","R","E","R","T","?","E","M","E","?","R","BOSS","M","M","$","M","M","R","M","R","T","R","M","$","E","M","R","BOSS"],"items_purchased_type":["Relic","Card","Relic"],"build_version":"2020-12-22","purchased_purges":1,"victory":false,"max_hp_per_floor":[75,75,75,75,75,75,75,75,75,75,75,75,75,75,75,75,75,75,75,75,75,75,75,75,75,75,75,75,79,81,83,83,83,83],"card_choices":[{"not_picked":["Clothesline","Shrug It Off"],"picked":"Thunderclap","floor":1},{"not_picked":["Armaments","Juggernaut"],"picked":"Inflame","floor":3},{"not_picked":["Entrench","Perfected Strike"],"picked":"Thunderclap","floor":5},{"not_picked":["Exhume","Havoc","Perfected Strike"],"picked":"SKIP","floor":7},{"not_picked":["Exhume","Havoc","Perfected Strike"],"picked":"SKIP","floor":7},{"not_picked":["Blood for Blood","Burning Pact"],"picked":"Wild Strike","floor":10},{"not_picked":["Hemokinesis","Sword Boomerang"],"picked":"Shrug It Off","floor":11},{"not_picked":["Twin Strike","Metallicize"],"picked":"Pommel Strike","floor":12},{"not_picked":["Combust","Fire Breathing"],"picked":"Armaments","floor":13},{"not_picked":["Barricade","Reaper"],"picked":"Limit Break","floor":16},{"not_picked":["Clash","Spot Weakness"],"picked":"Pommel Strike","floor":18},{"not_picked":["Dark Embrace","Sword Boomerang+1"],"picked":"Evolve","floor":19},{"not_picked":["Clothesline","Twin Strike","Headbutt"],"picked":"SKIP","floor":21},{"not_picked":["Clothesline","Twin Strike","Bloodletting"],"picked":"SKIP","floor":22},{"not_picked":["Sentinel","Infernal Blade"],"picked":"True Grit","floor":24},{"not_picked":["Havoc","Corruption"],"picked":"Shockwave+1","floor":28},{"not_picked":["Havoc","Thunderclap"],"picked":"Offering","floor":29},{"not_picked":["Sentinel","Iron Wave+1","True Grit"],"picked":"Singing Bowl","floor":29},{"not_picked":["Shockwave","Second Wind"],"picked":"True Grit+1","floor":29},{"not_picked":["Combust+1","Flex","Havoc"],"picked":"Singing Bowl","floor":29},{"not_picked":["Carnage","Warcry"],"picked":"Battle Trance","floor":29},{"not_picked":["Uppercut","Metallicize","Burning Pact"],"picked":"Singing Bowl","floor":30},{"not_picked":["Fiend Fire","Combust","Clothesline"],"picked":"Singing Bowl","floor":31}],"player_experience":221212,"relics_obtained":[{"floor":7,"key":"Paper Frog"},{"floor":9,"key":"Pantograph"},{"floor":11,"key":"Regal Pillow"},{"floor":13,"key":"Toy Ornithopter"},{"floor":26,"key":"Singing Bowl"},{"floor":30,"key":"Meat on the Bone"}],"event_choices":[{"damage_healed":2,"gold_gain":0,"player_choice":"Full Heal","damage_taken":0,"max_hp_gain":0,"max_hp_loss":0,"event_name":"Wheel of Change","floor":2,"gold_loss":0},{"damage_healed":0,"gold_gain":0,"player_choice":"Searched \u00271\u0027 times","damage_taken":0,"relics_obtained":["Thread and Needle"],"max_hp_gain":0,"max_hp_loss":0,"event_name":"Dead Adventurer","floor":14,"gold_loss":0}],"is_beta":false,"boss_relics":[{"not_picked":["Runic Dome","Coffee Dripper"],"picked":"Fusion Hammer"}],"items_purged_floors":[20],"is_endless":false,"potions_floor_spawned":[7,10,11,13,18,28,30,31],"killed_by":"Automaton","ascension_level":14}}