{"host":"6xsbn6ynqlzwllfm","time":1611698925,"event":{"mods":["2.2 Compatiblity","BaseMod","Bestiary","Colored Map","Colored Powertips","Curses Come First","Highlight Path","Keyboard Shortcuts","Minty Spire (QoL Compilation)","Relic Stats","Slay the Relics Exporter","StSLib","SuperFastMode"],"gold_per_floor":[119,119,139,159,172,204,204,204,204,235,235,235,70,87,87,158,158,172,222,242,242,259,259,285,285,285,285,285,285,305,344,344,430,430,449,471,471,496,116,116,116,116],"floor_reached":41,"language":"ENG","playtime":1557,"items_purged":["Strike_R"],"score":949,"play_id":"4c53d536-3f8d-4e37-9ab3-b25a9735ce3c","local_time":"20210126170845","is_ascension_mode":true,"campfire_choices":[{"data":"Whirlwind","floor":7,"key":"SMITH"},{"data":"Armaments","floor":11,"key":"SMITH"},{"data":"Offering","floor":15,"key":"SMITH"},{"floor":23,"key":"REST"},{"floor":25,"key":"REST"},{"data":"Dual Wield","floor":27,"key":"SMITH"},{"floor":32,"key":"REST"},{"floor":40,"key":"REST"}],"circlet_count":0,"master_deck":["AscendersBane","Strike_R","Defend_R","Defend_R","Defend_R","Defend_R","Bash","Cleave","Pommel Strike","Whirlwind+1","Pommel Strike","Reaper","Offering+1","Armaments+1","Dual Wield+1","RitualDagger","Feed","Flex+1","Offering","Offering","Feel No Pain+1","Dark Embrace"],"relics":["Cursed Key","MealTicket","Art of War","Potion Belt","Chemical X","Philosopher\u0027s Stone","Happy Flower","CeramicFish","Fusion Hammer","Bird Faced Urn","Regal Pillow"],"acts_visited":["Exordium","TheCity","TheBeyond"],"potions_floor_usage":[16,16,20,31,31,33,41,41,41],"damage_taken":[{"damage":6,"enemies":"Cultist","floor":1,"turns":4},{"damage":0,"enemies":"Jaw Worm","floor":3,"turns":3},{"damage":10,"enemies":"2 Louse","floor":4,"turns":2},{"damage":0,"enemies":"Large Slime","floor":5,"turns":3},{"damage":30,"enemies":"Lagavulin","floor":6,"turns":5},{"damage":15,"enemies":"3 Sentries","floor":10,"turns":3},{"damage":0,"enemies":"Gremlin Gang","floor":14,"turns":3},{"damage":35,"enemies":"Hexaghost","floor":16,"turns":8},{"damage":6,"enemies":"3 Byrds","floor":18,"turns":2},{"damage":19,"enemies":"2 Thieves","floor":20,"turns":3},{"damage":34,"enemies":"Cultist and Chosen","floor":22,"turns":4},{"damage":0,"enemies":"Slavers","floor":24,"turns":1},{"damage":42,"enemies":"Snake Plant","floor":30,"turns":4},{"damage":17,"enemies":"Book of Stabbing","floor":31,"turns":2},{"damage":67,"enemies":"Collector","floor":33,"turns":7},{"damage":12,"enemies":"Orb Walker","floor":35,"turns":3},{"damage":29,"enemies":"3 Shapes","floor":36,"turns":6},{"damage":29,"enemies":"Mind Bloom Boss Battle","floor":38,"turns":7},{"damage":135,"enemies":"Nemesis","floor":41,"turns":6}],"seed_played":"-1441434244702748083","potions_obtained":[{"floor":6,"key":"SpeedPotion"},{"floor":10,"key":"Weak Potion"},{"floor":14,"key":"Regen Potion"},{"floor":18,"key":"SkillPotion"},{"floor":24,"key":"SteroidPotion"},{"floor":30,"key":"PowerPotion"},{"floor":33,"key":"BlessingOfTheForge"},{"floor":36,"key":"EssenceOfSteel"}],"is_trial":false,"path_per_floor":["M","?","M","M","M","E","R","?","T","E","R","?","$","M","R","B",null,"M","?","M","?","M","R","E","R","T","R","?","?","M","E","R","B",null,"M","M","T","?","$","R","E"],"character_chosen":"IRONCLAD","items_purchased":["Chemical X","Dark Embrace","Regal Pillow","PowerPotion","BloodPotion"],"campfire_rested":4,"item_purchase_floors":[13,39,39,39,39],"current_hp_per_floor":[62,62,62,52,52,22,22,22,22,19,19,14,29,32,32,17,61,61,54,49,43,13,35,35,57,57,57,57,57,20,28,51,14,64,60,43,43,48,63,104,0,0],"gold":116,"neow_bonus":"BOSS_RELIC","is_daily":false,"chose_seed":false,"campfire_upgraded":4,"win_rate":0.0,"timestamp":1611698925,"path_taken":["M","?","M","?","M","E","R","?","T","E","R","?","$","M","R","BOSS","M","?","?","?","M","R","E","R","T","R","?","?","M","E","R","BOSS","M","M","?","?","$","R","E"],"items_purchased_type":["Relic","Card","Relic","Potion","Potion"],"build_version":"2020-12-22","purchased_purges":1,"victory":false,"max_hp_per_floor":[75,75,75,75,75,75,75,75,75,75,75,75,75,75,75,75,75,75,75,75,75,75,75,75,75,75,75,75,75,75,78,78,81,81,84,96,96,104,104,104,104,104],"relic_stats":{"Regal Pillow":10,"Happy Flower":[11],"counters":[19,76],"CeramicFish":36,"Bird Faced Urn":[4],"MealTicket":30,"Art of War":[4],"Chemical X":[17],"Cursed Key":0,"obtain_stats":[{"Potion Belt":12,"Regal Pillow":39,"Happy Flower":24,"CeramicFish":31,"Bird Faced Urn":38,"MealTicket":6,"Philosopher\u0027s Stone":17,"Fusion Hammer":34,"Art of War":10,"Chemical X":13,"Cursed Key":0,"Burning Blood":0},{"Potion Belt":6,"Regal Pillow":18,"Happy Flower":12,"CeramicFish":14,"Bird Faced Urn":18,"MealTicket":5,"Philosopher\u0027s Stone":8,"Fusion Hammer":15,"Art of War":6,"Chemical X":6,"Cursed Key":0,"Burning Blood":0},{"Potion Belt":20,"Regal Pillow":70,"Happy Flower":41,"CeramicFish":47,"Bird Faced Urn":70,"MealTicket":17,"Philosopher\u0027s Stone":31,"Fusion Hammer":54,"Art of War":20,"Chemical X":20,"Cursed Key":0,"Burning Blood":0}]},"card_choices":[{"not_picked":["Thunderclap","Clash"],"picked":"Cleave","floor":1},{"not_picked":["Dropkick","Havoc"],"picked":"Pommel Strike","floor":3},{"not_picked":["Iron Wave","Thunderclap"],"picked":"Whirlwind","floor":4},{"not_picked":["Thunderclap","Flex"],"picked":"Pommel Strike","floor":5},{"not_picked":["Brutality","Dual Wield"],"picked":"Reaper","floor":6},{"not_picked":["Cleave","True Grit"],"picked":"Armaments","floor":10},{"not_picked":["Blood for Blood","Combust"],"picked":"Dual Wield","floor":18},{"not_picked":["Fire Breathing","Perfected Strike","Rupture+1"],"picked":"SKIP","floor":22},{"not_picked":["Heavy Blade","Limit Break"],"picked":"Feed","floor":24},{"not_picked":["Thunderclap","Warcry"],"picked":"Flex+1","floor":30},{"not_picked":["Dropkick","Rage"],"picked":"Offering","floor":31},{"not_picked":["Exhume","Juggernaut"],"picked":"Offering","floor":33},{"not_picked":["Heavy Blade","Pommel Strike","Havoc+1"],"picked":"SKIP","floor":35},{"not_picked":["Sentinel","Power Through"],"picked":"Feel No Pain+1","floor":36}],"player_experience":1144283,"relics_obtained":[{"floor":6,"key":"MealTicket"},{"floor":10,"key":"Art of War"},{"floor":24,"key":"Happy Flower"},{"floor":31,"key":"CeramicFish"},{"floor":38,"key":"Bird Faced Urn"}],"event_choices":[{"cards_removed":["Strike_R"],"damage_healed":0,"gold_gain":0,"player_choice":"Purged","damage_taken":0,"max_hp_gain":0,"max_hp_loss":0,"event_name":"Purifier","floor":2,"gold_loss":0},{"damage_healed":0,"gold_gain":0,"cards_transformed":["Strike_R"],"player_choice":"Change","damage_taken":0,"max_hp_gain":0,"max_hp_loss":0,"event_name":"Living Wall","floor":8,"gold_loss":0,"cards_obtained":["Offering"]},{"damage_healed":0,"gold_gain":0,"player_choice":"Success","damage_taken":5,"relics_obtained":["Potion Belt"],"max_hp_gain":0,"max_hp_loss":0,"event_name":"Scrap Ooze","floor":12,"gold_loss":0},{"damage_healed":0,"gold_gain":50,"player_choice":"Touch","damage_taken":7,"max_hp_gain":0,"max_hp_loss":0,"event_name":"FaceTrader","floor":19,"gold_loss":0},{"damage_healed":0,"gold_gain":0,"player_choice":"Joined the Cult","damage_taken":6,"max_hp_gain":0,"max_hp_loss":0,"event_name":"Nest","floor":21,"gold_loss":0,"cards_obtained":["RitualDagger"]},{"damage_healed":0,"gold_gain":0,"player_choice":"Ignored","damage_taken":0,"max_hp_gain":0,"max_hp_loss":0,"event_name":"The Mausoleum","floor":28,"gold_loss":0},{"cards_removed":["Strike_R"],"damage_healed":0,"gold_gain":0,"player_choice":"Offered Basic","damage_taken":0,"max_hp_gain":0,"max_hp_loss":0,"event_name":"Bonfire Elementals","floor":29,"gold_loss":0},{"damage_healed":0,"gold_gain":0,"player_choice":"Fight","damage_taken":0,"max_hp_gain":0,"max_hp_loss":0,"event_name":"MindBloom","floor":38,"gold_loss":0}],"is_beta":false,"boss_relics":[{"not_picked":["Runic Dome","Mark of Pain"],"picked":"Philosopher\u0027s Stone"},{"not_picked":["Empty Cage","Sozu"],"picked":"Fusion Hammer"}],"items_purged_floors":[39],"is_endless":false,"potions_floor_spawned":[6,10,14,18,24,30,33,36],"killed_by":"Nemesis","ascension_level":20}}