{"host":"lnt5dzsuhru0aonl","time":1611663577,"event":{"mods":["2.2 Compatiblity","BaseMod","Colored Map","Colored Powertips","DeckTracker","Keyboard Shortcuts","Minty Spire (QoL Compilation)","Permanent Neow","Rare Cards Sparkle","StSLib","SuperFastMode","everything is the same but u backflip on backflip"],"gold_per_floor":[117,117,117,42,13,39,59,59,129,144,144,144,144,177,177,256,256,273,159,74,74,84,84,118,118,118],"floor_reached":25,"language":"KOR","playtime":645,"items_purged":["Strike_B"],"score":500,"play_id":"411687ff-b27c-4d62-b81b-94bdcd26ec7c","local_time":"20210126211937","is_ascension_mode":true,"campfire_choices":[{"data":"Zap","floor":8.0,"key":"SMITH"},{"data":"Dualcast","floor":11.0,"key":"SMITH"},{"data":"Ball Lightning","floor":13.0,"key":"SMITH"},{"data":"Turbo","floor":15.0,"key":"SMITH"},{"data":"Lockon","floor":23,"key":"SMITH"}],"circlet_count":0,"master_deck":["AscendersBane","Strike_B","Defend_B","Defend_B","Defend_B","Defend_B","Zap+1","Dualcast+1","Lockon+1","Conserve Battery","Turbo+1","Skim","Sweeping Beam","Ball Lightning+1","Core Surge","Compile Driver","Buffer+1","Coolheaded+1","Storm+1","Writhe","Storm+1"],"relics":["Cracked Core","NeowsBlessing","Vajra","Unceasing Top","Frozen Egg 2","Blood Vial","SlaversCollar","Pantograph","Singing Bowl","Blue Candle"],"acts_visited":["Exordium","TheCity"],"potions_floor_usage":[24,24],"damage_taken":[{"damage":0.0,"enemies":"Cultist","floor":1.0,"turns":1.0},{"damage":0.0,"enemies":"3 Sentries","floor":6.0,"turns":1.0},{"damage":0.0,"enemies":"Small Slimes","floor":7.0,"turns":1.0},{"damage":7.0,"enemies":"2 Louse","floor":10.0,"turns":3.0},{"damage":11.0,"enemies":"Gremlin Nob","floor":14.0,"turns":3.0},{"damage":30.0,"enemies":"Hexaghost","floor":16.0,"turns":8.0},{"damage":15,"enemies":"2 Thieves","floor":18,"turns":3},{"damage":21,"enemies":"Shell Parasite","floor":22,"turns":5},{"damage":7,"enemies":"Slavers","floor":24,"turns":5},{"damage":27,"enemies":"Cultist and Chosen","floor":25,"turns":5}],"seed_played":"430576679347416953","potions_obtained":[{"floor":10.0,"key":"Fire Potion"},{"floor":16.0,"key":"DuplicationPotion"},{"floor":18,"key":"Fire Potion"}],"is_trial":false,"path_per_floor":["M","?","?","?","$","E","M","R","T","M","R","?","R","E","R","B",null,"M","$","?","?","M","R","E","M"],"character_chosen":"DEFECT","items_purchased":["Conserve Battery","Storm+1"],"campfire_rested":0,"item_purchase_floors":[5,19],"current_hp_per_floor":[64,59,52,52,52,52,52,52,52,45,45,45,45,34,34,6,55,42,42,42,42,25,25,20,0,0],"gold":118,"neow_bonus":"THREE_ENEMY_KILL","is_daily":false,"chose_seed":false,"campfire_upgraded":5,"win_rate":0.0,"timestamp":1611663577,"path_taken":["M","?","?","?","$","E","M","R","T","?","R","?","R","E","R","BOSS","M","$","?","?","M","R","E","M"],"items_purchased_type":["Card","Card"],"build_version":"2020-12-22","purchased_purges":1,"victory":false,"max_hp_per_floor":[71,71,71,71,71,71,71,71,71,71,71,71,71,71,71,71,71,71,71,71,71,73,73,73,73,73],"card_choices":[{"not_picked":["Leap","Melter"],"picked":"Lockon","floor":1.0},{"not_picked":["Skim","Barrage"],"picked":"Turbo","floor":6.0},{"not_picked":["Aggregate","Conserve Battery"],"picked":"Skim","floor":7.0},{"not_picked":["Doom and Gloom","Rebound"],"picked":"Sweeping Beam","floor":10.0},{"not_picked":["Stack","Doom and Gloom"],"picked":"Compile Driver","floor":14.0},{"not_picked":["Multi-Cast","Rainbow"],"picked":"Buffer+1","floor":16.0},{"not_picked":["Beam Cell","Doom and Gloom"],"picked":"Coolheaded+1","floor":18},{"not_picked":["Rebound","Undo","Go for the Eyes"],"picked":"Singing Bowl","floor":22},{"not_picked":["Redo","Reboot"],"picked":"Storm+1","floor":24}],"player_experience":769280,"relics_obtained":[{"floor":6.0,"key":"Unceasing Top"},{"floor":9.0,"key":"Frozen Egg 2"},{"floor":14.0,"key":"Blood Vial"},{"floor":24,"key":"Blue Candle"}],"event_choices":[{"damage_healed":0.0,"max_hp_gain":0.0,"max_hp_loss":0.0,"gold_gain":0.0,"event_name":"Scrap Ooze","player_choice":"Success","floor":2.0,"gold_loss":0.0,"damage_taken":5.0,"relics_obtained":["Vajra"]},{"cards_removed":["Strike_B"],"damage_healed":0.0,"max_hp_gain":0.0,"max_hp_loss":0.0,"gold_gain":0.0,"event_name":"Golden Wing","player_choice":"Card Removal","floor":3.0,"gold_loss":0.0,"damage_taken":7.0},{"cards_removed":["Strike_B"],"damage_healed":0.0,"max_hp_gain":0.0,"max_hp_loss":0.0,"gold_gain":0.0,"event_name":"The Cleric","player_choice":"Card Removal","floor":4.0,"gold_loss":75.0,"damage_taken":0.0},{"damage_healed":0.0,"max_hp_gain":0.0,"max_hp_loss":0.0,"gold_gain":0.0,"event_name":"Match and Keep!","player_choice":"2 cards matched","floor":12.0,"gold_loss":0.0,"damage_taken":0.0,"cards_obtained":["Ball Lightning","Core Surge"]},{"damage_healed":0,"gold_gain":0,"player_choice":"Obtained Relic","damage_taken":0,"relics_obtained":["Pantograph"],"max_hp_gain":0,"max_hp_loss":0,"event_name":"Addict","floor":20,"gold_loss":85},{"damage_healed":0,"gold_gain":0,"player_choice":"Opened","damage_taken":0,"relics_obtained":["Singing Bowl"],"max_hp_gain":0,"max_hp_loss":0,"event_name":"The Mausoleum","floor":21,"gold_loss":0,"cards_obtained":["Writhe"]}],"is_beta":false,"boss_relics":[{"not_picked":["Runic Pyramid","Astrolabe"],"picked":"SlaversCollar"}],"items_purged_floors":[19],"is_endless":false,"potions_floor_spawned":[10,16,18,22],"killed_by":"Cultist and Chosen","ascension_level":20}}