{"host":"nnt34ungdh9fkcmy","time":1611684118,"event":{"mods":["BaseMod","Downfall","Minty Spire (QoL Compilation)","StSLib","SuperFastMode"],"gold_per_floor":[99,117,127,127,227,227,227,259,270,290,302,302,302,302,302],"floor_reached":13,"language":"ENG","playtime":713,"items_purged":[],"score":85,"play_id":"68b84c99-b668-41aa-97c4-e42aab6e4972","local_time":"20210126110158","is_ascension_mode":false,"campfire_choices":[{"data":"hexamod:Sear","floor":1,"key":"SMITH"},{"data":"hexamod:HeatShield","floor":6,"key":"SMITH"}],"circlet_count":0,"master_deck":["hexamod:Strike","hexamod:Strike","hexamod:Strike","hexamod:Defend","hexamod:Defend","hexamod:Defend","hexamod:Defend","hexamod:Sear+1","hexamod:Float","hexamod:HeatShield+1","hexamod:FourthSeal","hexamod:SwordOfDarkness","hexamod:InspiringFlames","hexamod:SpectralSpark"],"relics":["Black Star","Matryoshka","Potion Belt"],"acts_visited":["Exordium"],"potions_floor_usage":[13],"damage_taken":[{"damage":3,"enemies":"Small Slimes","floor":2,"turns":3},{"damage":0,"enemies":"Cultist","floor":3,"turns":3},{"damage":47,"enemies":"Gremlin Nob","floor":8,"turns":6},{"damage":0,"enemies":"2 Louse","floor":9,"turns":2},{"damage":9,"enemies":"Gremlin Gang","floor":10,"turns":6},{"damage":2,"enemies":"Blue Slaver","floor":11,"turns":4},{"damage":17,"enemies":"3 Sentries","floor":13,"turns":8}],"seed_played":"-549305359958877980","potions_obtained":[{"floor":2,"key":"Weak Potion"},{"floor":8,"key":"LiquidBronze"},{"floor":10,"key":"champ:CounterPotion"},{"floor":11,"key":"Weak Potion"}],"is_trial":false,"path_per_floor":["R","M","M","?","?","R","T","E","M","M","M","?","E"],"character_chosen":"THE_SPIRIT","items_purchased":[],"campfire_rested":0,"item_purchase_floors":[],"current_hp_per_floor":[70,67,67,67,67,67,67,20,20,11,9,9,0,0,0],"gold":302,"neow_bonus":"BOSS_RELIC","is_daily":false,"chose_seed":false,"campfire_upgraded":2,"win_rate":0.0,"timestamp":1611684118,"path_taken":["R","M","M","?","?","R","T","E","M","?","M","?","E"],"items_purchased_type":[],"build_version":"2020-12-22","purchased_purges":0,"victory":false,"max_hp_per_floor":[70,70,70,70,70,70,70,70,70,70,70,70,70,70,70],"card_choices":[{"not_picked":["hexamod:CatchUp","hexamod:RadiantFlame","hexamod:NightmareStrike"],"picked":"SKIP","floor":2},{"not_picked":["hexamod:AdvancingGuard","hexamod:HeatMetal"],"picked":"hexamod:HeatShield","floor":3},{"not_picked":["hexamod:HeatMetal","hexamod:FastForward"],"picked":"hexamod:SwordOfDarkness","floor":8},{"not_picked":["hexamod:GhostShield","hexamod:GhostOfSpirePast"],"picked":"hexamod:InspiringFlames","floor":9},{"not_picked":["hexamod:FastForward","hexamod:NightmareStrike"],"picked":"hexamod:SpectralSpark","floor":10},{"not_picked":["hexamod:HeatShield","hexamod:FastForward","hexamod:RadiantFlame"],"picked":"SKIP","floor":11}],"player_experience":266273,"relics_obtained":[{"floor":8,"key":"Matryoshka"},{"floor":8,"key":"Potion Belt"}],"event_choices":[{"cards_removed":["hexamod:Strike"],"damage_healed":0,"gold_gain":0,"player_choice":"Card Removal","damage_taken":0,"max_hp_gain":0,"max_hp_loss":0,"event_name":"The Cleric","floor":12,"gold_loss":0}],"is_beta":false,"boss_relics":[],"items_purged_floors":[],"is_endless":false,"potions_floor_spawned":[2,8],"killed_by":"3 Sentries","ascension_level":0}}