{"host":"56d873i5r3uhle0q","time":1611684966,"event":{"mods":["100% Spire Juice","Act Like it!","Aspiration","BaseMod","Block Reminder","Conspire","Dota2Spire","Downfall","Gensokyo","Hermit","Hubris","Infinite Spire","Jedi Mod","Lobotomy","LobotomyExtend","Marisa????????","Marked Mod","Minty Spire (QoL Compilation)","Reliquary","Replay The Spire","StSLib","The Animator","The Bug Knight","The Cursed","The Marked","The Servant 0.9.4","everything is the same but u backflip on backflip","??????REMEMod"],"gold_per_floor":[99,111,20,20,30,30,30,30,42,54,39,53,53,65,84,84,84,84],"floor_reached":16,"language":"ENG","playtime":1034,"items_purged":[],"score":94,"play_id":"7050a976-70c4-4af5-8a2a-ed3fda1143ea","local_time":"20210126111606","is_ascension_mode":false,"campfire_choices":[{"data":"Guardian:TwinSlam","floor":1,"key":"SMITH"},{"data":"Guardian:RefractedBeam","floor":8,"key":"SMITH"}],"circlet_count":0,"master_deck":["Guardian:Strike_Guardian","Guardian:Strike_Guardian","Guardian:Strike_Guardian","Guardian:Strike_Guardian","Guardian:Defend_Guardian","Guardian:Defend_Guardian","Guardian:Defend_Guardian","Guardian:Defend_Guardian","Guardian:CurlUp","Guardian:TwinSlam+1","Guardian:BronzeArmor","Moonworks:GoAway+1","Guardian:RefractedBeam+1","Guardian:BronzeArmor","Guardian:Planning","Guardian:TimeBomb","Guardian:Gem_Yellow","Guardian:Gem_White","Guardian:TimeCapacitor"],"relics":["Guardian:ModeShifter","REME_ComplimentaryCards","Torii"],"acts_visited":["Gensokyo:Gensokyo"],"potions_floor_usage":[16],"damage_taken":[{"damage":7,"enemies":"Gensokyo:Gryphon","floor":2,"turns":4},{"damage":10,"enemies":"downfall:FleeingMerchant","floor":3,"turns":5},{"damage":1,"enemies":"Gensokyo:Python","floor":5,"turns":3},{"damage":1,"enemies":"Gensokyo:2_Kodama","floor":9,"turns":4},{"damage":5,"enemies":"Gensokyo:CorruptedTreant","floor":10,"turns":4},{"damage":0,"enemies":"downfall:FleeingMerchant","floor":11,"turns":4},{"damage":8,"enemies":"Gensokyo:VengefulSpirit","floor":12,"turns":5},{"damage":2,"enemies":"Gensokyo:3_Kodama","floor":14,"turns":3},{"damage":5,"enemies":"Gensokyo:CorruptedTreant","floor":15,"turns":4},{"damage":41,"enemies":"WA_ARCHETYPE_RETAIN","floor":16,"turns":8}],"seed_played":"-5192883657523798548","potions_obtained":[{"floor":2,"key":"Energy Potion"},{"floor":10,"key":"hexamod:SoulburnPotion"},{"floor":12,"key":"AttackPotion"}],"is_trial":false,"path_per_floor":["R","M","$","?","M","?","T","R","M","M","$","M","?","M","M","B"],"character_chosen":"GUARDIAN","items_purchased":["Guardian:Gem_Synthetic"],"campfire_rested":0,"item_purchase_floors":[3],"current_hp_per_floor":[80,73,63,63,62,62,62,62,61,56,56,48,40,38,33,0,0,0],"gold":84,"neow_bonus":"THREE_CARDS","is_daily":false,"chose_seed":false,"campfire_upgraded":2,"win_rate":0.0,"timestamp":1611684966,"path_taken":["R","M","?","?","M","?","T","R","M","?","$","M","?","M","M","BOSS"],"items_purchased_type":["Card"],"build_version":"2020-12-22","purchased_purges":0,"victory":false,"max_hp_per_floor":[80,80,80,80,80,80,80,80,80,80,80,80,80,80,80,80,80,80],"card_choices":[{"not_picked":["Guardian:Reroute","Guardian:PrismaticBarrier"],"picked":"Guardian:BronzeArmor","floor":0},{"not_picked":["Guardian:WalkerClaw","Guardian:PrismaticBarrier"],"picked":"Guardian:RefractedBeam","floor":2},{"not_picked":["Guardian:ShieldCharger","Guardian:VentSteam"],"picked":"Guardian:BronzeArmor","floor":3},{"not_picked":["Guardian:Incinerate","Guardian:Gem_Red"],"picked":"Guardian:Gem_Fragmented","floor":4},{"not_picked":["Guardian:Reroute","Guardian:MultiBeam"],"picked":"Guardian:Planning","floor":4},{"not_picked":["Guardian:Gem_Green","Guardian:WalkerClaw"],"picked":"Guardian:TimeBomb","floor":5},{"not_picked":["Guardian:RollAttack","Guardian:Gem_Crimson"],"picked":"Guardian:Gem_Yellow","floor":9},{"not_picked":["Guardian:Incinerate","Guardian:GuardianWhirl","Guardian:VentSteam"],"picked":"SKIP","floor":10},{"not_picked":["Guardian:VentSteam","Guardian:RollAttack"],"picked":"Guardian:Gem_White","floor":11},{"not_picked":["Guardian:Gem_Lightblue","Guardian:BronzeArmor","Guardian:VentSteam"],"picked":"SKIP","floor":12},{"not_picked":["Guardian:Gem_Blue","Guardian:PrimingBeam"],"picked":"Guardian:TimeCapacitor","floor":14},{"not_picked":["Guardian:HyperBeam_Guardian","Guardian:Reroute","Guardian:Gem_Green"],"picked":"SKIP","floor":15}],"player_experience":651111,"relics_obtained":[{"floor":7,"key":"Torii"}],"event_choices":[],"is_beta":false,"boss_relics":[],"items_purged_floors":[],"is_endless":false,"potions_floor_spawned":[2,10,12,15],"killed_by":"WA_ARCHETYPE_RETAIN","ascension_level":0}}