{"host":"zxkjcgzis4pm3za5","time":1611674830,"event":{"mods":["AchievementEnabler","Act Like it!","BaseMod","Colored Map","Colored Powertips","Friendly Minions","GifTheSpireLib","Minty Spire (QoL Compilation)","Quick Restart","RNG Fix","Random Character Button","Relic Filter Mod","Relic Sorter","Relic Stats","StSLib"],"gold_per_floor":[110,260,82,97,97,97,116,143,143,169,169,204,232,257,257,340,340,355,255,255,265,61,61,102,102,102,137,165,165,80,113,113,113,113],"floor_reached":33,"language":"ENG","playtime":1074,"items_purged":["Doubt","Strike_R"],"score":595,"play_id":"7c57de82-1bcf-4853-a754-db9024119c81","local_time":"20210126205710","is_ascension_mode":true,"campfire_choices":[{"data":"Anger","floor":6.0,"key":"SMITH"},{"data":"Armaments","floor":11.0,"key":"SMITH"},{"floor":15.0,"key":"REST"},{"floor":23.0,"key":"REST"},{"floor":25.0,"key":"REST"},{"data":"Limit Break","floor":29,"key":"SMITH"},{"data":"Dual Wield","floor":32,"key":"SMITH"}],"circlet_count":0,"master_deck":["AscendersBane","Strike_R","Strike_R","Strike_R","Strike_R","Defend_R","Defend_R","Defend_R","Defend_R","Bash+1","Clothesline","Spot Weakness+1","Pommel Strike","Anger+1","Ghostly Armor","Armaments+1","Flame Barrier","Dual Wield+1","Sword Boomerang","Limit Break+1","Master of Strategy","Shrug It Off","Heavy Blade+1","Warcry+1"],"relics":["Burning Blood","CeramicFish","TungstenRod","WingedGreaves","SlaversCollar","PreservedInsect","Pocketwatch","HornCleat","Vajra","Bottled Lightning"],"acts_visited":["TheCity"],"potions_floor_usage":[33],"damage_taken":[{"damage":4.0,"enemies":"Small Slimes","floor":1.0,"turns":5.0},{"damage":2.0,"enemies":"Jaw Worm","floor":4.0,"turns":3.0},{"damage":1.0,"enemies":"2 Louse","floor":7.0,"turns":3.0},{"damage":45.0,"enemies":"3 Sentries","floor":8.0,"turns":8.0},{"damage":13.0,"enemies":"2 Fungi Beasts","floor":10.0,"turns":4.0},{"damage":10.0,"enemies":"Gremlin Nob","floor":12.0,"turns":3.0},{"damage":3.0,"enemies":"Large Slime","floor":13.0,"turns":6.0},{"damage":8.0,"enemies":"3 Louse","floor":14.0,"turns":3.0},{"damage":7.0,"enemies":"The Guardian","floor":16.0,"turns":9.0},{"damage":19.0,"enemies":"Spheric Guardian","floor":18.0,"turns":5.0},{"damage":30.0,"enemies":"3 Byrds","floor":21.0,"turns":6.0},{"damage":26.0,"enemies":"Book of Stabbing","floor":24.0,"turns":4.0},{"damage":12.0,"enemies":"Gremlin Leader","floor":27.0,"turns":4.0},{"damage":7,"enemies":"Centurion and Healer","floor":28,"turns":7},{"damage":12,"enemies":"Book of Stabbing","floor":31,"turns":3},{"damage":43,"enemies":"Collector","floor":33,"turns":6}],"seed_played":"5318964271756914998","potions_obtained":[{"floor":4.0,"key":"GamblersBrew"},{"floor":8.0,"key":"Strength Potion"},{"floor":10.0,"key":"EssenceOfSteel"},{"floor":16.0,"key":"SpeedPotion"},{"floor":24.0,"key":"PowerPotion"},{"floor":31,"key":"Swift Potion"}],"is_trial":false,"path_per_floor":["M","?","$","M","?","R","M","E","T","M","R","E","M","M","R","B",null,"M","$","?","M","$","R","E","R","T","E","M","R","?","E","R","B"],"character_chosen":"IRONCLAD","items_purchased":["Spot Weakness","Pommel Strike","Master of Strategy"],"campfire_rested":3,"item_purchase_floors":[3,3,22],"current_hp_per_floor":[70,70,70,74,74,74,75,36,36,29,29,25,28,26,48,47,68,55,55,55,31,31,53,33,55,55,49,48,48,48,42,42,0,0],"gold":113,"neow_bonus":"UPGRADE_CARD","is_daily":false,"chose_seed":false,"campfire_upgraded":4,"win_rate":0.0,"timestamp":1611674830,"path_taken":["M","?","$","M","?","R","M","E","T","?","R","E","M","M","R","BOSS","M","$","?","?","$","R","E","R","T","E","M","R","?","E","R","BOSS"],"items_purchased_type":["Card","Card","Card"],"build_version":"2020-12-22","purchased_purges":2,"victory":false,"max_hp_per_floor":[75,75,75,75,75,75,75,75,75,75,75,75,75,75,75,75,75,75,75,75,75,75,75,75,75,75,75,75,75,75,75,75,75,75],"relic_stats":{"counters":[16,79],"CeramicFish":81,"PreservedInsect":88,"obtain_stats":[{"SlaversCollar":17,"HornCleat":27,"CeramicFish":8,"Vajra":30,"WingedGreaves":12,"PreservedInsect":24,"Bottled Lightning":31,"Burning Blood":0,"TungstenRod":9,"Pocketwatch":26},{"SlaversCollar":9,"HornCleat":13,"CeramicFish":4,"Vajra":14,"WingedGreaves":6,"PreservedInsect":12,"Bottled Lightning":15,"Burning Blood":0,"TungstenRod":4,"Pocketwatch":12},{"SlaversCollar":44,"HornCleat":63,"CeramicFish":19,"Vajra":70,"WingedGreaves":26,"PreservedInsect":59,"Bottled Lightning":73,"Burning Blood":0,"TungstenRod":19,"Pocketwatch":59}],"Burning Blood":86,"TungstenRod":39,"Pocketwatch":[30]},"card_choices":[{"not_picked":["Entrench","Reckless Charge"],"picked":"Clothesline","floor":1.0},{"not_picked":["Clash","Searing Blow"],"picked":"Anger","floor":4.0},{"not_picked":["Heavy Blade","Body Slam"],"picked":"Ghostly Armor","floor":7.0},{"not_picked":["Pommel Strike","Havoc","True Grit"],"picked":"SKIP","floor":8.0},{"not_picked":["Heavy Blade","Uppercut"],"picked":"Armaments","floor":10.0},{"not_picked":["Wild Strike","Carnage"],"picked":"Flame Barrier","floor":12.0},{"not_picked":["Burning Pact","Cleave"],"picked":"Dual Wield","floor":13.0},{"not_picked":["Pommel Strike","Sever Soul"],"picked":"Sword Boomerang","floor":14.0},{"not_picked":["Immolate","Impervious"],"picked":"Limit Break","floor":16.0},{"not_picked":["Infernal Blade","Hemokinesis","Warcry"],"picked":"SKIP","floor":18.0},{"not_picked":["Flex","Wild Strike","Thunderclap"],"picked":"SKIP","floor":21.0},{"not_picked":["Twin Strike","Blood for Blood"],"picked":"Shrug It Off","floor":24.0},{"not_picked":["Warcry+1","Intimidate+1"],"picked":"Heavy Blade+1","floor":27.0},{"not_picked":["Flex","Wild Strike"],"picked":"Warcry+1","floor":28},{"not_picked":["Second Wind","Wild Strike","Dual Wield"],"picked":"SKIP","floor":31}],"player_experience":278823,"relics_obtained":[{"floor":8.0,"key":"CeramicFish"},{"floor":9.0,"key":"TungstenRod"},{"floor":12.0,"key":"WingedGreaves"},{"floor":24.0,"key":"PreservedInsect"},{"floor":26.0,"key":"Pocketwatch"},{"floor":27.0,"key":"HornCleat"},{"floor":31,"key":"Bottled Lightning"}],"event_choices":[{"damage_healed":0.0,"max_hp_gain":0.0,"max_hp_loss":0.0,"gold_gain":150.0,"event_name":"Liars Game","player_choice":"AGREE","floor":2.0,"gold_loss":0.0,"damage_taken":0.0,"cards_obtained":["Doubt"]},{"damage_healed":0.0,"max_hp_gain":0.0,"max_hp_loss":0.0,"gold_gain":0.0,"event_name":"Living Wall","player_choice":"Grow","floor":5.0,"gold_loss":0.0,"damage_taken":0.0,"cards_upgraded":["Spot Weakness"]},{"damage_healed":0.0,"max_hp_gain":0.0,"max_hp_loss":0.0,"gold_gain":0.0,"event_name":"The Mausoleum","player_choice":"Ignored","floor":20.0,"gold_loss":0.0,"damage_taken":0.0},{"damage_healed":0,"gold_gain":0,"player_choice":"Obtained Relic","damage_taken":0,"relics_obtained":["Vajra"],"max_hp_gain":0,"max_hp_loss":0,"event_name":"Addict","floor":30,"gold_loss":85}],"is_beta":false,"boss_relics":[{"not_picked":["Runic Dome","Busted Crown"],"picked":"SlaversCollar"}],"items_purged_floors":[3,19],"is_endless":false,"potions_floor_spawned":[4,8,10,16,18,24,31],"killed_by":"Collector","ascension_level":18}}