{"host":"gln8pem4hnwuntpa","time":1611699920,"event":{"mods":["BaseMod","Lobotomy","Minty Spire (QoL Compilation)","Quick Restart","Replay The Spire","StSLib"],"gold_per_floor":[110,125,400,414,11,39,51,51,51,126,143,16,16,27,27,126,126,143,343,268,168,179,179,179,179,179,45,70,70,30,0,0],"floor_reached":31,"language":"ZHS","playtime":1628,"items_purged":["Regret","HappyTeddy","Strike_B","Defend_B"],"score":314,"play_id":"e9ea66cd-85f1-43af-b10b-fc49179bb929","local_time":"20210127062520","is_ascension_mode":true,"campfire_choices":[{"data":"Chill","floor":8,"key":"SMITH"},{"floor":13,"key":"REST"},{"floor":15,"key":"RECALL"},{"data":"Hologram","floor":23,"key":"SMITH"},{"data":"Beam Cell","floor":25,"key":"SMITH"}],"circlet_count":0,"master_deck":["Strike_B","Strike_B+1","Strike_B+1","Defend_B","Defend_B+1","Defend_B","Zap","Dualcast+1","Conserve Battery","SingingMachine","Beam Cell+1","VoidDream","Chill+1","All For One","Gash","MHz","Freischutz","Steam","UniverseFragment","CurseOfTheBell","Gash","Go for the Eyes","Hologram+1","Voices","Gash","Gash"],"relics":["Cracked Core","CogitoBucket","Membership Card","Bottled Flame","Singing Bowl","AspirationHeart","Whetstone","Calling Bell","War Paint","Pantograph","WingedGreaves","Ring of Hypnosis","Ring of Panic","The Courier","Sling","Incense Burner","Kunai"],"acts_visited":["Exordium","TheCity"],"potions_floor_usage":[6,16],"damage_taken":[{"damage":1,"enemies":"Cultist","floor":1,"turns":3},{"damage":4,"enemies":"Jaw Worm","floor":2,"turns":2},{"damage":6,"enemies":"Small Slimes","floor":4,"turns":3},{"damage":14,"enemies":"3 Sentries","floor":6,"turns":6},{"damage":12,"enemies":"Exordium Wildlife","floor":7,"turns":3},{"damage":4,"enemies":"Blue Slaver","floor":11,"turns":5},{"damage":0,"enemies":"Red Slaver","floor":14,"turns":3},{"damage":47,"enemies":"Fading Forest","floor":16,"turns":11},{"damage":4,"enemies":"3 Byrds","floor":18,"turns":9},{"damage":6,"enemies":"Spheric Guardian","floor":22,"turns":4},{"damage":30,"enemies":"Gremlin Leader","floor":28,"turns":8},{"damage":51,"enemies":"Snecko","floor":31,"turns":3}],"seed_played":"-4991634069673297362","potions_obtained":[{"floor":4,"key":"Strength Potion"},{"floor":11,"key":"Elixir"},{"floor":14,"key":"Dexterity Potion"},{"floor":16,"key":"Energy Potion"},{"floor":22,"key":"BlessingOfTheForge"}],"is_trial":false,"path_per_floor":["M","M","?","M","$","E","M","R","T","?","M","$","R","M","R","B",null,"M","?","?","$","M","R","?","R","T","$","E","T","$","M"],"character_chosen":"DEFECT","items_purchased":["Membership Card","All For One","Gash","Bottled Flame","Whetstone","Go for the Eyes","Hologram","Sling","Gash","Gash"],"campfire_rested":1,"item_purchase_floors":[5,5,5,5,12,21,21,27,30,30],"current_hp_per_floor":[74,70,70,64,64,52,42,42,42,31,37,37,63,65,65,20,93,89,68,68,68,64,64,64,64,64,64,36,36,36,0,0],"gold":0,"neow_bonus":"","is_daily":false,"chose_seed":false,"campfire_upgraded":3,"win_rate":0.0,"timestamp":1611699920,"path_taken":["M","M","?","?","?","E","M","R","T","?","?","$","R","?","R","BOSS","M","?","?","?","?","R","?","R","T","$","E","?","$","M"],"items_purchased_type":["Relic","Card","Card","Relic","Relic","Card","Card","Relic","Card","Card"],"build_version":"2020-12-22","purchased_purges":4,"victory":false,"max_hp_per_floor":[75,75,75,75,75,77,79,79,79,79,89,89,89,91,91,93,93,93,95,95,95,97,97,97,97,97,97,99,99,99,99,99],"card_choices":[{"not_picked":["PunishingBird","HeroicMonk"],"picked":"HappyTeddy","floor":1},{"not_picked":["Stack","Genetic Algorithm"],"picked":"Conserve Battery","floor":1},{"not_picked":["OldLady","SpiderBud"],"picked":"SingingMachine","floor":2},{"not_picked":["Time Bomb","Redo"],"picked":"Beam Cell","floor":2},{"not_picked":["Murderer","Porccubus"],"picked":"VoidDream","floor":4},{"not_picked":["Recycle","Conserve Battery"],"picked":"Chill","floor":4},{"not_picked":["Reprogram","Ball Lightning","Rip and Tear"],"picked":"Singing Bowl","floor":6},{"not_picked":["FairyFestival","UniverseFragment"],"picked":"MHz","floor":6},{"not_picked":["Scorched","UniverseFragment"],"picked":"Freischutz","floor":7},{"not_picked":["Rip and Tear","Streamline","Compile Driver"],"picked":"Singing Bowl","floor":7},{"not_picked":["BigBird","HeroicMonk"],"picked":"BeautyBeast","floor":11},{"not_picked":["Conserve Battery","Chill"],"picked":"Steam","floor":11},{"not_picked":["Chaos","Cold Snap","Coolheaded"],"picked":"Singing Bowl","floor":14},{"not_picked":["Woodsman","ShyLook"],"picked":"UniverseFragment","floor":16},{"not_picked":["Thunder Strike","Multi-Cast","Electrodynamics"],"picked":"Singing Bowl","floor":16},{"not_picked":["Leap+1","Barrage"],"picked":"Gash","floor":18},{"not_picked":["Lockon","Rebound","Sunder"],"picked":"Singing Bowl","floor":19},{"not_picked":["Cold Snap","Darkness","Sweeping Beam"],"picked":"Singing Bowl","floor":22},{"not_picked":["Sweeping Beam","Cold Snap+1","ReplaySort"],"picked":"Singing Bowl","floor":28}],"player_experience":110138,"relics_obtained":[{"floor":6,"key":"Singing Bowl"},{"floor":17,"key":"War Paint"},{"floor":17,"key":"Pantograph"},{"floor":17,"key":"WingedGreaves"},{"floor":24,"key":"Ring of Hypnosis"},{"floor":24,"key":"Ring of Panic"},{"floor":26,"key":"The Courier"},{"floor":28,"key":"Incense Burner"},{"floor":29,"key":"Kunai"}],"event_choices":[{"damage_healed":0,"gold_gain":275,"player_choice":"Desecrate","damage_taken":0,"max_hp_gain":0,"max_hp_loss":0,"event_name":"Golden Shrine","floor":3,"gold_loss":0,"cards_obtained":["Regret"]},{"damage_healed":0,"gold_gain":75,"player_choice":"Gather Gold","damage_taken":11,"max_hp_gain":0,"max_hp_loss":0,"event_name":"World of Goop","floor":10,"gold_loss":0},{"cards_removed":["BeautyBeast"],"damage_healed":0,"gold_gain":0,"player_choice":"Gave Gold","damage_taken":0,"max_hp_gain":0,"max_hp_loss":0,"event_name":"Beggar","floor":20,"gold_loss":75}],"is_beta":false,"boss_relics":[{"not_picked":["Cursed Key","Philosopher\u0027s Stone"],"picked":"Calling Bell"}],"items_purged_floors":[5,12,21,27],"is_endless":false,"potions_floor_spawned":[4,11,14,16,22],"killed_by":"Snecko","ascension_level":1}}