{"host":"4u66lrbz4v7cei5p","time":1611691762,"event":{"mods":["BaseMod","Bestiary","Colored Map","Minty Spire (QoL Compilation)","StSLib"],"gold_per_floor":[14,114,131,150,168,168,203,203,203,228,245,258,258,258,258,362,362,379,392,406,83,83,114,129,164,164,199,226,226,64,64,64,162,162,180,180,194,48,61,61,74,296,296,296,26,38,52,69,69,69,69],"floor_reached":50,"language":"ENG","playtime":1210,"items_purged":["Shame"],"score":614,"play_id":"b054232e-bc55-4cbf-958a-158f2f0fc34a","local_time":"20210126120922","is_ascension_mode":false,"campfire_choices":[{"data":"Perfected Strike","floor":6,"key":"SMITH"},{"data":"Perfected Strike","floor":8,"key":"SMITH"},{"floor":15,"key":"REST"},{"floor":29,"key":"REST"},{"data":"Second Wind","floor":32,"key":"SMITH"},{"data":"Offering","floor":40,"key":"SMITH"},{"floor":49,"key":"REST"}],"circlet_count":0,"master_deck":["Strike_R+1","Strike_R+1","Strike_R+1","Strike_R+1","Strike_R+1","Defend_R+1","Bash+1","Infernal Blade+1","Second Wind+1","Perfected Strike+1","Perfected Strike+1","Headbutt+1","Cleave+1","Flex+1","Immolate+1","Thunderclap+1","Pommel Strike+1","Rampage+1","Pommel Strike+1","Fiend Fire+1","Flex+1","Immolate+1","Dramatic Entrance+1","Offering+1"],"relics":["Burning Blood","Molten Egg 2","Mercury Hourglass","Philosopher\u0027s Stone","HornCleat","Omamori","Pantograph","Bag of Marbles","Meat on the Bone","Red Mask","Whetstone","Velvet Choker","Art of War","Juzu Bracelet","Vajra","Potion Belt"],"acts_visited":["Exordium","TheCity","TheBeyond"],"potions_floor_usage":[7,10,11,24,33,50,50,50,50,50],"damage_taken":[{"damage":5,"enemies":"2 Louse","floor":1,"turns":3},{"damage":0,"enemies":"Cultist","floor":3,"turns":3},{"damage":13,"enemies":"Jaw Worm","floor":4,"turns":2},{"damage":15,"enemies":"Looter","floor":5,"turns":3},{"damage":18,"enemies":"Lagavulin","floor":7,"turns":3},{"damage":14,"enemies":"Gremlin Nob","floor":10,"turns":3},{"damage":0,"enemies":"Lots of Slimes","floor":11,"turns":1},{"damage":0,"enemies":"2 Fungi Beasts","floor":12,"turns":2},{"damage":0,"enemies":"Slime Boss","floor":16,"turns":6},{"damage":12,"enemies":"Chosen","floor":18,"turns":3},{"damage":10,"enemies":"3 Byrds","floor":19,"turns":2},{"damage":8,"enemies":"Cultist and Chosen","floor":20,"turns":2},{"damage":21,"enemies":"Book of Stabbing","floor":23,"turns":3},{"damage":16,"enemies":"Shelled Parasite and Fungi","floor":24,"turns":2},{"damage":0,"enemies":"Slavers","floor":25,"turns":1},{"damage":0,"enemies":"Masked Bandits","floor":27,"turns":1},{"damage":15,"enemies":"Gremlin Leader","floor":28,"turns":2},{"damage":75,"enemies":"Champ","floor":33,"turns":7},{"damage":18,"enemies":"3 Shapes","floor":35,"turns":2},{"damage":0,"enemies":"3 Darklings","floor":37,"turns":2},{"damage":0,"enemies":"Sphere and 2 Shapes","floor":39,"turns":2},{"damage":0,"enemies":"Transient","floor":41,"turns":5},{"damage":0,"enemies":"4 Shapes","floor":46,"turns":1},{"damage":3,"enemies":"Sphere and 2 Shapes","floor":47,"turns":1},{"damage":10,"enemies":"Writhing Mass","floor":48,"turns":3},{"damage":88,"enemies":"Time Eater","floor":50,"turns":6}],"seed_played":"8180843943469428033","potions_obtained":[{"floor":1,"key":"Explosive Potion"},{"floor":4,"key":"Fire Potion"},{"floor":5,"key":"Energy Potion"},{"floor":7,"key":"SkillPotion"},{"floor":18,"key":"LiquidMemories"},{"floor":27,"key":"Ancient Potion"},{"floor":28,"key":"Strength Potion"},{"floor":33,"key":"PowerPotion"},{"floor":37,"key":"EssenceOfSteel"},{"floor":46,"key":"Swift Potion"}],"is_trial":false,"path_per_floor":["M","?","M","M","M","R","E","R","T","E","M","M","?","?","R","B",null,"M","M","M","$","?","E","M","E","T","?","E","R","$","?","R","B",null,"M","?","M","$","M","R","M","?","T","?","$","M","M","M","R","B"],"character_chosen":"IRONCLAD","items_purchased":["HornCleat","Rampage+1","Pommel Strike+1","Dramatic Entrance+1","Juzu Bracelet","Potion Belt","DuplicationPotion","SteroidPotion"],"campfire_rested":3,"item_purchase_floors":[21,21,21,30,38,45,45,45],"current_hp_per_floor":[80,80,80,73,64,64,52,52,52,44,50,56,40,40,64,70,80,74,70,68,68,68,53,43,49,49,55,58,80,80,80,80,23,80,68,68,74,74,80,80,80,80,80,80,80,80,80,76,80,0,0],"gold":69,"neow_bonus":"TRANSFORM_TWO_CARDS","is_daily":false,"chose_seed":false,"campfire_upgraded":4,"win_rate":0.0,"timestamp":1611691762,"path_taken":["M","?","?","M","M","R","E","R","T","E","M","M","?","?","R","BOSS","M","?","M","$","?","E","M","E","T","?","E","R","$","?","R","BOSS","M","?","M","$","M","R","M","?","T","?","$","M","M","M","R","BOSS"],"items_purchased_type":["Relic","Card","Card","Card","Relic","Relic","Potion","Potion"],"build_version":"2020-12-22","purchased_purges":1,"victory":false,"max_hp_per_floor":[80,80,80,80,80,80,80,80,80,80,80,80,80,80,80,80,80,80,80,80,80,80,80,80,80,80,80,80,80,80,80,80,80,80,80,80,80,80,80,80,80,80,80,80,80,80,80,80,80,80,80],"card_choices":[{"not_picked":["Battle Trance","Warcry","Sword Boomerang"],"picked":"SKIP","floor":1},{"not_picked":["Blood for Blood","Heavy Blade"],"picked":"Perfected Strike","floor":3},{"not_picked":["Reckless Charge","Clothesline"],"picked":"Perfected Strike","floor":4},{"not_picked":["Iron Wave","Heavy Blade","Sever Soul"],"picked":"SKIP","floor":5},{"not_picked":["Ghostly Armor","Heavy Blade+1"],"picked":"Headbutt+1","floor":7},{"not_picked":["Headbutt+1","Anger+1"],"picked":"Cleave+1","floor":10},{"not_picked":["Cleave+1","Corruption"],"picked":"Flex","floor":11},{"not_picked":["Flex","Headbutt+1","Body Slam+1"],"picked":"SKIP","floor":12},{"not_picked":["Fiend Fire+1","Feed+1"],"picked":"Immolate+1","floor":16},{"not_picked":["Flame Barrier+1","Clash+1","Clothesline+1"],"picked":"SKIP","floor":18},{"not_picked":["Second Wind","Havoc"],"picked":"Thunderclap+1","floor":19},{"not_picked":["Cleave+1","Twin Strike+1"],"picked":"Pommel Strike+1","floor":20},{"not_picked":["Warcry","Clothesline+1"],"picked":"Fiend Fire+1","floor":23},{"not_picked":["Body Slam+1","Intimidate"],"picked":"Flex+1","floor":24},{"not_picked":["Shrug It Off","Heavy Blade+1","Disarm"],"picked":"SKIP","floor":25},{"not_picked":["Rampage+1","Armaments"],"picked":"Immolate+1","floor":28},{"not_picked":["Juggernaut","Exhume"],"picked":"Offering","floor":33},{"not_picked":["Hemokinesis+1","Thunderclap+1","Shrug It Off"],"picked":"SKIP","floor":35},{"not_picked":["Twin Strike+1","Armaments","Iron Wave+1"],"picked":"SKIP","floor":37},{"not_picked":["Carnage+1","Rampage+1","Body Slam+1"],"picked":"SKIP","floor":39},{"not_picked":["Second Wind","Inflame+1","Bloodletting"],"picked":"SKIP","floor":41},{"not_picked":["Heavy Blade+1","Power Through","Anger+1"],"picked":"SKIP","floor":46},{"not_picked":["Body Slam+1","Infernal Blade+1","Burning Pact+1"],"picked":"SKIP","floor":47},{"not_picked":["Inflame+1","Entrench+1","Barricade"],"picked":"SKIP","floor":48}],"player_experience":82709,"relics_obtained":[{"floor":7,"key":"Molten Egg 2"},{"floor":9,"key":"Mercury Hourglass"},{"floor":23,"key":"Pantograph"},{"floor":25,"key":"Bag of Marbles"},{"floor":26,"key":"Meat on the Bone"},{"floor":27,"key":"Red Mask"},{"floor":28,"key":"Whetstone"},{"floor":43,"key":"Vajra"}],"event_choices":[{"damage_healed":0,"gold_gain":100,"player_choice":"Pray","damage_taken":0,"max_hp_gain":0,"max_hp_loss":0,"event_name":"Golden Shrine","floor":2,"gold_loss":0},{"damage_healed":0,"gold_gain":0,"player_choice":"Entered Light","damage_taken":16,"max_hp_gain":0,"max_hp_loss":0,"event_name":"Shining Light","floor":13,"gold_loss":0,"cards_upgraded":["Flex","Bash"]},{"damage_healed":0,"gold_gain":0,"player_choice":"Upgraded","damage_taken":0,"max_hp_gain":0,"max_hp_loss":0,"event_name":"Upgrade Shrine","floor":14,"gold_loss":0,"cards_upgraded":["Infernal Blade"]},{"damage_healed":0,"gold_gain":0,"player_choice":"Stole Relic","damage_taken":0,"relics_obtained":["Omamori"],"max_hp_gain":0,"max_hp_loss":0,"event_name":"Addict","floor":22,"gold_loss":0,"cards_obtained":["Shame"]},{"damage_healed":0,"gold_gain":0,"player_choice":"Fought Bandits","damage_taken":0,"max_hp_gain":0,"max_hp_loss":0,"event_name":"Masked Bandits","floor":27,"gold_loss":0},{"damage_healed":0,"gold_gain":0,"player_choice":"Simplicity","damage_taken":0,"max_hp_gain":0,"max_hp_loss":0,"event_name":"Back to Basics","floor":31,"gold_loss":0,"cards_upgraded":["Strike_R","Strike_R","Strike_R","Defend_R","Defend_R"]},{"damage_healed":0,"gold_gain":0,"player_choice":"Gave Potion","damage_taken":0,"relics_obtained":["Art of War"],"max_hp_gain":0,"max_hp_loss":0,"event_name":"WeMeetAgain","floor":36,"gold_loss":0},{"damage_healed":0,"gold_gain":222,"player_choice":"Wore Mask","damage_taken":0,"max_hp_gain":0,"max_hp_loss":0,"event_name":"Tomb of Lord Red Mask","floor":42,"gold_loss":0},{"cards_removed":["Defend_R"],"damage_healed":0,"gold_gain":0,"player_choice":"Removed Skill","damage_taken":0,"max_hp_gain":0,"max_hp_loss":0,"event_name":"Falling","floor":44,"gold_loss":0}],"is_beta":false,"boss_relics":[{"not_picked":["Tiny House","Cursed Key"],"picked":"Philosopher\u0027s Stone"},{"not_picked":["Sozu","Runic Pyramid"],"picked":"Velvet Choker"}],"items_purged_floors":[30],"is_endless":false,"potions_floor_spawned":[1,4,5,7,18,27,28,33,37,46,48],"killed_by":"Time Eater","ascension_level":0}}