{"host":"vyjryxuuuxkt43k4","time":1611673622,"event":{"mods":["AchievementEnabler","BaseMod","Colored Map","DeckTracker","Keyboard Shortcuts","Minty Spire (QoL Compilation)","Permanent Neow","Quick Restart","Rare Cards Sparkle","StSLib","SuperFastMode","everything is the same but u backflip on backflip"],"gold_per_floor":[19,38,38,113,38,38,64,11,36,36,36,49,49,69,69,143,143,161,211,211,225,63,63,97,97,97,124,140,159,159,179,179,253,253,265,53,68,83,0,0,26,26,26,26,26,46,81,81,81,81,81],"floor_reached":50,"language":"KOR","playtime":2579,"items_purged":[],"score":1422,"play_id":"3d8b1c6a-ce50-4206-9b62-af47d10068c5","local_time":"20210127000702","is_ascension_mode":true,"campfire_choices":[{"data":"Searing Blow+1","floor":6.0,"key":"SMITH"},{"data":"Corruption","floor":10.0,"key":"SMITH"},{"data":"Body Slam","floor":13.0,"key":"SMITH"},{"data":"Searing Blow+2","floor":15.0,"key":"SMITH"},{"data":"Searing Blow+3","floor":23.0,"key":"SMITH"},{"floor":25.0,"key":"REST"},{"data":"Ghostly","floor":32.0,"key":"SMITH"},{"data":"Ghostly","floor":40.0,"key":"SMITH"},{"data":"Ghostly","floor":42.0,"key":"SMITH"},{"floor":44.0,"key":"RECALL"},{"data":"Disarm","floor":49,"key":"SMITH"}],"circlet_count":0,"master_deck":["AscendersBane","Strike_R","Strike_R","Defend_R","Defend_R","Defend_R","Defend_R","Bash","Corruption+1","Evolve+1","Pummel","Searing Blow+4","Body Slam+1","Limit Break","Shockwave","Havoc","Shrug It Off","Impervious","Disarm+1","Shrug It Off","Immolate","Ghostly Armor","Dual Wield","Ghostly+1","Ghostly+1","Ghostly+1","Exhume","Dark Embrace","Entrench","Barricade","Corruption+1"],"relics":["Burning Blood","Dead Branch","MealTicket","SlaversCollar","Orrery","Dream Catcher","Anchor","Cursed Key","Bag of Preparation","Red Mask","Meat on the Bone"],"acts_visited":["Exordium","TheCity","TheBeyond"],"potions_floor_usage":[50],"damage_taken":[{"damage":14.0,"enemies":"Jaw Worm","floor":1.0,"turns":6.0},{"damage":9.0,"enemies":"2 Louse","floor":2.0,"turns":2.0},{"damage":31.0,"enemies":"Gremlin Nob","floor":7.0,"turns":4.0},{"damage":7.0,"enemies":"Small Slimes","floor":12.0,"turns":4.0},{"damage":0.0,"enemies":"Blue Slaver","floor":14.0,"turns":2.0},{"damage":6.0,"enemies":"Slime Boss","floor":16.0,"turns":3.0},{"damage":22.0,"enemies":"Spheric Guardian","floor":18.0,"turns":5.0},{"damage":25.0,"enemies":"Shell Parasite","floor":21.0,"turns":3.0},{"damage":27.0,"enemies":"Slavers","floor":24.0,"turns":5.0},{"damage":6.0,"enemies":"Gremlin Leader","floor":27.0,"turns":2.0},{"damage":9.0,"enemies":"3 Cultists","floor":28.0,"turns":2.0},{"damage":36.0,"enemies":"Cultist and Chosen","floor":29.0,"turns":4.0},{"damage":0.0,"enemies":"Snake Plant","floor":31.0,"turns":2.0},{"damage":18.0,"enemies":"Collector","floor":33.0,"turns":6.0},{"damage":12.0,"enemies":"3 Shapes","floor":35.0,"turns":5.0},{"damage":11.0,"enemies":"3 Darklings","floor":37.0,"turns":5.0},{"damage":0.0,"enemies":"4 Shapes","floor":38.0,"turns":3.0},{"damage":0.0,"enemies":"Nemesis","floor":41.0,"turns":5.0},{"damage":44,"enemies":"Transient","floor":46,"turns":6},{"damage":0,"enemies":"Giant Head","floor":47,"turns":4},{"damage":53,"enemies":"Awakened One","floor":50,"turns":10}],"seed_played":"741709682809236454","potions_obtained":[{"floor":1.0,"key":"AttackPotion"},{"floor":2.0,"key":"SkillPotion"},{"floor":7.0,"key":"Dexterity Potion"},{"floor":16.0,"key":"BlessingOfTheForge"},{"floor":27.0,"key":"Weak Potion"},{"floor":28.0,"key":"SpeedPotion"},{"floor":41.0,"key":"Block Potion"},{"floor":46,"key":"GamblersBrew"},{"floor":47,"key":"LiquidMemories"}],"is_trial":false,"path_per_floor":["M","M","?","?","?","R","E","$","T","R","$","M","R","M","R","B",null,"M","?","?","M","$","R","E","R","T","E","M","M","?","M","R","B",null,"M","$","M","M","?","R","E","R","T","R","?","M","E","?","R","B"],"character_chosen":"IRONCLAD","items_purchased":["Energy Potion","Orrery","Bag of Preparation","Dark Embrace"],"campfire_rested":1,"item_purchase_floors":[8,22,36,36],"current_hp_per_floor":[60,57,57,46,46,46,21,21,21,21,36,35,35,41,41,41,67,51,51,51,32,47,47,26,48,48,48,45,15,15,21,21,9,30,24,37,32,37,37,37,37,37,37,37,47,21,39,39,39,0,0],"gold":81,"neow_bonus":"TRANSFORM_TWO_CARDS","is_daily":false,"chose_seed":false,"campfire_upgraded":9,"win_rate":0.0,"timestamp":1611673622,"path_taken":["M","M","?","?","?","R","E","?","T","R","$","M","R","M","R","BOSS","M","?","?","M","$","R","E","R","T","E","M","?","?","M","R","BOSS","M","$","M","M","?","R","E","R","T","R","?","?","E","?","R","BOSS"],"items_purchased_type":["Potion","Relic","Relic","Card"],"build_version":"2020-12-22","purchased_purges":0,"victory":false,"max_hp_per_floor":[75,75,75,75,75,75,75,75,75,75,75,75,75,75,75,75,75,75,75,75,75,75,75,75,75,75,75,75,75,37,37,37,37,37,37,37,37,37,37,37,37,37,37,37,47,47,47,47,47,47,47],"card_choices":[{"not_picked":["Anger","Armaments"],"picked":"Pummel","floor":1.0},{"not_picked":["Iron Wave","Combust"],"picked":"Searing Blow","floor":2.0},{"not_picked":["Flex","Cleave","Hemokinesis"],"picked":"SKIP","floor":7.0},{"not_picked":["Flex","Cleave","Hemokinesis"],"picked":"SKIP","floor":7.0},{"not_picked":["Flex","Cleave","Hemokinesis"],"picked":"SKIP","floor":7.0},{"not_picked":["Twin Strike","Anger"],"picked":"Body Slam","floor":12.0},{"not_picked":["Sever Soul","Hemokinesis","Clothesline"],"picked":"SKIP","floor":14.0},{"not_picked":["Bludgeon","Corruption"],"picked":"Limit Break","floor":16.0},{"not_picked":["Blood for Blood+1","Inflame"],"picked":"Shockwave","floor":18.0},{"not_picked":["Headbutt","Uppercut+1"],"picked":"Havoc","floor":21.0},{"not_picked":["Clash","Bludgeon"],"picked":"Shrug It Off","floor":22.0},{"not_picked":["Thunderclap","Body Slam"],"picked":"Impervious","floor":22.0},{"not_picked":["Shrug It Off","Clash"],"picked":"Disarm","floor":22.0},{"not_picked":["Armaments","Twin Strike"],"picked":"Shrug It Off","floor":22.0},{"not_picked":["Heavy Blade","Anger"],"picked":"Immolate","floor":22.0},{"not_picked":["Flex","Rage"],"picked":"Double Tap","floor":24.0},{"not_picked":["Armaments","Heavy Blade"],"picked":"Ghostly Armor","floor":27.0},{"not_picked":["Clothesline","Spot Weakness"],"picked":"Dual Wield","floor":28.0},{"not_picked":["Rage","Double Tap","Rupture"],"picked":"SKIP","floor":29.0},{"not_picked":["Rampage","Sword Boomerang","Twin Strike"],"picked":"SKIP","floor":31.0},{"not_picked":["Double Tap","Brutality"],"picked":"Exhume","floor":33.0},{"not_picked":["Uppercut+1","Cleave","Shrug It Off"],"picked":"SKIP","floor":35.0},{"not_picked":["Headbutt","Pommel Strike","Havoc"],"picked":"SKIP","floor":37.0},{"not_picked":["Heavy Blade+1","Iron Wave","Armaments"],"picked":"SKIP","floor":38.0},{"not_picked":["Heavy Blade+1","Iron Wave","Armaments"],"picked":"SKIP","floor":38.0},{"not_picked":["Anger+1","Hemokinesis+1"],"picked":"Entrench","floor":41.0},{"not_picked":["Pommel Strike+1","Perfected Strike+1","Heavy Blade"],"picked":"SKIP","floor":46},{"not_picked":["Disarm","Clothesline"],"picked":"Barricade","floor":47}],"player_experience":380986,"relics_obtained":[{"floor":7.0,"key":"Dead Branch"},{"floor":9.0,"key":"MealTicket"},{"floor":24.0,"key":"Dream Catcher"},{"floor":27.0,"key":"Anchor"},{"floor":41.0,"key":"Meat on the Bone"}],"event_choices":[{"damage_healed":0.0,"max_hp_gain":0.0,"max_hp_loss":0.0,"gold_gain":0.0,"event_name":"Living Wall","player_choice":"Grow","floor":3.0,"gold_loss":0.0,"damage_taken":0.0,"cards_upgraded":["Searing Blow"]},{"damage_healed":0.0,"max_hp_gain":0.0,"max_hp_loss":0.0,"gold_gain":75.0,"event_name":"World of Goop","player_choice":"Gather Gold","floor":4.0,"gold_loss":0.0,"damage_taken":11.0},{"cards_removed":["Strike_R"],"damage_healed":0.0,"max_hp_gain":0.0,"max_hp_loss":0.0,"gold_gain":0.0,"event_name":"The Cleric","player_choice":"Card Removal","floor":5.0,"gold_loss":75.0,"damage_taken":0.0},{"damage_healed":0.0,"max_hp_gain":0.0,"max_hp_loss":0.0,"gold_gain":50.0,"event_name":"Nest","player_choice":"Stole From Cult","floor":19.0,"gold_loss":0.0,"damage_taken":0.0},{"damage_healed":0.0,"max_hp_gain":0.0,"max_hp_loss":0.0,"gold_gain":0.0,"event_name":"Upgrade Shrine","player_choice":"Upgraded","floor":20.0,"gold_loss":0.0,"damage_taken":0.0,"cards_upgraded":["Evolve"]},{"damage_healed":0.0,"max_hp_gain":0.0,"max_hp_loss":38.0,"gold_gain":0.0,"event_name":"Ghosts","player_choice":"Became a Ghost","floor":30.0,"gold_loss":0.0,"damage_taken":0.0,"cards_obtained":["Ghostly","Ghostly","Ghostly"]},{"damage_healed":0.0,"max_hp_gain":0.0,"max_hp_loss":0.0,"gold_gain":0.0,"event_name":"Tomb of Lord Red Mask","player_choice":"Paid","floor":39.0,"gold_loss":83.0,"damage_taken":0.0,"relics_obtained":["Red Mask"]},{"cards_removed":["Double Tap"],"damage_healed":0.0,"max_hp_gain":10.0,"max_hp_loss":0.0,"gold_gain":0.0,"event_name":"Bonfire Elementals","player_choice":"Offered Rare","floor":45.0,"gold_loss":0.0,"damage_taken":0.0},{"damage_healed":0,"gold_gain":0,"player_choice":"Copied","damage_taken":0,"max_hp_gain":0,"max_hp_loss":0,"event_name":"Duplicator","floor":48,"gold_loss":0,"cards_obtained":["Corruption"]}],"is_beta":false,"boss_relics":[{"not_picked":["Velvet Choker","Sozu"],"picked":"SlaversCollar"},{"not_picked":["Busted Crown","Runic Dome"],"picked":"Cursed Key"}],"items_purged_floors":[],"is_endless":false,"potions_floor_spawned":[1,2,7,16,27,28,38,41,46,47],"killed_by":"Awakened One","ascension_level":20}}