{"host":"r53pw7z744tg3fxg","time":1611687161,"event":{"mods":["AchievementEnabler","BaseMod","Colored Map","Colored Powertips","Highlight Path","Minty Spire (QoL Compilation)","Quick Restart","Transform Curses"],"gold_per_floor":[111,56,21,38,56,88,105,105,105,105,105],"floor_reached":10,"language":"ENG","playtime":370,"items_purged":[],"score":126,"play_id":"a562b692-4d56-48bd-a1db-dcd2e696fef4","local_time":"20210126115241","is_ascension_mode":true,"campfire_choices":[{"floor":8,"key":"REST"}],"circlet_count":0,"master_deck":["AscendersBane","Strike_P","Strike_P","Strike_P","Strike_P","Defend_P","Defend_P","Defend_P","Defend_P","Eruption","Vigilance","InnerPeace","EmptyBody","Pray","Evaluate","Halt","Brilliance"],"relics":["PureWater","Sundial","Unceasing Top"],"acts_visited":["Exordium"],"potions_floor_usage":[6],"damage_taken":[{"damage":20,"enemies":"Small Slimes","floor":1,"turns":6},{"damage":8,"enemies":"2 Louse","floor":4,"turns":4},{"damage":0,"enemies":"Cultist","floor":5,"turns":3},{"damage":49,"enemies":"Lagavulin","floor":6,"turns":11},{"damage":1,"enemies":"Looter","floor":7,"turns":5},{"damage":57,"enemies":"Gremlin Nob","floor":10,"turns":3}],"seed_played":"-7032402878120303871","potions_obtained":[{"floor":1,"key":"Fire Potion"},{"floor":7,"key":"SpeedPotion"}],"is_trial":false,"path_per_floor":["M","$","?","M","M","E","M","R","T","E"],"character_chosen":"WATCHER","items_purchased":["EmptyBody"],"campfire_rested":1,"item_purchase_floors":[2],"current_hp_per_floor":[47,47,65,57,57,8,7,29,29,0,0],"gold":105,"neow_bonus":"TEN_PERCENT_HP_BONUS","is_daily":false,"chose_seed":false,"campfire_upgraded":0,"win_rate":0.0,"timestamp":1611687161,"path_taken":["M","$","?","M","M","E","M","R","T","E"],"items_purchased_type":["Card"],"build_version":"2020-12-22","purchased_purges":0,"victory":false,"max_hp_per_floor":[74,74,74,74,74,74,74,74,74,74,74],"card_choices":[{"not_picked":["ThirdEye","Wireheading"],"picked":"InnerPeace","floor":1},{"not_picked":["SashWhip","SignatureMove"],"picked":"Pray","floor":4},{"not_picked":["Crescendo","JustLucky"],"picked":"Evaluate","floor":5},{"not_picked":["Protect","FlyingSleeves"],"picked":"Halt","floor":6},{"not_picked":["ForeignInfluence","DeceiveReality"],"picked":"Brilliance","floor":7}],"player_experience":1365498,"relics_obtained":[{"floor":6,"key":"Sundial"},{"floor":9,"key":"Unceasing Top"}],"event_choices":[{"damage_healed":18,"gold_gain":0,"player_choice":"Healed","damage_taken":0,"max_hp_gain":0,"max_hp_loss":0,"event_name":"The Cleric","floor":3,"gold_loss":35}],"is_beta":false,"boss_relics":[],"items_purged_floors":[],"is_endless":false,"potions_floor_spawned":[1,7],"killed_by":"Gremlin Nob","ascension_level":17}}