{"host":"pgm1p3lvdjflie30","time":1611643835,"event":{"mods":["100% Spire Juice","AchievementEnabler","Act Like it!","Bard","BaseMod","Block Reminder","Colored Map","Colored Powertips","Conspire","Downfall","Energized Spire","Gremlin Mod","GungeonMod","Hermit","HornydragonMod","Minty Spire (QoL Compilation)","Nova Terra(?娃·泰拉)","Quarter Circle Forward PUNCH!","Reimu（博???）","Robot Space Explorer","SOS（斯巴?之子）","StSLib","The Bug Knight","The Dragon Tamer","The Gatherer","The Hierophant","The IronCluck","The Mystic","The Runesmith","The Saiyan","The Senshi","The Servant 0.9.4","TheHeartMod","Waifu the Spire","【功能Mod】混沌之?修复?丁","【?物卡牌】REMEMod"],"gold_per_floor":[113,125,134,134,159,159,197,216,242,267,290,14,14,14,14,127,127,352,574,82,127,336,336,558,786,837,837,1061,220,220,455,455,455,455],"floor_reached":33,"language":"ZHS","playtime":1377,"items_purged":["conspire:NecroticWound","Poor:ReiMu"],"score":465,"play_id":"df6b3e3f-f734-4a4c-b2d3-638424c4c5d6","local_time":"20210126145035","is_ascension_mode":false,"campfire_choices":[{"floor":6,"key":"RECALL"},{"data":"hermit:BigShot","floor":13,"key":"SMITH"},{"data":"hermit:Showdown","floor":15,"key":"SMITH"},{"data":"hermit:ShadowCloak","floor":23,"key":"SMITH"},{"data":"hermit:Magnum","floor":27,"key":"SMITH"},{"floor":32,"key":"REST"}],"circlet_count":0,"master_deck":["hermit:Strike_Hermit","hermit:Strike_Hermit","hermit:Strike_Hermit","hermit:Strike_Hermit+1","hermit:Defend_Hermit","hermit:Defend_Hermit","hermit:Defend_Hermit","hermit:Defend_Hermit","hermit:Snapshot","hermit:Covet+1","Brilliance","hermit:Enervate","hermit:WideOpen","Regret","hermit:BigShot+1","hermit:Showdown+1","hermit:Malice","hermit:ShadowCloak+1","hermit:Magnum+1","downfall:Bewildered","downfall:Aged","Ghostly","Ghostly","Ghostly","Ghostly","Ghostly","Decay","Normality","Flag","downfall:Haunted"],"relics":["hermit:Momento","REME_ComplimentaryCards","DemoMod:PartiallyEatenCheese","CeramicFish","Incense Burner","Juzu Bracelet","Orichalcum","REME_DemonsWealth","conspire:DeflatedDodgeball","REME_HourglassOfDeath","PreservedInsect","Boot","Mercury Hourglass","conspire:TreasureMap","Enchiridion","Vajra"],"acts_visited":["Exordium","TheCity"],"potions_floor_usage":[11,16,18,25,33],"damage_taken":[{"damage":1,"enemies":"Jaw Worm","floor":1,"turns":3},{"damage":0,"enemies":"Cultist","floor":2,"turns":3},{"damage":0,"enemies":"Lagavulin","floor":7,"turns":2},{"damage":0,"enemies":"2 Louse","floor":8,"turns":3},{"damage":3,"enemies":"Blue Slaver","floor":10,"turns":3},{"damage":9,"enemies":"3 Louse","floor":11,"turns":3},{"damage":24,"enemies":"Slime Boss","floor":16,"turns":8},{"damage":28,"enemies":"Shell Parasite","floor":18,"turns":6},{"damage":10,"enemies":"Chosen","floor":19,"turns":5},{"damage":5,"enemies":"Snecko","floor":24,"turns":7},{"damage":0,"enemies":"conspire:HollyBat","floor":25,"turns":10},{"damage":8,"enemies":"Shelled Parasite and Fungi","floor":28,"turns":8},{"damage":0,"enemies":"REME_1_Revenger","floor":31,"turns":1},{"damage":20,"enemies":"Champ","floor":33,"turns":10}],"seed_played":"-257441133622726928","potions_obtained":[{"floor":1,"key":"BlessingOfTheForge"},{"floor":2,"key":"ZuzhouPotion:ReiMu"},{"floor":11,"key":"SteroidPotion"},{"floor":19,"key":"SpeedPotion"},{"floor":24,"key":"SkillPotion"},{"floor":25,"key":"SpeedPotion"}],"is_trial":false,"path_per_floor":["M","M","?","?","T","R","E","M","T","M","M","$","R","$","R","B",null,"M","M","$","?","?","R","M","M","T","R","M","$","?","E","R","B"],"character_chosen":"HERMIT","items_purchased":["Orichalcum","Fire Potion","conspire:DeflatedDodgeball","REME_HourglassOfDeath","Boot","Mercury Hourglass","conspire:TreasureMap","SteroidPotion","DemoMod:BlankPotion","PowerPotion"],"campfire_rested":1,"item_purchase_floors":[12,12,20,20,29,29,29,29,29,29],"current_hp_per_floor":[74,74,74,59,59,59,59,59,59,56,47,47,47,47,47,23,75,47,37,37,37,37,37,32,32,32,32,24,24,8,8,19,0,0],"gold":455,"neow_bonus":"ONE_RARE_RELIC","is_daily":false,"chose_seed":false,"campfire_upgraded":4,"win_rate":0.0,"timestamp":1611643835,"path_taken":["M","M","?","?","?","R","E","?","T","M","M","?","R","$","R","BOSS","M","M","$","?","?","R","M","M","T","R","M","$","?","E","R","BOSS"],"items_purchased_type":["Relic","Potion","Relic","Relic","Relic","Relic","Relic","Potion","Undefined","Potion"],"build_version":"2020-12-22","purchased_purges":2,"victory":false,"max_hp_per_floor":[75,75,75,75,75,75,75,75,75,75,75,75,75,75,75,75,75,75,75,75,37,37,37,37,37,37,37,37,37,37,37,37,37,37],"card_choices":[{"not_picked":["hermit:BodyArmor","hermit:Feint"],"picked":"hermit:Enervate","floor":1},{"not_picked":["hermit:TakeAim","hermit:Coalescence"],"picked":"hermit:WideOpen","floor":2},{"not_picked":["hermit:ItchyTrigger","hermit:Desperado"],"picked":"hermit:BigShot","floor":7},{"not_picked":["hermit:Maintenance","hermit:TakeCover"],"picked":"hermit:Showdown","floor":8},{"not_picked":["hermit:Deadeye","hermit:BigShot"],"picked":"hermit:Malice","floor":10},{"not_picked":["hermit:Magnum","hermit:Horror"],"picked":"hermit:ShadowCloak","floor":11},{"not_picked":["hermit:FromBeyond","hermit:Gambit"],"picked":"hermit:Magnum","floor":16},{"not_picked":["hermit:EyeOfTheStorm+1","hermit:Misfire+1","hermit:Midnight+1"],"picked":"downfall:Bewildered","floor":18},{"not_picked":["hermit:ItchyTrigger","hermit:Cheat","hermit:LoneWolf+1"],"picked":"downfall:Aged","floor":19},{"not_picked":["hermit:WideOpen","hermit:CalledShot","hermit:ItchyTrigger+1"],"picked":"Normality","floor":24},{"not_picked":["hermit:Spite+1","hermit:Glare","hermit:Vantage"],"picked":"Poor:ReiMu","floor":25},{"not_picked":["hermit:LuckOfTheDraw","hermit:Virtue","hermit:CalledShot"],"picked":"Flag","floor":28},{"not_picked":["hermit:Manifest","hermit:Dissolve","hermit:Coalescence+1"],"picked":"downfall:Haunted","floor":31}],"player_experience":327830,"relics_obtained":[{"floor":7,"key":"Incense Burner"},{"floor":9,"key":"Juzu Bracelet"},{"floor":26,"key":"PreservedInsect"},{"floor":30,"key":"Enchiridion"},{"floor":31,"key":"Vajra"}],"event_choices":[{"damage_healed":0,"gold_gain":0,"player_choice":"Box","damage_taken":0,"relics_obtained":["CeramicFish"],"max_hp_gain":0,"max_hp_loss":0,"event_name":"Big Fish","floor":3,"gold_loss":0,"cards_obtained":["Regret"]},{"damage_healed":0,"gold_gain":0,"player_choice":"Entered Light","damage_taken":15,"max_hp_gain":0,"max_hp_loss":0,"event_name":"Shining Light","floor":4,"gold_loss":0,"cards_upgraded":["hermit:Strike_Hermit","hermit:Covet"]},{"damage_healed":0,"gold_gain":0,"player_choice":"Became a Ghost","damage_taken":0,"max_hp_gain":0,"max_hp_loss":38,"event_name":"Ghosts","floor":21,"gold_loss":0,"cards_obtained":["Ghostly","Ghostly","Ghostly","Ghostly","Ghostly"]},{"damage_healed":0,"gold_gain":0,"player_choice":"Smashed Altar","damage_taken":0,"max_hp_gain":0,"max_hp_loss":0,"event_name":"Forgotten Altar","floor":22,"gold_loss":0,"cards_obtained":["Decay"]},{"damage_healed":0,"gold_gain":0,"player_choice":"Obtained Book","damage_taken":16,"max_hp_gain":0,"max_hp_loss":0,"event_name":"Cursed Tome","floor":30,"gold_loss":0}],"is_beta":false,"boss_relics":[{"not_picked":["Empty Cage","REME_DuelDisc"],"picked":"REME_DemonsWealth"}],"items_purged_floors":[12,29],"is_endless":false,"potions_floor_spawned":[1,2,11,19,24,25],"killed_by":"Champ","ascension_level":0}}