{"host":"6q94iy5iz6612v89","time":1611670983,"event":{"mods":["2.2 Compatiblity","AchievementEnabler","BaseMod","Colored Map","DeckTracker","Keyboard Shortcuts","Marisa£¨Ùöéë¡¡Øª×âÞÞ£©","Minty Spire (QoL Compilation)","Permanent Neow","StSLib","SuperFastMode"],"gold_per_floor":[362,375,154,168,186,186,186,221,248,248,267,294,46,59,59,160,160,178,198,73,73,85,85,85,113,113,113,138,138,138,173,173,278,278,289,300,300,7,19,45,45,45,45,45,62,113,113,113,113,113,113,113,13,40,40,40],"floor_reached":55,"language":"KOR","playtime":1723,"items_purged":["Strike_MRS","Strike_MRS","Strike_MRS","UpSweep"],"score":1086,"play_id":"3c98f20f-486f-4119-b46e-a6f86e8e962b","local_time":"20210126232303","is_ascension_mode":true,"campfire_choices":[{"data":"PowerUp","floor":6.0,"key":"SMITH"},{"data":"StarBarrage","floor":10.0,"key":"SMITH"},{"data":"MagicChant","floor":15.0,"key":"SMITH"},{"data":"OortCloud","floor":23.0,"key":"SMITH"},{"data":"EarthLightRay","floor":27,"key":"SMITH"},{"floor":30,"key":"RECALL"},{"data":"UnstableBomb","floor":32,"key":"SMITH"},{"data":"AsteroidBelt","floor":41,"key":"SMITH"},{"data":"MilkyWay","floor":47,"key":"SMITH"},{"data":"OrrerysSun","floor":49,"key":"SMITH"},{"data":"MagicAbsorber","floor":52,"key":"SMITH"}],"circlet_count":0,"master_deck":["Defend_MRS","Defend_MRS","Defend_MRS","Defend_MRS","StarBarrage+1","PowerUp+1","UnstableBomb+1","MagicChant+1","OortCloud+1","ChargingUp","GalacticHalo+1","EarthLightRay+1","PowerUp+1","OrrerysSun+1","AsteroidBelt+1","Orbital","MagicAbsorber+1","MilkyWay+1","Writhe","NonDirectionalLaser+1"],"relics":["MiniHakkero","Oddly Smooth Stone","Toy Ornithopter","Art of War","Bag of Preparation","Vajra","SacredBark","Mummified Hand","Letter Opener","Bag of Marbles","Matryoshka","Coffee Dripper","Medical Kit","Juzu Bracelet","Centennial Puzzle","Mango","Pear"],"acts_visited":["Exordium","TheCity","TheBeyond","TheEnding"],"potions_floor_usage":[25,25,28,31,46,50,54,54,55],"damage_taken":[{"damage":2.0,"enemies":"Jaw Worm","floor":1.0,"turns":3.0},{"damage":1.0,"enemies":"Cultist","floor":2.0,"turns":3.0},{"damage":2.0,"enemies":"Small Slimes","floor":4.0,"turns":3.0},{"damage":5.0,"enemies":"Looter","floor":5.0,"turns":3.0},{"damage":16.0,"enemies":"Gremlin Nob","floor":8.0,"turns":3.0},{"damage":9.0,"enemies":"Large Slime","floor":11.0,"turns":5.0},{"damage":1.0,"enemies":"3 Sentries","floor":12.0,"turns":4.0},{"damage":0.0,"enemies":"Red Slaver","floor":14.0,"turns":2.0},{"damage":0.0,"enemies":"Hexaghost","floor":16.0,"turns":4.0},{"damage":0.0,"enemies":"2 Thieves","floor":18.0,"turns":1.0},{"damage":3.0,"enemies":"3 Byrds","floor":19.0,"turns":3.0},{"damage":8.0,"enemies":"Centurion and Healer","floor":22.0,"turns":3.0},{"damage":5,"enemies":"Gremlin Leader","floor":25,"turns":8},{"damage":3,"enemies":"Book of Stabbing","floor":28,"turns":4},{"damage":23,"enemies":"Slavers","floor":31,"turns":8},{"damage":2,"enemies":"Collector","floor":33,"turns":7},{"damage":12,"enemies":"3 Darklings","floor":35,"turns":4},{"damage":2,"enemies":"3 Shapes","floor":36,"turns":5},{"damage":48,"enemies":"Writhing Mass","floor":39,"turns":4},{"damage":27,"enemies":"Nemesis","floor":40,"turns":7},{"damage":0,"enemies":"Transient","floor":45,"turns":5},{"damage":6,"enemies":"2 Orb Walkers","floor":46,"turns":4},{"damage":34,"enemies":"Donu and Deca","floor":50,"turns":8},{"damage":95,"enemies":"Shield and Spear","floor":54,"turns":8},{"damage":79,"enemies":"The Heart","floor":55,"turns":8}],"seed_played":"-4722970544887685295","potions_obtained":[{"floor":1.0,"key":"DuplicationPotion"},{"floor":12.0,"key":"ColorlessPotion"},{"floor":14.0,"key":"Swift Potion"},{"floor":16.0,"key":"LiquidMemories"},{"floor":18.0,"key":"EntropicBrew"},{"floor":22.0,"key":"SkillPotion"},{"floor":28,"key":"EntropicBrew"},{"floor":40,"key":"AttackPotion"},{"floor":46,"key":"DuplicationPotion"},{"floor":54,"key":"Weak Potion"}],"is_trial":false,"path_per_floor":["M","M","$","M","M","R","?","E","T","R","M","E","$","M","R","B",null,"M","M","$","?","M","R","?","E","T","R","E","$","R","E","R","B",null,"M","M","?","$","M","E","R","$","T","?","M","?","R","?","R","B",null,"R","$","E","B"],"character_chosen":"MARISA","items_purchased":["Oddly Smooth Stone","Vajra","Medical Kit","SkillPotion","BottledSpark"],"campfire_rested":0,"item_purchase_floors":[3,13,38,53,53],"current_hp_per_floor":[48,47,47,45,40,40,40,24,24,24,15,19,19,19,19,24,62,67,69,69,69,71,71,57,62,62,62,70,70,70,80,80,78,80,68,72,72,72,30,9,9,9,9,9,15,34,34,58,58,35,79,79,79,66,0,0],"gold":40,"neow_bonus":"TWO_FIFTY_GOLD","is_daily":false,"chose_seed":false,"campfire_upgraded":10,"win_rate":0.0,"timestamp":1611670983,"path_taken":["M","M","$","M","M","R","?","E","T","R","?","E","$","M","R","BOSS","M","M","$","?","M","R","?","E","T","R","E","$","R","E","R","BOSS","M","M","?","$","M","E","R","$","T","?","M","?","R","?","R","BOSS","R","$","E","BOSS"],"items_purchased_type":["Relic","Relic","Relic","Potion","Potion"],"build_version":"2020-12-22","purchased_purges":4,"victory":false,"max_hp_per_floor":[75,75,75,75,75,75,75,75,75,75,75,75,75,75,75,75,75,75,75,75,75,75,75,80,80,80,80,80,80,80,80,80,80,80,80,80,80,80,80,80,80,80,80,80,80,94,94,94,94,94,94,94,94,104,104,104],"card_choices":[{"not_picked":["Singularity","BlazeAway"],"picked":"StarBarrage","floor":1.0},{"not_picked":["WitchLeyline","UnstableBomb"],"picked":"PowerUp","floor":2.0},{"not_picked":["MilkyWay","FinalSpark"],"picked":"UnstableBomb","floor":4.0},{"not_picked":["OpenUniverse","RefractionSpark","DC"],"picked":"SKIP","floor":5.0},{"not_picked":["MilkyWay","NonDirectionalLaser"],"picked":"MagicAbsorber","floor":8.0},{"not_picked":["DC","EventHorizon","WitchLeyline"],"picked":"SKIP","floor":11.0},{"not_picked":["GrandCross","BlazingStar","DC"],"picked":"SKIP","floor":12.0},{"not_picked":["MagicChant","SprinkleStarSeal","GrandCross"],"picked":"SKIP","floor":14.0},{"not_picked":["SprinkleStarSeal","GrandCross"],"picked":"MagicChant","floor":14.0},{"not_picked":["StarlightTyphoon","Acceleration"],"picked":"OortCloud","floor":18.0},{"not_picked":["ManaConvection","MysteriousBeam"],"picked":"ChargingUp","floor":19.0},{"not_picked":["DC","ShootingEcho+1"],"picked":"GalacticHalo+1","floor":22.0},{"not_picked":["DragonMeteor+1","MysteriousBeam+1"],"picked":"EarthLightRay","floor":25},{"not_picked":["EventHorizon+1","MillisecondPulsars","OpenUniverse"],"picked":"SKIP","floor":28},{"not_picked":["PowerUp+1","AsteroidBelt","DoubleSpark"],"picked":"SKIP","floor":31},{"not_picked":["AsteroidBelt","DoubleSpark"],"picked":"PowerUp+1","floor":31},{"not_picked":["WitchOfGreed+1","RefractionSpark+1"],"picked":"OrrerysSun","floor":35},{"not_picked":["Orbital+1","MysteriousBeam+1","DoubleSpark+1"],"picked":"SKIP","floor":36},{"not_picked":["EnergyFlow","Acceleration+1"],"picked":"AsteroidBelt","floor":39},{"not_picked":["DC+1","Robbery","OrrerysSun"],"picked":"SKIP","floor":40},{"not_picked":["LuminesStrike","WitchOfGreed"],"picked":"MagicAbsorber","floor":45},{"not_picked":["GravityBeat+1","AlicesGift+1"],"picked":"MilkyWay","floor":46},{"not_picked":["EarthLightRay+1","PowerUp+1"],"picked":"NonDirectionalLaser+1","floor":54}],"player_experience":1491985,"relics_obtained":[{"floor":8.0,"key":"Toy Ornithopter"},{"floor":9.0,"key":"Art of War"},{"floor":12.0,"key":"Bag of Preparation"},{"floor":25,"key":"Mummified Hand"},{"floor":26,"key":"Letter Opener"},{"floor":28,"key":"Bag of Marbles"},{"floor":31,"key":"Matryoshka"},{"floor":40,"key":"Juzu Bracelet"},{"floor":43,"key":"Centennial Puzzle"},{"floor":46,"key":"Mango"},{"floor":54,"key":"Pear"}],"event_choices":[{"cards_removed":["Strike_MRS"],"damage_healed":0.0,"max_hp_gain":0.0,"max_hp_loss":0.0,"gold_gain":0.0,"event_name":"Purifier","player_choice":"Purged","floor":7.0,"gold_loss":0.0,"damage_taken":0.0},{"damage_healed":0.0,"max_hp_gain":0.0,"max_hp_loss":0.0,"gold_gain":0.0,"event_name":"Vampires","player_choice":"Ignored","floor":21.0,"gold_loss":0.0,"damage_taken":0.0},{"damage_healed":0.0,"max_hp_gain":5.0,"max_hp_loss":0.0,"gold_gain":0.0,"event_name":"Forgotten Altar","player_choice":"Shed Blood","floor":24.0,"gold_loss":0.0,"damage_taken":19.0},{"cards_removed":["MagicAbsorber"],"damage_healed":0,"gold_gain":0,"player_choice":"Removed Skill","damage_taken":0,"max_hp_gain":0,"max_hp_loss":0,"event_name":"Falling","floor":37,"gold_loss":0},{"damage_healed":0,"gold_gain":0,"cards_transformed":["MasterSpark"],"player_choice":"Transformed","damage_taken":0,"max_hp_gain":0,"max_hp_loss":0,"event_name":"Transmorgrifier","floor":44,"gold_loss":0,"cards_obtained":["Orbital"]},{"damage_healed":0,"gold_gain":0,"player_choice":"Fight","damage_taken":0,"max_hp_gain":0,"max_hp_loss":0,"event_name":"Mysterious Sphere","floor":46,"gold_loss":0},{"damage_healed":24,"gold_gain":0,"player_choice":"Writhe","damage_taken":0,"max_hp_gain":0,"max_hp_loss":0,"event_name":"Winding Halls","floor":48,"gold_loss":0,"cards_obtained":["Writhe"]}],"is_beta":false,"boss_relics":[{"not_picked":["Fusion Hammer","Sozu"],"picked":"SacredBark"},{"not_picked":["Calling Bell","Velvet Choker"],"picked":"Coffee Dripper"}],"items_purged_floors":[3,13,20,38],"is_endless":false,"potions_floor_spawned":[1,12,14,16,18,22,28,40,46,54],"killed_by":"The Heart","ascension_level":7}}