{"host":"ydg0vn0pu4pubmdt","time":1611693234,"event":{"mods":["AchievementEnabler","BaseMod","Colored Map","Gold Saver","Minty Spire (QoL Compilation)","Quick Restart","SuperFastMode"],"gold_per_floor":[295,309,234,246,246,246,246,263,263,263,263,277,277,295,295,393,393,407,425,435,335,435,435,446,446,472,472,488,502,518,538,538,538,538],"floor_reached":33,"language":"KOR","playtime":807,"items_purged":["Strike_P","Defend_P"],"score":243,"play_id":"cc051fc5-f9e2-4759-a3bb-e22b6d7bd451","local_time":"20210127053354","is_ascension_mode":false,"campfire_choices":[{"data":"Eruption","floor":6.0,"key":"SMITH"},{"data":"BattleHymn","floor":10.0,"key":"SMITH"},{"data":"TalkToTheHand","floor":13.0,"key":"SMITH"},{"data":"InnerPeace","floor":15.0,"key":"SMITH"},{"floor":23,"key":"REST"},{"floor":25,"key":"REST"},{"data":"Vault","floor":27,"key":"SMITH"},{"floor":32,"key":"REST"}],"circlet_count":0,"master_deck":["Strike_P","Strike_P","Strike_P","Defend_P","Defend_P","Defend_P","Eruption+1","Vigilance","InnerPeace+1","BattleHymn+1","TalkToTheHand+1","Vault+1","EmptyBody+1","Wallop","MentalFortress+1"],"relics":["VioletLotus"],"acts_visited":["Exordium","TheCity"],"potions_floor_usage":[20,31,33,33],"damage_taken":[{"damage":0.0,"enemies":"Small Slimes","floor":1.0,"turns":2.0},{"damage":1.0,"enemies":"Jaw Worm","floor":2.0,"turns":4.0},{"damage":3.0,"enemies":"2 Louse","floor":4.0,"turns":3.0},{"damage":5.0,"enemies":"Exordium Thugs","floor":8.0,"turns":4.0},{"damage":3.0,"enemies":"Red Slaver","floor":12.0,"turns":3.0},{"damage":16.0,"enemies":"Blue Slaver","floor":14.0,"turns":3.0},{"damage":39.0,"enemies":"Hexaghost","floor":16.0,"turns":10.0},{"damage":22.0,"enemies":"3 Byrds","floor":18.0,"turns":6.0},{"damage":7.0,"enemies":"Chosen","floor":19.0,"turns":5.0},{"damage":27,"enemies":"Shelled Parasite and Fungi","floor":20,"turns":8},{"damage":23,"enemies":"Snake Plant","floor":24,"turns":6},{"damage":12,"enemies":"Chosen and Byrds","floor":28,"turns":9},{"damage":11,"enemies":"Centurion and Healer","floor":29,"turns":6},{"damage":12,"enemies":"Snake Plant","floor":30,"turns":5},{"damage":7,"enemies":"Snecko","floor":31,"turns":5},{"damage":31,"enemies":"Automaton","floor":33,"turns":7}],"seed_played":"889193721425566340","potions_obtained":[{"floor":1.0,"key":"Energy Potion"},{"floor":8.0,"key":"Dexterity Potion"},{"floor":12.0,"key":"BottledMiracle"},{"floor":20,"key":"Swift Potion"},{"floor":24,"key":"Fire Potion"},{"floor":29,"key":"SkillPotion"},{"floor":31,"key":"SkillPotion"}],"is_trial":false,"path_per_floor":["M","M","$","M","?","R","T","M","T","R","?","M","R","M","R","B",null,"M","M","M","$","?","R","M","R","T","R","M","M","M","M","R","B"],"character_chosen":"WATCHER","items_purchased":[],"campfire_rested":3,"item_purchase_floors":[],"current_hp_per_floor":[72,71,71,68,68,68,68,63,63,63,68,65,65,49,49,10,77,55,48,21,21,21,44,21,44,44,44,32,21,9,2,25,0,0],"gold":538,"neow_bonus":"BOSS_RELIC","is_daily":false,"chose_seed":false,"campfire_upgraded":5,"win_rate":0.0,"timestamp":1611693234,"path_taken":["M","M","$","M","?","R","?","M","T","R","?","M","R","M","R","BOSS","M","M","M","$","?","R","?","R","T","R","M","M","M","M","R","BOSS"],"items_purchased_type":[],"build_version":"2020-12-22","purchased_purges":2,"victory":false,"max_hp_per_floor":[72,72,72,72,72,72,72,72,72,72,77,77,77,77,77,77,77,77,77,77,77,77,77,77,77,77,77,77,77,77,77,77,77,77],"card_choices":[{"not_picked":["Consecrate","Prostrate"],"picked":"InnerPeace","floor":1.0},{"not_picked":["SashWhip","Swivel"],"picked":"BattleHymn","floor":2.0},{"not_picked":["Indignation","DeceiveReality","FlurryOfBlows"],"picked":"SKIP","floor":4.0},{"not_picked":["Wireheading","BattleHymn"],"picked":"TalkToTheHand","floor":8.0},{"not_picked":["WreathOfFlame","Protect","Indignation"],"picked":"SKIP","floor":12.0},{"not_picked":["DeceiveReality","Nirvana","CutThroughFate"],"picked":"SKIP","floor":14.0},{"not_picked":["DevaForm","DeusExMachina"],"picked":"Vault","floor":16.0},{"not_picked":["EmptyFist","WindmillStrike+1","Fasting2"],"picked":"SKIP","floor":18.0},{"not_picked":["ReachHeaven","PathToVictory","Protect"],"picked":"SKIP","floor":19.0},{"not_picked":["Wallop+1","FlyingSleeves"],"picked":"EmptyBody+1","floor":20},{"not_picked":["BowlingBash+1","SashWhip","SignatureMove+1"],"picked":"SKIP","floor":24},{"not_picked":["PathToVictory","Weave+1","Judgement"],"picked":"SKIP","floor":28},{"not_picked":["ClearTheMind","SashWhip"],"picked":"Wallop","floor":29},{"not_picked":["WaveOfTheHand","EmptyBody"],"picked":"MentalFortress+1","floor":30},{"not_picked":["Sanctity","Weave","Fasting2"],"picked":"SKIP","floor":31}],"player_experience":597114,"relics_obtained":[],"event_choices":[{"damage_healed":0.0,"max_hp_gain":0.0,"max_hp_loss":0.0,"gold_gain":0.0,"event_name":"Liars Game","player_choice":"Ignored","floor":5.0,"gold_loss":0.0,"damage_taken":0.0},{"damage_healed":0.0,"max_hp_gain":5.0,"max_hp_loss":0.0,"gold_gain":0.0,"event_name":"Big Fish","player_choice":"Donut","floor":11.0,"gold_loss":0.0,"damage_taken":0.0},{"damage_healed":0,"gold_gain":100,"player_choice":"Pray","damage_taken":0,"max_hp_gain":0,"max_hp_loss":0,"event_name":"Golden Shrine","floor":22,"gold_loss":0}],"is_beta":false,"boss_relics":[{"not_picked":["Coffee Dripper","SacredBark","Ectoplasm"]}],"items_purged_floors":[3,21],"is_endless":false,"potions_floor_spawned":[1,8,12,16,20,24,29,30,31],"killed_by":"Automaton","ascension_level":0}}