{"host":"p7j7o00jacnw7qzt","time":1611645587,"event":{"mods":["BaseMod","Colored Map","Colored Powertips","DeckTracker","Highlight Path","Minty Spire (QoL Compilation)","Relic Stats"],"gold_per_floor":[109,126,126,136,149,149,174,186,186,186,217,217,217,244,244,321,321,335,370,295,295,313,313,238,253,253,153,178,196,196,196,196,196,196],"floor_reached":33,"language":"ZHS","playtime":1530,"items_purged":["Strike_G","Strike_G"],"score":566,"play_id":"b931a43b-34aa-4e22-ad1f-f9c4e86f839c","local_time":"20210126021947","is_ascension_mode":true,"campfire_choices":[{"data":"Predator","floor":6.0,"key":"SMITH"},{"data":"Bouncing Flask","floor":10.0,"key":"SMITH"},{"floor":12.0,"key":"REST"},{"data":"Well Laid Plans","floor":15.0,"key":"SMITH"},{"floor":23.0,"key":"RECALL"},{"data":"Ghostly","floor":30.0,"key":"SMITH"},{"data":"Ghostly","floor":32.0,"key":"SMITH"}],"circlet_count":0,"master_deck":["AscendersBane","Strike_G","Strike_G","Defend_G","Defend_G","Defend_G","Defend_G","Defend_G","Survivor","Neutralize","Well Laid Plans+1","Terror","Predator+1","Backstab","Bouncing Flask+1","Wraith Form v2+1","Ghostly","Ghostly+1","Ghostly+1","Footwork+1"],"relics":["Ring of the Snake","NeowsBlessing","Frozen Egg 2","Darkstone Periapt","Pear","Paper Crane","Singing Bowl","Coffee Dripper","Red Mask","Orichalcum","PreservedInsect"],"acts_visited":["Exordium","TheCity"],"potions_floor_usage":[33],"damage_taken":[{"damage":0.0,"enemies":"2 Louse","floor":1.0,"turns":1.0},{"damage":0.0,"enemies":"Small Slimes","floor":2.0,"turns":1.0},{"damage":0.0,"enemies":"Jaw Worm","floor":4.0,"turns":1.0},{"damage":22.0,"enemies":"Exordium Thugs","floor":5.0,"turns":8.0},{"damage":7.0,"enemies":"Lagavulin","floor":7.0,"turns":7.0},{"damage":0.0,"enemies":"2 Fungi Beasts","floor":8.0,"turns":3.0},{"damage":20.0,"enemies":"3 Sentries","floor":11.0,"turns":7.0},{"damage":8.0,"enemies":"Gremlin Nob","floor":14.0,"turns":3.0},{"damage":14.0,"enemies":"The Guardian","floor":16.0,"turns":8.0},{"damage":5.0,"enemies":"2 Thieves","floor":18.0,"turns":4.0},{"damage":21.0,"enemies":"Masked Bandits","floor":19.0,"turns":5.0},{"damage":0.0,"enemies":"Spheric Guardian","floor":22.0,"turns":5.0},{"damage":3.0,"enemies":"Snake Plant","floor":25.0,"turns":4.0},{"damage":25.0,"enemies":"Slavers","floor":28.0,"turns":11.0},{"damage":1.0,"enemies":"Cultist and Chosen","floor":29.0,"turns":7.0},{"damage":13,"enemies":"Collector","floor":33,"turns":8}],"seed_played":"1025765901544258898","potions_obtained":[{"floor":2.0,"key":"PowerPotion"},{"floor":7.0,"key":"GamblersBrew"},{"floor":16.0,"key":"SpeedPotion"},{"floor":19.0,"key":"SteroidPotion"},{"floor":25.0,"key":"Fruit Juice"},{"floor":29.0,"key":"FearPotion"}],"is_trial":false,"path_per_floor":["M","M","?","M","M","R","E","M","T","R","E","R","?","E","R","B",null,"M","?","?","?","M","R","$","M","T","$","E","M","R","?","R","B"],"character_chosen":"THE_SILENT","items_purchased":[],"campfire_rested":1,"item_purchase_floors":[],"current_hp_per_floor":[59,59,48,48,26,26,19,19,29,29,9,31,56,50,50,36,68,65,46,46,41,43,43,43,42,42,42,17,23,23,23,23,10,10],"gold":196,"neow_bonus":"THREE_ENEMY_KILL","is_daily":false,"chose_seed":false,"campfire_upgraded":5,"win_rate":0.0,"timestamp":1611645587,"path_taken":["M","M","?","M","M","R","E","M","T","R","E","R","?","E","R","BOSS","M","?","?","?","M","R","?","?","T","$","E","M","R","?","R","BOSS"],"items_purchased_type":[],"build_version":"2020-12-22","purchased_purges":2,"victory":false,"max_hp_per_floor":[66,66,66,66,66,66,66,66,76,76,76,76,76,78,78,78,78,80,82,82,41,43,43,43,45,45,45,45,52,52,52,52,52,52],"relic_stats":{"Darkstone Periapt":0,"Singing Bowl":12,"counters":[16,83],"PreservedInsect":0,"Orichalcum":[72],"obtain_stats":[{"Darkstone Periapt":7,"Pear":9,"NeowsBlessing":0,"Singing Bowl":14,"PreservedInsect":31,"Coffee Dripper":17,"Red Mask":19,"Frozen Egg 2":3,"Paper Crane":11,"Orichalcum":28,"Ring of the Snake":0},{"Darkstone Periapt":5,"Pear":6,"NeowsBlessing":0,"Singing Bowl":8,"PreservedInsect":15,"Coffee Dripper":9,"Red Mask":11,"Frozen Egg 2":2,"Paper Crane":7,"Orichalcum":14,"Ring of the Snake":0},{"Darkstone Periapt":18,"Pear":21,"NeowsBlessing":0,"Singing Bowl":31,"PreservedInsect":75,"Coffee Dripper":39,"Red Mask":48,"Frozen Egg 2":2,"Paper Crane":28,"Orichalcum":68,"Ring of the Snake":0}],"Ring of the Snake":[32]},"card_choices":[{"not_picked":["Dagger Throw","Finisher","Sucker Punch"],"picked":"SKIP","floor":1.0},{"not_picked":["Bane","Riddle With Holes"],"picked":"Well Laid Plans","floor":2.0},{"not_picked":["Slice","Backflip"],"picked":"Terror","floor":4.0},{"not_picked":["Deadly Poison","Endless Agony"],"picked":"Predator","floor":5.0},{"not_picked":["Dagger Spray","Acrobatics"],"picked":"Backstab","floor":7.0},{"not_picked":["Backflip","Deadly Poison"],"picked":"Bouncing Flask","floor":8.0},{"not_picked":["Accuracy+1","Well Laid Plans+1","Eviscerate"],"picked":"SKIP","floor":11.0},{"not_picked":["Flying Knee","A Thousand Cuts+1","Backflip"],"picked":"Singing Bowl","floor":14.0},{"not_picked":["Die Die Die","Doppelganger"],"picked":"Wraith Form v2+1","floor":16.0},{"not_picked":["Dagger Throw","Dodge and Roll","Slice"],"picked":"Singing Bowl","floor":18.0},{"not_picked":["Bane","Outmaneuver","Quick Slash"],"picked":"Singing Bowl","floor":19.0},{"not_picked":["Dodge and Roll","Dagger Throw","Reflex"],"picked":"Singing Bowl","floor":22.0},{"not_picked":["Slice","PiercingWail","Underhanded Strike"],"picked":"Singing Bowl","floor":25.0},{"not_picked":["Dagger Throw","Underhanded Strike"],"picked":"Footwork+1","floor":28.0},{"not_picked":["Slice","Blade Dance+1","Quick Slash"],"picked":"Singing Bowl","floor":29.0}],"player_experience":1051005,"relics_obtained":[{"floor":7.0,"key":"Darkstone Periapt"},{"floor":9.0,"key":"Pear"},{"floor":11.0,"key":"Paper Crane"},{"floor":14.0,"key":"Singing Bowl"},{"floor":19.0,"key":"Red Mask"},{"floor":28.0,"key":"Orichalcum"}],"event_choices":[{"damage_healed":0.0,"max_hp_gain":0.0,"max_hp_loss":0.0,"gold_gain":0.0,"event_name":"Scrap Ooze","player_choice":"Success","floor":3.0,"gold_loss":0.0,"damage_taken":11.0,"relics_obtained":["Frozen Egg 2"]},{"damage_healed":25.0,"max_hp_gain":0.0,"max_hp_loss":0.0,"gold_gain":0.0,"event_name":"Big Fish","player_choice":"Banana","floor":13.0,"gold_loss":0.0,"damage_taken":0.0},{"damage_healed":0.0,"max_hp_gain":0.0,"max_hp_loss":0.0,"gold_gain":0.0,"event_name":"Masked Bandits","player_choice":"Fought Bandits","floor":19.0,"gold_loss":0.0,"damage_taken":0.0},{"cards_removed":["Strike_G"],"damage_healed":0.0,"max_hp_gain":0.0,"max_hp_loss":0.0,"gold_gain":0.0,"event_name":"Beggar","player_choice":"Gave Gold","floor":20.0,"gold_loss":75.0,"damage_taken":0.0},{"damage_healed":0.0,"max_hp_gain":0.0,"max_hp_loss":41.0,"gold_gain":0.0,"event_name":"Ghosts","player_choice":"Became a Ghost","floor":21.0,"gold_loss":0.0,"damage_taken":0.0,"cards_obtained":["Ghostly","Ghostly","Ghostly"]},{"damage_healed":0.0,"max_hp_gain":0.0,"max_hp_loss":0.0,"gold_gain":0.0,"event_name":"WeMeetAgain","player_choice":"Gave Potion","floor":31.0,"gold_loss":0.0,"damage_taken":0.0,"relics_obtained":["PreservedInsect"]}],"is_beta":false,"boss_relics":[{"not_picked":["Calling Bell","Empty Cage"],"picked":"Coffee Dripper"}],"items_purged_floors":[24,27],"is_endless":false,"potions_floor_spawned":[2,7,8,16,19,25,29],"killed_by":"Collector","ascension_level":20}}