{"host":"hwrdjx5eod2cxh09","time":1611673172,"event":{"mods":["AchievementEnabler","BaseMod","Bestiary","Minty Spire (QoL Compilation)","Relic Stats"],"gold_per_floor":[111,111,111,128,203,203,217,236,236,20,20,36,36,50,50,147,147,160,110,39,57,57,57,72,99,99,117,130,130,0,10,10,110,110,128,146,42,42,42,61,61,61,61,61,72,72,72,122,122,122,122],"floor_reached":50,"language":"ENG","playtime":2383,"items_purged":["Defend_B"],"score":432,"play_id":"b4917fcc-4bec-40d5-8835-65934dc8aa52","local_time":"20210126235932","is_ascension_mode":false,"campfire_choices":[{"data":"Zap","floor":6.0,"key":"SMITH"},{"data":"Defragment","floor":11.0,"key":"SMITH"},{"data":"Hologram","floor":13.0,"key":"SMITH"},{"data":"Coolheaded","floor":15.0,"key":"SMITH"},{"floor":23,"key":"REST"},{"data":"Defragment","floor":29,"key":"SMITH"},{"floor":32,"key":"REST"},{"data":"Redo","floor":41,"key":"SMITH"},{"data":"Dualcast","floor":46,"key":"SMITH"},{"floor":49,"key":"REST"}],"circlet_count":0,"master_deck":["Strike_B","Strike_B","Strike_B","Defend_B","Defend_B","Defend_B","Zap+1","Dualcast+1","Conserve Battery","Coolheaded+1","Hologram+1","Defragment+1","Core Surge","Darkness","Fission","Genetic Algorithm+1","Defragment+1","Steam","Rip and Tear+1","Cold Snap","Buffer","Chill","BootSequence","Redo+1","Defragment","Loop"],"relics":["FrozenCore"],"acts_visited":["Exordium","TheCity","TheBeyond"],"potions_floor_usage":[33,48],"damage_taken":[{"damage":1.0,"enemies":"Jaw Worm","floor":1.0,"turns":3.0},{"damage":2.0,"enemies":"2 Louse","floor":4.0,"turns":3.0},{"damage":1.0,"enemies":"Small Slimes","floor":7.0,"turns":3.0},{"damage":0.0,"enemies":"Exordium Thugs","floor":8.0,"turns":4.0},{"damage":4.0,"enemies":"2 Fungi Beasts","floor":12.0,"turns":3.0},{"damage":0.0,"enemies":"Blue Slaver","floor":14.0,"turns":3.0},{"damage":11.0,"enemies":"The Guardian","floor":16.0,"turns":10.0},{"damage":26,"enemies":"2 Thieves","floor":18,"turns":5},{"damage":12,"enemies":"3 Byrds","floor":21,"turns":6},{"damage":2,"enemies":"Cultist and Chosen","floor":24,"turns":6},{"damage":10,"enemies":"Sentry and Sphere","floor":27,"turns":11},{"damage":7,"enemies":"Snake Plant","floor":28,"turns":7},{"damage":5,"enemies":"Snecko","floor":31,"turns":6},{"damage":60,"enemies":"Collector","floor":33,"turns":26},{"damage":3,"enemies":"Orb Walker","floor":35,"turns":5},{"damage":13,"enemies":"3 Shapes","floor":36,"turns":12},{"damage":13,"enemies":"Writhing Mass","floor":40,"turns":9},{"damage":26,"enemies":"Sphere and 2 Shapes","floor":45,"turns":11},{"damage":3,"enemies":"Mind Bloom Boss Battle","floor":48,"turns":13},{"damage":20,"enemies":"Awakened One","floor":50,"turns":3}],"seed_played":"-5736502973350712027","potions_obtained":[{"floor":4.0,"key":"FairyPotion"},{"floor":8.0,"key":"BlessingOfTheForge"},{"floor":14.0,"key":"EssenceOfDarkness"},{"floor":27,"key":"GamblersBrew"},{"floor":28,"key":"FocusPotion"},{"floor":33,"key":"Weak Potion"},{"floor":36,"key":"LiquidMemories"},{"floor":48,"key":"SkillPotion"}],"is_trial":false,"path_per_floor":["M","?","?","M","?","R","M","M","T","$","R","M","R","M","R","B",null,"M","?","$","M","?","R","M","T","T","M","M","R","?","M","R","B",null,"M","M","$","?","$","M","R","?","T","?","M","R","?","?","R","B"],"character_chosen":"DEFECT","items_purchased":["Defragment","Core Surge","Defragment","Redo","Defragment"],"campfire_rested":3,"item_purchase_floors":[10,10,20,37,37],"current_hp_per_floor":[81,81,74,72,61,61,60,60,60,60,60,56,56,56,56,45,82,56,56,56,44,28,54,52,52,52,42,35,35,35,30,56,26,87,84,71,71,66,66,53,53,53,53,53,27,27,27,24,48,28,28],"gold":122,"neow_bonus":"TEN_PERCENT_HP_BONUS","is_daily":false,"chose_seed":false,"campfire_upgraded":7,"win_rate":0.0,"timestamp":1611673172,"path_taken":["M","?","?","M","?","R","M","M","T","$","R","M","R","M","R","BOSS","M","?","?","M","?","R","M","?","T","M","?","R","?","M","R","BOSS","M","M","$","?","$","M","R","?","T","?","M","R","?","?","R","BOSS"],"items_purchased_type":["Card","Card","Card","Card","Card"],"build_version":"2020-12-22","purchased_purges":1,"victory":false,"max_hp_per_floor":[82,82,82,82,82,82,82,82,82,82,82,82,82,82,82,82,82,82,82,82,82,87,87,87,87,87,87,87,87,87,87,87,87,87,87,87,87,87,87,87,87,87,87,83,83,83,83,83,83,83,83],"relic_stats":{"counters":[20,149],"obtain_stats":[{"Cracked Core":0,"FrozenCore":17},{"Cracked Core":0,"FrozenCore":7},{"Cracked Core":0,"FrozenCore":29}],"FrozenCore":[43]},"card_choices":[{"not_picked":["Leap","Recycle"],"picked":"Conserve Battery","floor":1.0},{"not_picked":["Fusion","Tempest"],"picked":"Sweeping Beam","floor":4.0},{"not_picked":["Skim","White Noise"],"picked":"Coolheaded","floor":7.0},{"not_picked":["Sweeping Beam","Leap"],"picked":"Hologram","floor":8.0},{"not_picked":["Go for the Eyes","Force Field","Hello World"],"picked":"SKIP","floor":12.0},{"not_picked":["Blizzard","Steam"],"picked":"Darkness","floor":14.0},{"not_picked":["All For One","Meteor Strike"],"picked":"Fission","floor":16.0},{"not_picked":["Compile Driver+1","Conserve Battery"],"picked":"Genetic Algorithm+1","floor":18},{"not_picked":["Stack","Sweeping Beam+1"],"picked":"Steam","floor":21},{"not_picked":["Go for the Eyes","FTL","Reinforced Body"],"picked":"SKIP","floor":24},{"not_picked":["Redo","Scrape+1","Reprogram"],"picked":"SKIP","floor":27},{"not_picked":["Coolheaded","Rebound"],"picked":"Rip and Tear+1","floor":28},{"not_picked":["Ball Lightning+1","Rip and Tear"],"picked":"Cold Snap","floor":31},{"not_picked":["Echo Form","All For One"],"picked":"Buffer","floor":33},{"not_picked":["Turbo","Tempest"],"picked":"Chill","floor":35},{"not_picked":["Cold Snap","Beam Cell"],"picked":"BootSequence","floor":36},{"not_picked":["Aggregate","Cold Snap","Redo+1"],"picked":"SKIP","floor":40},{"not_picked":["Melter+1","Go for the Eyes+1"],"picked":"Loop","floor":45}],"player_experience":314908,"relics_obtained":[],"event_choices":[{"damage_healed":0.0,"max_hp_gain":0.0,"max_hp_loss":0.0,"gold_gain":0.0,"event_name":"Liars Game","player_choice":"Ignored","floor":2.0,"gold_loss":0.0,"damage_taken":0.0},{"cards_removed":["Strike_B"],"damage_healed":0.0,"max_hp_gain":0.0,"max_hp_loss":0.0,"gold_gain":0.0,"event_name":"Golden Wing","player_choice":"Card Removal","floor":3.0,"gold_loss":0.0,"damage_taken":7.0},{"damage_healed":0.0,"max_hp_gain":0.0,"max_hp_loss":0.0,"gold_gain":75.0,"event_name":"World of Goop","player_choice":"Gather Gold","floor":5.0,"gold_loss":0.0,"damage_taken":11.0},{"damage_healed":0,"gold_gain":0,"player_choice":"Bet on Murderer","damage_taken":0,"max_hp_gain":0,"max_hp_loss":0,"event_name":"The Joust","floor":19,"gold_loss":50},{"damage_healed":0,"gold_gain":0,"player_choice":"Shed Blood","damage_taken":21,"max_hp_gain":5,"max_hp_loss":0,"event_name":"Forgotten Altar","floor":22,"gold_loss":0},{"damage_healed":0,"gold_gain":0,"player_choice":"Paid Fearfully","damage_taken":0,"max_hp_gain":0,"max_hp_loss":0,"event_name":"Masked Bandits","floor":30,"gold_loss":130},{"damage_healed":0,"gold_gain":0,"player_choice":"Memory 2","damage_taken":5,"max_hp_gain":0,"max_hp_loss":0,"event_name":"SensoryStone","floor":38,"gold_loss":0},{"cards_removed":["Sweeping Beam"],"damage_healed":0,"gold_gain":0,"player_choice":"Removed Attack","damage_taken":0,"max_hp_gain":0,"max_hp_loss":0,"event_name":"Falling","floor":42,"gold_loss":0},{"damage_healed":0,"gold_gain":0,"player_choice":"Max HP","damage_taken":0,"max_hp_gain":0,"max_hp_loss":4,"event_name":"Winding Halls","floor":44,"gold_loss":0},{"damage_healed":0,"gold_gain":0,"player_choice":"Ignored","damage_taken":0,"max_hp_gain":0,"max_hp_loss":0,"event_name":"Mysterious Sphere","floor":47,"gold_loss":0},{"damage_healed":0,"gold_gain":0,"player_choice":"Fight","damage_taken":0,"max_hp_gain":0,"max_hp_loss":0,"event_name":"MindBloom","floor":48,"gold_loss":0}],"is_beta":false,"boss_relics":[{"not_picked":["Empty Cage","Velvet Choker"],"picked":"FrozenCore"},{"not_picked":["Coffee Dripper","SlaversCollar","Runic Pyramid"]}],"items_purged_floors":[10],"is_endless":false,"potions_floor_spawned":[4,8,14,18,27,28,33,36,45,48],"killed_by":"Awakened One","ascension_level":0}}