{"host":"f0gpob8hq9vgebej","time":1611705314,"event":{"mods":["AchievementEnabler","BaseMod","Minty Spire (QoL Compilation)","Quick Restart","SuperFastMode"],"gold_per_floor":[211,224,240,251,264,264,277,227,227,216,216,216],"floor_reached":11,"language":"KOR","playtime":245,"items_purged":[],"score":110,"play_id":"74dbdfa6-f7c9-435e-9e9f-4c189c97d79e","local_time":"20210127085514","is_ascension_mode":true,"campfire_choices":[{"data":"Blade Dance","floor":6,"key":"SMITH"}],"circlet_count":0,"master_deck":["AscendersBane","Strike_G","Strike_G","Strike_G","Strike_G","Defend_G","Defend_G","Defend_G","Defend_G","Defend_G","Survivor","Neutralize","Blade Dance+1","Backflip","Footwork","Deadly Poison","Reflex","Poisoned Stab"],"relics":["Ring of the Snake","Frozen Egg 2"],"acts_visited":["Exordium"],"potions_floor_usage":[5],"damage_taken":[{"damage":0,"enemies":"Cultist","floor":1,"turns":4},{"damage":4,"enemies":"Small Slimes","floor":2,"turns":4},{"damage":0,"enemies":"2 Louse","floor":3,"turns":2},{"damage":4,"enemies":"Exordium Thugs","floor":4,"turns":6},{"damage":7,"enemies":"Lots of Slimes","floor":5,"turns":6},{"damage":0,"enemies":"2 Fungi Beasts","floor":7,"turns":3},{"damage":9,"enemies":"Exordium Thugs","floor":10,"turns":4},{"damage":27,"enemies":"Gremlin Nob","floor":11,"turns":4}],"seed_played":"-5545502992963170559","potions_obtained":[{"floor":1,"key":"SpeedPotion"},{"floor":2,"key":"Fire Potion"}],"is_trial":false,"path_per_floor":["M","M","M","M","M","R","M","?","T","M","E"],"character_chosen":"THE_SILENT","items_purchased":[],"campfire_rested":0,"item_purchase_floors":[],"current_hp_per_floor":[63,59,59,55,48,48,48,48,48,39,12,12],"gold":216,"neow_bonus":"HUNDRED_GOLD","is_daily":false,"chose_seed":false,"campfire_upgraded":1,"win_rate":0.0,"timestamp":1611705314,"path_taken":["M","M","M","?","M","R","M","?","T","M","E"],"items_purchased_type":[],"build_version":"2020-12-22","purchased_purges":0,"victory":false,"max_hp_per_floor":[70,70,70,70,70,70,70,70,70,70,70,70],"card_choices":[{"not_picked":["Finisher","Outmaneuver"],"picked":"Blade Dance","floor":1},{"not_picked":["Caltrops","Sucker Punch","Dagger Throw"],"picked":"SKIP","floor":2},{"not_picked":["Bane","Sucker Punch"],"picked":"Backflip","floor":3},{"not_picked":["Deflect","Well Laid Plans"],"picked":"Footwork","floor":4},{"not_picked":["Deflect","Malaise"],"picked":"Deadly Poison","floor":5},{"not_picked":["Dodge and Roll","Flying Knee"],"picked":"Reflex","floor":7},{"not_picked":["Masterful Stab","Expertise"],"picked":"Poisoned Stab","floor":10}],"player_experience":260549,"relics_obtained":[{"floor":9,"key":"Frozen Egg 2"}],"event_choices":[{"cards_removed":["Strike_G"],"damage_healed":0,"gold_gain":0,"player_choice":"Card Removal","damage_taken":0,"max_hp_gain":0,"max_hp_loss":0,"event_name":"The Cleric","floor":8,"gold_loss":50}],"is_beta":false,"boss_relics":[],"items_purged_floors":[],"is_endless":false,"potions_floor_spawned":[1,2,3],"killed_by":"Gremlin Nob","ascension_level":12}}