{"host":"39i3emxub3h8uyq3","time":1611623577,"event":{"mods":["AchievementEnabler","BaseMod","Clockwork Mod","Colored Map","Downfall","Glutton Mod","Gold Saver","Minty Spire (QoL Compilation)","StSLib","TheHeartMod"],"gold_per_floor":[596,596,771,771,454,485,485,529,529,529,529,559,559,524,524,649,649,668,668,668,26,41,41,41,62,62,62,62,62,62,62,62,185,185,209,230,143,163,11,11,11,11,11,11,35,35,35,35,35,35,35],"floor_reached":50,"language":"ENG","playtime":1807,"items_purged":[],"score":486,"play_id":"f60f4c94-a6a0-49e2-beba-0cabd03bc22e","local_time":"20210125201257","is_ascension_mode":false,"campfire_choices":[{"floor":7,"key":"REST"},{"floor":10,"key":"REST"},{"floor":15,"key":"REST"},{"floor":24,"key":"REST"},{"floor":28,"key":"REST"},{"data":"Inflame","floor":32,"key":"SMITH"},{"floor":40,"key":"REST"},{"floor":41,"key":"REST"},{"data":"Metallicize","floor":42,"key":"SMITH"},{"floor":46,"key":"DIG"},{"floor":49,"key":"DIG"}],"circlet_count":0,"master_deck":["Strike_R+1","Strike_R+1","Strike_R+1","Strike_R+1","Strike_R+1","Defend_R+1","Defend_R+1","Defend_R+1","Defend_R+1","Bash+1","Pommel Strike+1","Doubt","Injury","Fire Breathing+1","Clothesline+1","Metallicize+1","Immolate+1","Thunderclap+1","Feed+1","Metallicize+1","Inflame+1","Armaments+1","Writhe","Barricade+1","Cleave+1","Uppercut+1","Shrug It Off+1","Carnage+1","Thunderclap+1","Inflame+1","Writhe"],"relics":["Philosopher\u0027s Stone","Golden Idol","Pear","Molten Egg 2","Mango","Juzu Bracelet","Happy Flower","WingedGreaves","Black Star","StoneCalendar","MealTicket","HandDrill","Lantern","Blood Vial","Frozen Egg 2","SacredBark","Whetstone","Shovel","FossilizedHelix","Mark of the Bloom","CaptainsWheel"],"acts_visited":["Exordium","TheCity","TheBeyond"],"potions_floor_usage":[16,50],"damage_taken":[{"damage":12,"enemies":"Small Slimes","floor":1,"turns":3},{"damage":42,"enemies":"Lagavulin","floor":6,"turns":7},{"damage":40,"enemies":"3 Sentries","floor":8,"turns":5},{"damage":66,"enemies":"The Guardian","floor":16,"turns":11},{"damage":29,"enemies":"Shell Parasite","floor":18,"turns":5},{"damage":32,"enemies":"3 Byrds","floor":22,"turns":4},{"damage":37,"enemies":"3 Cultists","floor":25,"turns":5},{"damage":67,"enemies":"Automaton","floor":33,"turns":8},{"damage":31,"enemies":"3 Darklings","floor":35,"turns":4},{"damage":12,"enemies":"Orb Walker","floor":36,"turns":3},{"damage":53,"enemies":"Sphere and 2 Shapes","floor":38,"turns":5},{"damage":0,"enemies":"Jaw Worm Horde","floor":45,"turns":2},{"damage":109,"enemies":"Donu and Deca","floor":50,"turns":7}],"seed_played":"302389667132126668","potions_obtained":[{"floor":8,"key":"Block Potion"},{"floor":36,"key":"sneckomod:MuddlingPotion"},{"floor":45,"key":"Explosive Potion"}],"is_trial":false,"path_per_floor":["M","?","?","?","$","E","R","E","T","R","?","?","T","?","R","B",null,"M","?","T","$","M","$","R","M","T","$","R","$","?","?","R","B",null,"M","M","$","M","$","R","R","R","T","?","M","R","?","?","R","B"],"character_chosen":"IRONCLAD","items_purchased":["Pear","Fire Breathing","MealTicket","HandDrill","Lantern","Feed+1","Metallicize","Shrug It Off","Carnage+1","Whetstone"],"campfire_rested":7,"item_purchase_floors":[5,5,21,21,21,21,21,37,37,39],"current_hp_per_floor":[68,68,68,68,78,36,63,37,37,68,68,68,68,94,104,38,104,75,66,66,66,34,49,80,43,43,58,89,104,104,104,104,37,104,73,63,78,27,42,73,104,104,104,104,104,104,104,104,104,0,0],"gold":35,"neow_bonus":"BOSS_RELIC","is_daily":false,"chose_seed":true,"campfire_upgraded":2,"win_rate":0.0,"timestamp":1611623577,"path_taken":["M","?","?","?","$","E","R","E","T","R","?","?","?","?","R","BOSS","M","?","?","$","M","?","R","M","T","$","R","?","?","?","R","BOSS","M","M","$","M","$","R","R","R","T","?","M","R","?","?","R","BOSS"],"items_purchased_type":["Relic","Card","Relic","Relic","Relic","Card","Card","Card","Card","Relic"],"build_version":"2020-12-22","purchased_purges":0,"victory":false,"max_hp_per_floor":[80,80,80,80,90,90,90,104,104,104,104,104,104,104,104,104,104,104,104,104,104,104,104,104,104,104,104,104,104,104,104,104,104,104,104,104,104,104,104,104,104,104,104,104,104,104,104,104,104,104,104],"card_choices":[{"not_picked":["Havoc","Flex"],"picked":"Pommel Strike","floor":1},{"not_picked":["Ghostly Armor","Feel No Pain"],"picked":"Clothesline+1","floor":6},{"not_picked":["Flex","Clash+1"],"picked":"Metallicize","floor":8},{"not_picked":["Feed+1","Double Tap"],"picked":"Immolate+1","floor":16},{"not_picked":["Rage+1","Armaments"],"picked":"Thunderclap+1","floor":18},{"not_picked":["Sword Boomerang+1","Reckless Charge+1"],"picked":"Inflame","floor":22},{"not_picked":["Body Slam+1","Shockwave"],"picked":"Armaments+1","floor":25},{"not_picked":["Reaper+1","Impervious"],"picked":"Barricade+1","floor":33},{"not_picked":["Warcry","Havoc+1"],"picked":"Cleave+1","floor":35},{"not_picked":["Feel No Pain+1","Flex"],"picked":"Uppercut+1","floor":36},{"not_picked":["Pummel+1","Infernal Blade"],"picked":"Thunderclap+1","floor":38},{"not_picked":["Bloodletting+1","Cleave+1"],"picked":"Inflame+1","floor":45}],"player_experience":59733,"relics_obtained":[{"floor":6,"key":"Molten Egg 2"},{"floor":8,"key":"Mango"},{"floor":9,"key":"Juzu Bracelet"},{"floor":13,"key":"WingedGreaves"},{"floor":20,"key":"StoneCalendar"},{"floor":26,"key":"Blood Vial"},{"floor":43,"key":"Shovel"},{"floor":46,"key":"FossilizedHelix"},{"floor":49,"key":"CaptainsWheel"}],"event_choices":[{"damage_healed":0,"gold_gain":0,"player_choice":"Ignored","damage_taken":0,"max_hp_gain":0,"max_hp_loss":0,"event_name":"Shining Light","floor":2,"gold_loss":0},{"damage_healed":0,"gold_gain":175,"player_choice":"AGREE","damage_taken":0,"max_hp_gain":0,"max_hp_loss":0,"event_name":"Liars Game","floor":3,"gold_loss":0,"cards_obtained":["Doubt"]},{"damage_healed":0,"gold_gain":0,"player_choice":"Take Wound","damage_taken":0,"relics_obtained":["Golden Idol"],"max_hp_gain":0,"max_hp_loss":0,"event_name":"Golden Idol","floor":4,"gold_loss":0,"cards_obtained":["Injury"]},{"damage_healed":0,"gold_gain":0,"player_choice":"Grow","damage_taken":0,"max_hp_gain":0,"max_hp_loss":0,"event_name":"Living Wall","floor":11,"gold_loss":0,"cards_upgraded":["Fire Breathing"]},{"damage_healed":0,"gold_gain":30,"player_choice":"Searched \u00272\u0027 times","damage_taken":0,"relics_obtained":["Happy Flower"],"max_hp_gain":0,"max_hp_loss":0,"event_name":"Dead Adventurer","floor":12,"gold_loss":0},{"damage_healed":26,"gold_gain":0,"player_choice":"Healed","damage_taken":0,"max_hp_gain":0,"max_hp_loss":0,"event_name":"The Cleric","floor":14,"gold_loss":35},{"damage_healed":0,"gold_gain":0,"player_choice":"Stopped","damage_taken":9,"max_hp_gain":0,"max_hp_loss":0,"event_name":"Cursed Tome","floor":19,"gold_loss":0},{"damage_healed":0,"gold_gain":0,"player_choice":"Opened","damage_taken":0,"relics_obtained":["Frozen Egg 2"],"max_hp_gain":0,"max_hp_loss":0,"event_name":"The Mausoleum","floor":30,"gold_loss":0,"cards_obtained":["Writhe"]},{"damage_healed":0,"gold_gain":0,"player_choice":"Simplicity","damage_taken":0,"max_hp_gain":0,"max_hp_loss":0,"event_name":"Back to Basics","floor":31,"gold_loss":0,"cards_upgraded":["Strike_R","Strike_R","Strike_R","Strike_R","Strike_R","Defend_R","Defend_R","Defend_R","Defend_R"]},{"damage_healed":0,"gold_gain":0,"player_choice":"Ignored","damage_taken":0,"max_hp_gain":0,"max_hp_loss":0,"event_name":"Mysterious Sphere","floor":44,"gold_loss":0},{"damage_healed":26,"gold_gain":0,"player_choice":"Writhe","damage_taken":0,"max_hp_gain":0,"max_hp_loss":0,"event_name":"Winding Halls","floor":47,"gold_loss":0,"cards_obtained":["Writhe"]},{"damage_healed":0,"gold_gain":0,"player_choice":"Upgrade","damage_taken":0,"relics_obtained":["Mark of the Bloom"],"max_hp_gain":0,"max_hp_loss":0,"event_name":"MindBloom","floor":48,"gold_loss":0,"cards_upgraded":["Metallicize","Shrug It Off"]}],"is_beta":false,"boss_relics":[{"not_picked":["Snecko Eye","Astrolabe"],"picked":"Black Star"},{"not_picked":["Runic Cube","Coffee Dripper"],"picked":"SacredBark"}],"items_purged_floors":[],"is_endless":false,"potions_floor_spawned":[8,36,45],"killed_by":"Donu and Deca","ascension_level":0}}