{"host":"twbuyd87gsx4w7po","time":1611691430,"event":{"mods":["BaseMod","Downfall","Minty Spire (QoL Compilation)","StSLib"],"gold_per_floor":[99,112,131,147,147,164,164,189,206,206,224,244,244,255,265,365,365,365,375,81,81,93,120,120,5,39,39,39,57,57,76,93,194,194,194,207,207,222,238,238,238,238,249,48,67,67,92,92,104,104],"floor_reached":51,"language":"ENG","playtime":4399,"items_purged":["Guardian:Strike_Guardian","Guardian:Reroute"],"score":776,"play_id":"d693d1e2-4374-48ad-a9a7-83771975174e","local_time":"20210126120350","is_ascension_mode":true,"campfire_choices":[{"data":"Guardian:TwinSlam","floor":1.0,"key":"SMITH"},{"floor":10.0,"key":"REST"},{"data":"Guardian:Defend_Guardian","floor":13.0,"key":"SMITH"},{"data":"Guardian:TimeCapacitor","floor":18.0,"key":"SMITH"},{"data":"Guardian:TemporalShield","floor":28.0,"key":"SMITH"},{"data":"Guardian:StasisField","floor":30.0,"key":"SMITH"},{"data":"Guardian:TemporalShield","floor":35,"key":"SMITH"},{"data":"Guardian:Orbwalk","floor":40,"key":"SMITH"},{"data":"Guardian:ExploitGems","floor":46,"key":"SMITH"}],"circlet_count":0,"master_deck":["Guardian:Strike_Guardian","Guardian:Strike_Guardian","Guardian:Defend_Guardian+1","Guardian:Defend_Guardian","Guardian:CurlUp","Guardian:TwinSlam+1","Guardian:Reroute","Guardian:FuturePlans","Guardian:BronzeOrb","Guardian:TemporalStrike","Guardian:TimeCapacitor+1","Guardian:StasisField+1","Guardian:Clone+1","Guardian:Planning+1","Guardian:Incinerate","Guardian:ShieldCharger","Guardian:TemporalShield+1","Guardian:TemporalShield+1","Guardian:ExploitGems+1","Guardian:Orbwalk+1","Guardian:Gem_Lightblue","Guardian:FloatingOrbs","Guardian:ChargeUp+1"],"relics":["Guardian:ModeShifter","TungstenRod","Bird Faced Urn","Guardian:StasisSlotReductionRelic","Vajra","StrikeDummy","CaptainsWheel","Pantograph","MealTicket","Sozu","Toy Ornithopter","HandDrill","Akabeko"],"acts_visited":["Exordium","TheCity","TheBeyond"],"potions_floor_usage":[50,50,50],"damage_taken":[{"damage":6.0,"enemies":"Cultist","floor":2.0,"turns":4.0},{"damage":3.0,"enemies":"Jaw Worm","floor":3.0,"turns":4.0},{"damage":10.0,"enemies":"Small Slimes","floor":4.0,"turns":4.0},{"damage":2.0,"enemies":"2 Fungi Beasts","floor":6.0,"turns":3.0},{"damage":30.0,"enemies":"Lagavulin","floor":8.0,"turns":6.0},{"damage":6.0,"enemies":"Large Slime","floor":9.0,"turns":5.0},{"damage":2.0,"enemies":"Blue Slaver","floor":11.0,"turns":4.0},{"damage":5.0,"enemies":"Exordium Thugs","floor":12.0,"turns":4.0},{"damage":1.0,"enemies":"Large Slime","floor":14.0,"turns":4.0},{"damage":4.0,"enemies":"Blue Slaver","floor":15.0,"turns":3.0},{"damage":30.0,"enemies":"DF_ARCHETYPE_STREAMLINE","floor":16.0,"turns":11.0},{"damage":3.0,"enemies":"Shell Parasite","floor":19.0,"turns":5.0},{"damage":2.0,"enemies":"downfall:FleeingMerchant","floor":20.0,"turns":4.0},{"damage":3.0,"enemies":"Spheric Guardian","floor":22.0,"turns":4.0},{"damage":40.0,"enemies":"Slavers","floor":23.0,"turns":9.0},{"damage":0.0,"enemies":"downfall:FleeingMerchant","floor":25.0,"turns":4.0},{"damage":27.0,"enemies":"Gremlin Leader","floor":26.0,"turns":11.0},{"damage":0.0,"enemies":"Snecko","floor":29.0,"turns":5.0},{"damage":16.0,"enemies":"Snake Plant","floor":31.0,"turns":5.0},{"damage":4.0,"enemies":"Sentry and Sphere","floor":32.0,"turns":6.0},{"damage":8.0,"enemies":"WA_ARCHETYPE_CALM","floor":33.0,"turns":16.0},{"damage":0,"enemies":"Orb Walker","floor":36,"turns":4},{"damage":0,"enemies":"3 Shapes","floor":38,"turns":5},{"damage":13,"enemies":"Jaw Worm Horde","floor":39,"turns":5},{"damage":0,"enemies":"3 Darklings","floor":43,"turns":7},{"damage":3,"enemies":"downfall:FleeingMerchant","floor":44,"turns":4},{"damage":6,"enemies":"Transient","floor":45,"turns":5},{"damage":55,"enemies":"Reptomancer","floor":47,"turns":6},{"damage":1,"enemies":"Maw","floor":49,"turns":6},{"damage":37,"enemies":"IC_BLOCK_ARCHETYPE","floor":50,"turns":7}],"seed_played":"6331132837185531945","potions_obtained":[{"floor":6.0,"key":"Guardian:BlockOnCardUsePotion"},{"floor":8.0,"key":"AttackPotion"},{"floor":11.0,"key":"hexamod:SoulburnPotion"},{"floor":14.0,"key":"Strength Potion"},{"floor":15.0,"key":"Guardian:DefensiveModePotion"},{"floor":22.0,"key":"Regen Potion"},{"floor":26.0,"key":"Dexterity Potion"},{"floor":27.0,"key":"CultistPotion"},{"floor":31.0,"key":"ColorlessPotion"},{"floor":33.0,"key":"Regen Potion"}],"is_trial":false,"path_per_floor":["R","M","M","M","?","M","T","E","M","R","M","M","R","M","M","B",null,"R","M","$","?","M","E","T","$","E","?","R","M","R","M","M","B",null,"R","M","?","M","M","R","T","?","M","$","M","R","E","?","M","B",null],"character_chosen":"GUARDIAN","items_purchased":["Vajra","Guardian:Incinerate","Guardian:FloatingOrbs","HandDrill"],"campfire_rested":1,"item_purchase_floors":[20,20,44,44],"current_hp_per_floor":[80,74,71,61,61,59,59,29,25,49,49,46,46,49,49,23,80,80,77,79,79,77,41,41,45,37,37,37,41,41,29,29,50,80,80,80,80,80,71,71,71,71,77,79,78,78,27,27,34,53],"gold":104,"neow_bonus":"THREE_CARDS","is_daily":false,"chose_seed":false,"campfire_upgraded":8,"win_rate":0.0,"timestamp":1611691430,"path_taken":["R","M","M","?","?","M","T","E","?","R","M","M","R","M","M","BOSS","R","M","$","?","M","E","T","$","E","?","R","M","R","M","M","BOSS","R","M","?","M","?","R","T","?","M","$","M","R","E","?","M","BOSS"],"items_purchased_type":["Relic","Card","Card","Relic"],"build_version":"2020-12-22","purchased_purges":2,"victory":true,"max_hp_per_floor":[80,80,80,80,80,80,80,80,80,80,80,80,80,80,80,80,80,80,80,80,80,80,80,80,80,80,80,80,80,80,80,80,80,80,80,80,80,80,80,80,80,80,80,80,80,80,80,80,80,80],"card_choices":[{"not_picked":["Guardian:WalkerClaw","Guardian:VentSteam"],"picked":"Guardian:Gem_Yellow","floor":0.0},{"not_picked":["Guardian:PiercingHide","Guardian:CrystalBeam"],"picked":"Guardian:Reroute","floor":2.0},{"not_picked":["Guardian:SpikerProtocol","Guardian:Gem_Lightblue","Guardian:PrimingBeam"],"picked":"SKIP","floor":3.0},{"not_picked":["Guardian:Gem_Crimson","Guardian:Repulse"],"picked":"Guardian:Gem_Cyan","floor":4.0},{"not_picked":["Guardian:Gem_Lightblue","Guardian:WalkerClaw"],"picked":"Guardian:Reroute","floor":6.0},{"not_picked":["Guardian:VentSteam","Guardian:Suspension"],"picked":"Guardian:FuturePlans","floor":8.0},{"not_picked":["Guardian:Reroute","Guardian:Incinerate"],"picked":"Guardian:BronzeOrb","floor":9.0},{"not_picked":["Guardian:EvasiveProtocol","Guardian:Planning"],"picked":"Guardian:TemporalStrike","floor":11.0},{"not_picked":["Guardian:BronzeArmor","Guardian:DonusPower"],"picked":"Guardian:TimeCapacitor","floor":12.0},{"not_picked":["Guardian:PrismaticBarrier","Guardian:Gem_Fragmented"],"picked":"Guardian:Gem_White","floor":14.0},{"not_picked":["Guardian:RevengeProtocol","Guardian:RollAttack","Guardian:TemporalStrike"],"picked":"SKIP","floor":15.0},{"not_picked":["Guardian:GatlingBeam","Guardian:ConstructionForm"],"picked":"Guardian:StasisField","floor":16.0},{"not_picked":["Guardian:SpikerProtocol","Guardian:PrismaticBarrier"],"picked":"Guardian:Clone+1","floor":19.0},{"not_picked":["Guardian:WalkerClaw","Guardian:PrimingBeam"],"picked":"Guardian:Planning+1","floor":20.0},{"not_picked":["Guardian:Preprogram+1","Guardian:ChargeCore"],"picked":"Guardian:Gem_Green","floor":22.0},{"not_picked":["Guardian:BronzeOrb","Guardian:WalkerClaw"],"picked":"Guardian:ShieldCharger","floor":23.0},{"not_picked":["Guardian:TimeBomb","Guardian:TemporalStrike+1","Guardian:GuardianWhirl"],"picked":"SKIP","floor":25.0},{"not_picked":["Guardian:RollAttack","Guardian:VentSteam"],"picked":"Guardian:TemporalShield","floor":26.0},{"not_picked":["Guardian:FloatingOrbs+1","Guardian:VentSteam"],"picked":"Guardian:Gem_Purple","floor":29.0},{"not_picked":["Guardian:ShieldCharger","Guardian:FloatingOrbs","Guardian:Planning"],"picked":"SKIP","floor":31.0},{"not_picked":["Guardian:Suspension","Guardian:TemporalStrike+1"],"picked":"Guardian:TemporalShield","floor":32.0},{"not_picked":["Guardian:GemFire","Guardian:AncientConstruct"],"picked":"Guardian:ExploitGems","floor":33.0},{"not_picked":["Guardian:ChargeCore","Guardian:SpikerProtocol"],"picked":"Guardian:Orbwalk","floor":36},{"not_picked":["Guardian:Suspension","Guardian:ShieldSpikes+1","Guardian:VentSteam"],"picked":"SKIP","floor":38},{"not_picked":["Guardian:RollAttack+1","Guardian:Reroute+1"],"picked":"Guardian:Gem_Green","floor":39},{"not_picked":["Guardian:TemporalStrike","Guardian:PiercingHide"],"picked":"Guardian:Gem_Lightblue","floor":43},{"not_picked":["Guardian:Recover+1","Guardian:Gem_Purple"],"picked":"Guardian:Gem_Synthetic","floor":44},{"not_picked":["Guardian:RollAttack+1","Guardian:PiercingHide"],"picked":"Guardian:Gem_White","floor":45},{"not_picked":["Guardian:WalkerClaw+1","Guardian:TimeBomb+1"],"picked":"Guardian:ChargeUp+1","floor":47},{"not_picked":["Guardian:PiercingHide","Guardian:Emergency+1","Guardian:ChargeCore+1"],"picked":"SKIP","floor":49}],"player_experience":365104,"relics_obtained":[{"floor":7.0,"key":"TungstenRod"},{"floor":8.0,"key":"Bird Faced Urn"},{"floor":23.0,"key":"CaptainsWheel"},{"floor":24.0,"key":"Pantograph"},{"floor":26.0,"key":"MealTicket"},{"floor":41,"key":"Toy Ornithopter"},{"floor":47,"key":"Akabeko"}],"event_choices":[{"cards_removed":["Guardian:Defend_Guardian"],"damage_healed":0,"gold_gain":0,"player_choice":"Offered Basic","damage_taken":0,"max_hp_gain":0,"max_hp_loss":0,"event_name":"Bonfire Elementals","floor":37,"gold_loss":0},{"damage_healed":0,"gold_gain":0,"player_choice":"Ignored","damage_taken":0,"max_hp_gain":0,"max_hp_loss":0,"event_name":"Mysterious Sphere","floor":48,"gold_loss":0}],"is_beta":false,"boss_relics":[{"not_picked":["Busted Crown","Astrolabe"],"picked":"Guardian:StasisSlotReductionRelic"},{"not_picked":["Runic Pyramid","Runic Dome"],"picked":"Sozu"}],"items_purged_floors":[20,25],"is_endless":false,"potions_floor_spawned":[6,8,11,14,15,22,26,31,32,33,36,38,39],"ascension_level":3}}