{"host":"jumrmhf584hajrnz","time":1611663843,"event":{"mods":["BaseMod","Duelist Mod","GifTheSpireLib","Minty Spire (QoL Compilation)","Quick Restart","Replay The Spire","StSLib"],"gold_per_floor":[137,151,151,151,171,171,321,346,428,463,486,48,79,100,100,180,180,200,200,200,219,248,248,248],"floor_reached":23,"language":"ENG","playtime":1636,"items_purged":["Doubt"],"score":398,"play_id":"82ba2256-4f9b-46ac-85d7-f2b741793841","local_time":"20210126132403","is_ascension_mode":true,"campfire_choices":[{"floor":6,"key":"RECALL"},{"floor":15,"key":"REST"}],"circlet_count":0,"master_deck":["theDuelist:InfernoFireBlast","theDuelist:NeoMagic","theDuelist:NeoMagic","theDuelist:InjectionFairy","theDuelist:InariFire","theDuelist:Sparks","theDuelist:MysticalElf+1","theDuelist:GateGuardian","theDuelist:Sparks","theDuelist:InfernoFireBlast","theDuelist:CastleWalls+1","theDuelist:InjectionFairy","ReplayUltimateDefense","theDuelist:TimeWizard","theDuelist:SkilledDarkMagician","theDuelist:Sparks","AscendersBane","theDuelist:DarkMagician","theDuelist:CastleWalls","theDuelist:MysticalElf","theDuelist:RainbowKuriboh","theDuelist:BigFire+1","theDuelist:Illusionist","theDuelist:InjectionFairy"],"relics":["theDuelist:MillenniumPuzzle","theDuelist:CardPoolRelic","theDuelist:CardPoolBasicRelic","theDuelist:BoosterPackPoolRelic","theDuelist:CardPoolAddRelic","theDuelist:CardPoolMinusRelic","theDuelist:CardPoolSaveRelic","theDuelist:CardPoolOptionsRelic","War Paint","Pen Nib","CeramicFish","Ancient Tea Set","Odd Mushroom","Philosopher\u0027s Stone"],"acts_visited":["Exordium","TheCity"],"potions_floor_usage":[8,13,16,23],"damage_taken":[{"damage":0,"enemies":"Jaw Worm","floor":1,"turns":4},{"damage":0,"enemies":"2 Louse","floor":2,"turns":2},{"damage":2,"enemies":"Small Slimes","floor":5,"turns":3},{"damage":14,"enemies":"Lagavulin","floor":8,"turns":5},{"damage":23,"enemies":"3 Sentries","floor":10,"turns":9},{"damage":21,"enemies":"The Mushroom Lair","floor":13,"turns":5},{"damage":0,"enemies":"2 Fungi Beasts","floor":14,"turns":3},{"damage":4,"enemies":"Fading Forest","floor":16,"turns":13},{"damage":11,"enemies":"2 Thieves","floor":18,"turns":4},{"damage":4,"enemies":"Chosen","floor":21,"turns":4},{"damage":5,"enemies":"Snecko","floor":22,"turns":4},{"damage":77,"enemies":"Book of Stabbing","floor":23,"turns":5}],"seed_played":"-5471803897430007670","potions_obtained":[{"floor":5,"key":"Fire Potion"},{"floor":8,"key":"theDuelist:SealedPack"},{"floor":10,"key":"SkillPotion"},{"floor":13,"key":"FearPotion"}],"is_trial":false,"path_per_floor":["M","M","?","?","M","R","?","E","T","E","T","$","?","M","R","B",null,"M","?","?","M","M","E"],"character_chosen":"THE_DUELIST","items_purchased":["Ancient Tea Set","ReplayUltimateDefense"],"campfire_rested":1,"item_purchase_floors":[12,12],"current_hp_per_floor":[63,63,63,63,61,61,61,55,55,40,40,40,19,27,48,70,70,67,67,67,66,69,0,0],"gold":248,"neow_bonus":"THREE_CARDS","is_daily":false,"chose_seed":false,"campfire_upgraded":0,"win_rate":0.0,"timestamp":1611663843,"path_taken":["M","M","?","?","M","R","?","E","T","E","?","$","?","M","R","BOSS","M","?","?","M","?","E"],"items_purchased_type":["Relic","Card"],"build_version":"2020-12-22","purchased_purges":1,"victory":false,"max_hp_per_floor":[70,70,70,70,70,70,70,70,70,70,70,70,70,70,70,70,70,70,70,70,70,70,70,70],"card_choices":[{"not_picked":["theDuelist:NeoMagic","theDuelist:BlizzardPrincess"],"picked":"theDuelist:InfernoFireBlast","floor":0},{"not_picked":["theDuelist:SilentDoom","theDuelist:CircleFireKings","theDuelist:PowerKaishin","theDuelist:MagiciansRobe"],"picked":"theDuelist:InfernoFireBlast","floor":1},{"not_picked":["theDuelist:ExodiaLA","theDuelist:CallAtlanteans","theDuelist:CrystalWingDragon","theDuelist:MagicalBlast"],"picked":"theDuelist:InariFire","floor":2},{"not_picked":["theDuelist:BlizzardWarrior","theDuelist:ThousandEyesIdol","theDuelist:DarkMagicianGirl","theDuelist:OnslaughtFireKings"],"picked":"theDuelist:InjectionFairy","floor":5},{"not_picked":["theDuelist:MagiciansRod","theDuelist:InariFire","theDuelist:GoblinSecret","theDuelist:BadReaction"],"picked":"theDuelist:TimeWizard","floor":8},{"not_picked":["theDuelist:ExodiaHead","theDuelist:IrisEarthMother","theDuelist:VoidVanishment","theDuelist:IceQueen"],"picked":"theDuelist:GateGuardian","floor":10},{"not_picked":["theDuelist:SangaThunder","theDuelist:FlyingSaucer","theDuelist:MysticalElf","theDuelist:GeminiElf"],"picked":"theDuelist:InjectionFairy","floor":13},{"not_picked":["theDuelist:SpellShatteringArrow","theDuelist:GeminiElf","theDuelist:ExodiaLL","theDuelist:AltarTribute"],"picked":"theDuelist:SkilledDarkMagician","floor":14},{"not_picked":["theDuelist:RainbowDarkDragon","theDuelist:IrisEarthMother","theDuelist:RainbowMagician","theDuelist:RainbowOverdragon"],"picked":"theDuelist:RainbowKuriboh","floor":16},{"not_picked":["theDuelist:WingedKuriboh","theDuelist:GreenGraveOni","theDuelist:PreventRat","theDuelist:GilfordLegend"],"picked":"theDuelist:BigFire","floor":18},{"not_picked":["theDuelist:LegendaryExodia","theDuelist:ExodiaRA","theDuelist:Relinquished","theDuelist:SangaThunder"],"picked":"theDuelist:Illusionist","floor":21},{"not_picked":["theDuelist:DarkMagician","theDuelist:ThousandEyesIdol","theDuelist:PowerKaishin","theDuelist:StatueAnguishPattern"],"picked":"theDuelist:InjectionFairy","floor":22}],"player_experience":1540443,"relics_obtained":[{"floor":8,"key":"War Paint"},{"floor":10,"key":"Pen Nib"},{"floor":11,"key":"CeramicFish"},{"floor":13,"key":"Odd Mushroom"}],"event_choices":[{"damage_healed":0,"gold_gain":0,"player_choice":"Leave","duelist":true,"damage_taken":0,"max_hp_gain":0,"max_hp_loss":0,"event_name":"Egyptian Village","floor":3,"gold_loss":0},{"damage_healed":0,"gold_gain":150,"player_choice":"AGREE","damage_taken":0,"max_hp_gain":0,"max_hp_loss":0,"event_name":"Liars Game","floor":7,"gold_loss":0,"cards_obtained":["Doubt"]},{"damage_healed":0,"gold_gain":0,"player_choice":"Fought Mushrooms","damage_taken":0,"max_hp_gain":0,"max_hp_loss":0,"event_name":"Mushrooms","floor":13,"gold_loss":0},{"damage_healed":0,"gold_gain":0,"player_choice":"Forge","damage_taken":0,"max_hp_gain":0,"max_hp_loss":0,"event_name":"Accursed Blacksmith","floor":20,"gold_loss":0,"cards_upgraded":["theDuelist:BigFire"]}],"is_beta":false,"boss_relics":[{"not_picked":["Runic Pyramid","Snecko Eye"],"picked":"Philosopher\u0027s Stone"}],"items_purged_floors":[12],"is_endless":false,"potions_floor_spawned":[5,8,10,13,22],"killed_by":"Book of Stabbing","ascension_level":20}}