{"host":"928gv66myv2vlnsd","time":1611688229,"event":{"mods":["BaseMod","Minty Spire (QoL Compilation)","StSLib"],"gold_per_floor":[59,95,134,409,446,446,481,481,504,84,84,119,119,212,212,314,314,338,382,407,407],"floor_reached":20,"language":"ENG","playtime":924,"items_purged":["Regret"],"score":313,"play_id":"396aed22-8d33-4ab5-8240-e2e8a04a3329","local_time":"20210126141029","is_ascension_mode":true,"campfire_choices":[{"data":"HandOfGreed","floor":6,"key":"SMITH"},{"floor":8,"key":"REST"},{"floor":15,"key":"REST"}],"circlet_count":0,"master_deck":["AscendersBane","Strike_G","Strike_G","Strike_G","Strike_G","Strike_G","Defend_G","Defend_G","Defend_G+1","Defend_G","Defend_G","Survivor","Neutralize","HandOfGreed+1","Escape Plan","Infinite Blades+1","Catalyst","Backflip","Poisoned Stab","Footwork","Deadly Poison","Night Terror"],"relics":["Ring of the Snake","Bag of Marbles","MealTicket","Lizard Tail","CeramicFish","Golden Idol","Snecko Eye"],"acts_visited":["Exordium","TheCity"],"potions_floor_usage":[7,20,20],"damage_taken":[{"damage":0,"enemies":"2 Louse","floor":1,"turns":3},{"damage":0,"enemies":"Cultist","floor":2,"turns":4},{"damage":0,"enemies":"Jaw Worm","floor":3,"turns":4},{"damage":18,"enemies":"Exordium Thugs","floor":5,"turns":6},{"damage":26,"enemies":"Gremlin Nob","floor":7,"turns":5},{"damage":13,"enemies":"Lagavulin","floor":12,"turns":7},{"damage":1,"enemies":"3 Louse","floor":14,"turns":7},{"damage":14,"enemies":"The Guardian","floor":16,"turns":11},{"damage":16,"enemies":"Chosen","floor":18,"turns":7},{"damage":32,"enemies":"3 Byrds","floor":19,"turns":7},{"damage":44,"enemies":"Masked Bandits","floor":20,"turns":4}],"seed_played":"-2831698837085509922","potions_obtained":[{"floor":1,"key":"BlessingOfTheForge"},{"floor":3,"key":"Swift Potion"},{"floor":16,"key":"PowerPotion"}],"is_trial":false,"path_per_floor":["M","M","M","?","M","R","E","R","T","$","?","E","?","M","R","B",null,"M","M","?"],"character_chosen":"THE_SILENT","items_purchased":["Lizard Tail","Footwork"],"campfire_rested":2,"item_purchase_floors":[10,10],"current_hp_per_floor":[59,59,59,59,41,41,15,34,34,49,36,23,23,22,40,26,52,36,4,0,0],"gold":407,"neow_bonus":"RANDOM_COLORLESS_2","is_daily":false,"chose_seed":false,"campfire_upgraded":1,"win_rate":0.0,"timestamp":1611688229,"path_taken":["M","M","M","?","?","R","E","R","T","$","?","E","?","?","R","BOSS","M","M","?"],"items_purchased_type":["Relic","Card"],"build_version":"2020-12-22","purchased_purges":1,"victory":false,"max_hp_per_floor":[66,66,66,66,66,66,66,66,66,66,66,66,61,61,61,61,61,61,61,61,61],"card_choices":[{"not_picked":["Metamorphosis","Transmutation"],"picked":"HandOfGreed","floor":0},{"not_picked":["Sucker Punch","Dagger Throw"],"picked":"Escape Plan","floor":1},{"not_picked":["Underhanded Strike","Choke"],"picked":"Infinite Blades","floor":2},{"not_picked":["Outmaneuver","Bane"],"picked":"Catalyst","floor":3},{"not_picked":["Predator","Glass Knife"],"picked":"Backflip","floor":5},{"not_picked":["Flechettes","Quick Slash"],"picked":"Poisoned Stab","floor":7},{"not_picked":["Skewer","Setup"],"picked":"Deadly Poison","floor":12},{"not_picked":["Outmaneuver","Prepared","Choke"],"picked":"SKIP","floor":14},{"not_picked":["Doppelganger","Glass Knife"],"picked":"Night Terror","floor":16},{"not_picked":["Blade Dance","Dodge and Roll","Expertise"],"picked":"SKIP","floor":18},{"not_picked":["Tactician","Poisoned Stab","Quick Slash"],"picked":"SKIP","floor":19}],"player_experience":1341841,"relics_obtained":[{"floor":7,"key":"Bag of Marbles"},{"floor":9,"key":"MealTicket"},{"floor":12,"key":"CeramicFish"}],"event_choices":[{"damage_healed":0,"gold_gain":275,"player_choice":"Desecrate","damage_taken":0,"max_hp_gain":0,"max_hp_loss":0,"event_name":"Golden Shrine","floor":4,"gold_loss":0,"cards_obtained":["Regret"]},{"damage_healed":0,"gold_gain":0,"player_choice":"Entered Light","damage_taken":13,"max_hp_gain":0,"max_hp_loss":0,"event_name":"Shining Light","floor":11,"gold_loss":0,"cards_upgraded":["Defend_G","Infinite Blades"]},{"damage_healed":0,"gold_gain":0,"player_choice":"Lose Max HP","damage_taken":0,"relics_obtained":["Golden Idol"],"max_hp_gain":0,"max_hp_loss":5,"event_name":"Golden Idol","floor":13,"gold_loss":0},{"damage_healed":0,"gold_gain":0,"player_choice":"Fought Bandits","damage_taken":0,"max_hp_gain":0,"max_hp_loss":0,"event_name":"Masked Bandits","floor":20,"gold_loss":0}],"is_beta":false,"boss_relics":[{"not_picked":["WristBlade","Cursed Key"],"picked":"Snecko Eye"}],"items_purged_floors":[10],"is_endless":false,"potions_floor_spawned":[1,3,16],"killed_by":"Masked Bandits","ascension_level":14}}