{"host":"fevvm7bbzuh4s1jc","time":1611636020,"event":{"mods":["BaseMod","Highlight Path","Minty Spire (QoL Compilation)","Relic Stats"],"gold_per_floor":[159,16,16,27,43,43,63,96,119,145,145,176,176,5,5,83,83,101,26,37,37,56,56,86,86,86,121,139,139,166,0,0,75,75,86,99,99,109,34,60,60,86,86,114,132,45,45,63,63,63,63,63],"floor_reached":51,"language":"ENG","playtime":2388,"items_purged":["Strike_R"],"score":1822,"play_id":"0fbcd400-1ddf-455b-9096-6151835c3ee6","local_time":"20210125234020","is_ascension_mode":true,"campfire_choices":[{"data":"Rupture","floor":6.0,"key":"SMITH"},{"data":"Pommel Strike","floor":11.0,"key":"SMITH"},{"data":"Disarm","floor":13.0,"key":"SMITH"},{"data":"Disarm","floor":15.0,"key":"SMITH"},{"data":"Shockwave","floor":23.0,"key":"SMITH"},{"data":"Corruption","floor":25.0,"key":"SMITH"},{"data":"Ghostly","floor":29.0,"key":"SMITH"},{"floor":32.0,"key":"REST"},{"floor":41.0,"key":"REST"},{"floor":49.0,"key":"RECALL"}],"circlet_count":0,"master_deck":["AscendersBane","Strike_R","Strike_R","Strike_R+1","Defend_R","Defend_R","Defend_R","Defend_R","Bash","Perfected Strike","Disarm+1","Rupture+1","Pain","Shrug It Off","Pommel Strike+1","Sword Boomerang","Disarm+1","Corruption+1","Dark Embrace+1","Shockwave+1","Ghostly+1","Ghostly","Ghostly","Blood for Blood+1","Sword Boomerang","Reaper","Dark Embrace+1","Offering","Decay","Feel No Pain+1"],"relics":["Tiny House","WarpedTongs","Blood Vial","PreservedInsect","Bag of Marbles","Boot","Happy Flower","Cursed Key","Bag of Preparation","Strawberry","Frozen Egg 2","Dream Catcher","Black Star","MealTicket","Oddly Smooth Stone","Red Skull","Smiling Mask","Anchor","Paper Frog"],"acts_visited":["TheCity","TheBeyond"],"potions_floor_usage":[],"damage_taken":[{"damage":1.0,"enemies":"2 Louse","floor":1.0,"turns":3.0},{"damage":6.0,"enemies":"Cultist","floor":4.0,"turns":4.0},{"damage":3.0,"enemies":"Small Slimes","floor":5.0,"turns":3.0},{"damage":3.0,"enemies":"2 Fungi Beasts","floor":7.0,"turns":4.0},{"damage":4.0,"enemies":"Gremlin Nob","floor":8.0,"turns":2.0},{"damage":15.0,"enemies":"Lagavulin","floor":10.0,"turns":6.0},{"damage":15.0,"enemies":"3 Sentries","floor":12.0,"turns":4.0},{"damage":8.0,"enemies":"Hexaghost","floor":16.0,"turns":9.0},{"damage":14.0,"enemies":"Shell Parasite","floor":18.0,"turns":4.0},{"damage":8.0,"enemies":"Spheric Guardian","floor":20.0,"turns":4.0},{"damage":1.0,"enemies":"Centurion and Healer","floor":22.0,"turns":8.0},{"damage":7.0,"enemies":"Slavers","floor":24.0,"turns":5.0},{"damage":3.0,"enemies":"Gremlin Leader","floor":27.0,"turns":4.0},{"damage":9.0,"enemies":"3 Cultists","floor":28.0,"turns":5.0},{"damage":13.0,"enemies":"Slavers","floor":30.0,"turns":7.0},{"damage":13.0,"enemies":"Champ","floor":33.0,"turns":7.0},{"damage":5.0,"enemies":"Orb Walker","floor":35.0,"turns":3.0},{"damage":4.0,"enemies":"3 Darklings","floor":36.0,"turns":4.0},{"damage":43.0,"enemies":"Spire Growth","floor":38.0,"turns":6.0},{"damage":21.0,"enemies":"Reptomancer","floor":40.0,"turns":5.0},{"damage":13.0,"enemies":"Nemesis","floor":42.0,"turns":3.0},{"damage":14.0,"enemies":"Giant Head","floor":44.0,"turns":4.0},{"damage":29.0,"enemies":"Maw","floor":45.0,"turns":5.0},{"damage":13.0,"enemies":"Writhing Mass","floor":48.0,"turns":5.0},{"damage":37.0,"enemies":"Donu and Deca","floor":50.0,"turns":7.0},{"damage":0,"enemies":"Awakened One","floor":51,"turns":1}],"seed_played":"2805724311589483120","potions_obtained":[{"floor":0.0,"key":"ElixirPotion"},{"floor":4.0,"key":"EssenceOfSteel"},{"floor":5.0,"key":"Energy Potion"},{"floor":8.0,"key":"BloodPotion"},{"floor":12.0,"key":"PowerPotion"},{"floor":22.0,"key":"Energy Potion"},{"floor":33.0,"key":"SneckoOil"},{"floor":38.0,"key":"Energy Potion"}],"is_trial":false,"path_per_floor":["M","$","?","M","M","R","M","E","T","E","R","E","R","$","R","B",null,"M","?","M","?","M","R","E","R","T","E","M","R","E","$","R","B",null,"M","M","?","M","$","E","R","E","T","E","M","$","?","M","R","B","B"],"character_chosen":"IRONCLAD","items_purchased":["Rupture","AttackPotion","Happy Flower","Dream Catcher","Feel No Pain+1"],"campfire_rested":2,"item_purchase_floors":[2,2,14,31,46],"current_hp_per_floor":[72,72,72,66,63,63,60,56,56,43,43,30,30,30,30,24,66,54,54,48,40,40,40,33,33,33,39,32,32,21,21,35,24,41,38,47,47,28,28,9,23,46,46,46,42,47,47,47,47,45,47,47],"gold":63,"neow_bonus":"BOSS_RELIC","is_daily":false,"chose_seed":false,"campfire_upgraded":7,"win_rate":0.0,"timestamp":1611636020,"path_taken":["M","$","?","M","?","R","M","E","T","E","R","E","R","?","R","BOSS","M","?","M","?","M","R","E","R","T","E","M","R","E","$","R","BOSS","M","M","?","M","?","E","R","E","T","E","?","$","?","?","R","BOSS","BOSS"],"items_purchased_type":["Card","Potion","Relic","Relic","Card"],"build_version":"2020-12-22","purchased_purges":1,"victory":false,"max_hp_per_floor":[80,80,80,80,80,80,80,80,80,80,80,80,80,80,80,80,80,80,80,80,40,40,40,40,40,40,47,47,47,47,47,47,47,47,47,47,47,47,47,47,47,47,47,47,47,47,47,47,47,47,47,47],"relic_stats":{"Happy Flower":[32],"counters":[26,122],"PreservedInsect":429,"Bag of Preparation":[28],"Boot":[83],"Cursed Key":1,"Smiling Mask":0,"WarpedTongs":[117],"Blood Vial":30,"Dream Catcher":2,"MealTicket":5,"Black Star":3,"obtain_stats":[{"Tiny House":0,"Happy Flower":14,"Oddly Smooth Stone":40,"PreservedInsect":9,"Bag of Preparation":24,"Frozen Egg 2":30,"Boot":12,"Cursed Key":17,"Smiling Mask":42,"Burning Blood":0,"WarpedTongs":3,"Blood Vial":8,"Dream Catcher":31,"Anchor":44,"Strawberry":27,"MealTicket":40,"Bag of Marbles":10,"Black Star":34,"Red Skull":42,"Paper Frog":44},{"Tiny House":0,"Happy Flower":7,"Oddly Smooth Stone":20,"PreservedInsect":5,"Bag of Preparation":12,"Frozen Egg 2":15,"Boot":7,"Cursed Key":8,"Smiling Mask":21,"Burning Blood":0,"WarpedTongs":1,"Blood Vial":5,"Dream Catcher":15,"Anchor":22,"Strawberry":13,"MealTicket":20,"Bag of Marbles":6,"Black Star":16,"Red Skull":21,"Paper Frog":22},{"Tiny House":0,"Happy Flower":26,"Oddly Smooth Stone":97,"PreservedInsect":16,"Bag of Preparation":56,"Frozen Egg 2":72,"Boot":26,"Cursed Key":35,"Smiling Mask":100,"Burning Blood":0,"WarpedTongs":3,"Blood Vial":16,"Dream Catcher":72,"Anchor":104,"Strawberry":60,"MealTicket":97,"Bag of Marbles":22,"Black Star":79,"Red Skull":100,"Paper Frog":104}]},"card_choices":[{"not_picked":["Sword Boomerang","True Grit"],"picked":"Perfected Strike","floor":0.0},{"not_picked":["Fire Breathing","Bloodletting"],"picked":"Disarm","floor":1.0},{"not_picked":["Infernal Blade","True Grit"],"picked":"Shrug It Off","floor":4.0},{"not_picked":["Body Slam","Limit Break","Dual Wield"],"picked":"SKIP","floor":5.0},{"not_picked":["Inflame","Clash"],"picked":"Pommel Strike","floor":7.0},{"not_picked":["Thunderclap","Flex"],"picked":"Sword Boomerang","floor":8.0},{"not_picked":["Thunderclap","Double Tap"],"picked":"Disarm","floor":10.0},{"not_picked":["Anger","Armaments","Sword Boomerang"],"picked":"SKIP","floor":12.0},{"not_picked":["Limit Break","Berserk"],"picked":"Corruption","floor":16.0},{"not_picked":["Sword Boomerang","Disarm"],"picked":"Dark Embrace+1","floor":18.0},{"not_picked":["Infernal Blade","Entrench"],"picked":"Shockwave","floor":20.0},{"not_picked":["Wild Strike","Flex","Pommel Strike"],"picked":"SKIP","floor":22.0},{"not_picked":["Headbutt","Fire Breathing"],"picked":"Blood for Blood+1","floor":24.0},{"not_picked":["Combust","Headbutt","Uppercut"],"picked":"SKIP","floor":27.0},{"not_picked":["Intimidate","Uppercut","Clothesline"],"picked":"SKIP","floor":28.0},{"not_picked":["Pummel","Flex","Clothesline"],"picked":"SKIP","floor":30.0},{"not_picked":["Body Slam","Flex"],"picked":"Sword Boomerang","floor":32.0},{"not_picked":["Offering","Demon Form+1"],"picked":"Reaper","floor":33.0},{"not_picked":["True Grit","Whirlwind","Havoc"],"picked":"SKIP","floor":35.0},{"not_picked":["Sword Boomerang+1","Armaments","Twin Strike+1"],"picked":"SKIP","floor":36.0},{"not_picked":["Iron Wave","Flex"],"picked":"Dark Embrace+1","floor":38.0},{"not_picked":["Flex","Wild Strike"],"picked":"Offering","floor":40.0},{"not_picked":["Flex","Anger","Headbutt"],"picked":"SKIP","floor":42.0},{"not_picked":["Thunderclap+1","Metallicize+1","Sentinel"],"picked":"SKIP","floor":44.0},{"not_picked":["Havoc","Warcry","Dropkick"],"picked":"SKIP","floor":45.0},{"not_picked":["Dark Embrace+1","Thunderclap","Rage"],"picked":"SKIP","floor":48.0}],"player_experience":2749088,"relics_obtained":[{"floor":8.0,"key":"Blood Vial"},{"floor":9.0,"key":"PreservedInsect"},{"floor":10.0,"key":"Bag of Marbles"},{"floor":12.0,"key":"Boot"},{"floor":24.0,"key":"Bag of Preparation"},{"floor":27.0,"key":"Strawberry"},{"floor":30.0,"key":"Frozen Egg 2"},{"floor":40.0,"key":"MealTicket"},{"floor":40.0,"key":"Oddly Smooth Stone"},{"floor":42.0,"key":"Red Skull"},{"floor":42.0,"key":"Smiling Mask"},{"floor":44.0,"key":"Anchor"},{"floor":44.0,"key":"Paper Frog"}],"event_choices":[{"damage_healed":0.0,"max_hp_gain":0.0,"max_hp_loss":0.0,"gold_gain":0.0,"event_name":"Accursed Blacksmith","player_choice":"Rummage","floor":3.0,"gold_loss":0.0,"damage_taken":0.0,"relics_obtained":["WarpedTongs"],"cards_obtained":["Pain"]},{"cards_removed":["Strike_R"],"damage_healed":0.0,"max_hp_gain":0.0,"max_hp_loss":0.0,"gold_gain":0.0,"event_name":"Beggar","player_choice":"Gave Gold","floor":19.0,"gold_loss":75.0,"damage_taken":0.0},{"damage_healed":0.0,"max_hp_gain":0.0,"max_hp_loss":40.0,"gold_gain":0.0,"event_name":"Ghosts","player_choice":"Became a Ghost","floor":21.0,"gold_loss":0.0,"damage_taken":0.0,"cards_obtained":["Ghostly","Ghostly","Ghostly"]},{"damage_healed":0.0,"max_hp_gain":0.0,"max_hp_loss":0.0,"gold_gain":0.0,"event_name":"SecretPortal","player_choice":"Ignored","floor":37.0,"gold_loss":0.0,"damage_taken":0.0},{"damage_healed":0.0,"max_hp_gain":0.0,"max_hp_loss":0.0,"gold_gain":0.0,"event_name":"Fountain of Cleansing","player_choice":"Ignored","floor":47.0,"gold_loss":0.0,"damage_taken":0.0}],"is_beta":false,"boss_relics":[{"not_picked":["Busted Crown","SlaversCollar"],"picked":"Cursed Key"},{"not_picked":["Coffee Dripper","Velvet Choker"],"picked":"Black Star"}],"items_purged_floors":[39],"is_endless":false,"potions_floor_spawned":[4,5,8,12,16,22,28,33,38,42,48],"killed_by":"Awakened One","ascension_level":20}}