{"host":"j4js999tahsli5mc","time":1611638409,"event":{"mods":["AchievementEnabler","Act Like it!","Aspiration","BaseMod","Beaked The Cultist","Better Note","Better Silent Start","Downfall","Energized Spire","GifTheSpireLib","Hermit","Hubris","Lobotomy","LobotomyExtend","Minty Spire (QoL Compilation)","Rare Cards Sparkle","Reliquary","Replay The Spire","StSLib","The Blue Laboratory","The Bug Knight"],"gold_per_floor":[118,118,131,148,158,158,158,158,158,172,172,197,215,227,227,332,332,349,365,379,397,68,68,68,68,68,80,80,46,123,53,53,150,150,165,175,175,88,88,88,119,119,142,142,142,161,18,37,37,37,37,37,37,37,64,64,64],"floor_reached":56,"language":"ENG","playtime":3795,"items_purged":[],"score":702,"play_id":"c342fcc8-804f-44ff-9c39-76e4f70a8ccb","local_time":"20210126002009","is_ascension_mode":false,"campfire_choices":[{"floor":6.0,"key":"RECALL"},{"floor":11,"key":"REST"},{"floor":15,"key":"REST"},{"floor":23,"key":"REST"},{"data":"Panache","floor":25,"key":"SMITH"},{"floor":32,"key":"DIG"},{"floor":40,"key":"REST"},{"floor":42,"key":"REST"},{"data":"Power Through","floor":49,"key":"SMITH"},{"data":"Thunderclap","floor":53,"key":"SMITH"}],"circlet_count":0,"master_deck":["Strike_R","Strike_R","Strike_R","Strike_R","Strike_R","Defend_R","Defend_R","Defend_R","Defend_R","Bash","OSAHOGD","Shrug It Off","ShyLook","ReplayTheSpireMod:LeadingStrike","BeautyBeast","OldLady","Pommel Strike","UniverseFragment","Cleave","Shrug It Off","Feed","Pommel Strike","CENSORED","Rage","ReplayTheSpireMod:Muscle Training+1","Armaments","Panache+1","GreedKing","Armaments","Thunderclap+1","Reaper","BlueStar","Anger+1","Thunderclap+1","Shrug It Off+1","Rampage+1","Power Through+1","Clash+1","LittleHelper","Spot Weakness+1"],"relics":["Burning Blood","CogitoBucket","LetterFromLob","reliquary:Boomerang","RedMistMask","AdjustmentMirror","Mark of Pain","Pear","reliquary:PurpleTingedLeaf","FossilizedHelix","beaked:SacredDeck","AtMidnight","Bag of Marbles","MealTicket","Bag of Marbles","HandDrill","Replay:Baseball"],"acts_visited":["Exordium","TheCity","TheBeyond","TheEnding"],"potions_floor_usage":[20,20,33,33,33,36,50,50,50],"damage_taken":[{"damage":5.0,"enemies":"Jaw Worm","floor":1.0,"turns":5.0},{"damage":10.0,"enemies":"Small Slimes","floor":3.0,"turns":6.0},{"damage":8.0,"enemies":"2 Louse","floor":4.0,"turns":3.0},{"damage":3.0,"enemies":"Blue Slaver","floor":5.0,"turns":4.0},{"damage":17,"enemies":"Lots of Slimes","floor":10,"turns":8},{"damage":31,"enemies":"HollowMod:MossKnight","floor":12,"turns":10},{"damage":4,"enemies":"2 Fungi Beasts","floor":13,"turns":2},{"damage":0,"enemies":"Looter","floor":14,"turns":3},{"damage":8,"enemies":"Slime Boss","floor":16,"turns":6},{"damage":0,"enemies":"Spheric Guardian","floor":18,"turns":2},{"damage":0,"enemies":"Shell Parasite","floor":19,"turns":4},{"damage":12,"enemies":"Cultist and Chosen","floor":20,"turns":4},{"damage":12,"enemies":"Snecko","floor":21,"turns":6},{"damage":26,"enemies":"Centurion and Healer","floor":27,"turns":6},{"damage":72,"enemies":"Automaton","floor":33,"turns":10},{"damage":14,"enemies":"Orb Walker","floor":35,"turns":3},{"damage":84,"enemies":"3 Darklings","floor":36,"turns":15},{"damage":38,"enemies":"HollowMod:StalkingDevout","floor":41,"turns":7},{"damage":47,"enemies":"Maw","floor":46,"turns":8},{"damage":7,"enemies":"Transient","floor":48,"turns":5},{"damage":104,"enemies":"Donu and Deca","floor":50,"turns":7},{"damage":118,"enemies":"Shield and Spear","floor":55,"turns":9},{"damage":52,"enemies":"The Heart","floor":56,"turns":5}],"seed_played":"1307357406198477025","potions_obtained":[{"floor":1.0,"key":"Elixir"},{"floor":3.0,"key":"blueLaboratory:EnragingPotion"},{"floor":5.0,"key":"ElixirPotion"},{"floor":13,"key":"SkillPotion"},{"floor":14,"key":"LiquidMemories"},{"floor":19,"key":"Fruit Juice"},{"floor":20,"key":"blueLaboratory:FrostheartPotion"},{"floor":21,"key":"blueLaboratory:ConflagurationPotion"},{"floor":35,"key":"DuplicationPotion"},{"floor":41,"key":"Strength Potion"},{"floor":46,"key":"Fire Potion"}],"is_trial":false,"path_per_floor":["M","?","M","M","M","R","?","?","T","M","R","E","M","M","R","B",null,"M","M","M","M","$","R","E","R","T","M","?","$","T","$","R","B",null,"M","M","?","$","?","R","E","R","T","T","?","M","$","M","R","B",null,null,"R","$","E","B"],"character_chosen":"IRONCLAD","items_purchased":["Dramatic Entrance","blueLaboratory:IronCompound","Panache","Thunderclap+1","Reckless Charge","blueLaboratory:LouseDecoction","Shrug It Off+1","HandDrill"],"campfire_rested":5,"item_purchase_floors":[22,22,22,29,31,38,38,47],"current_hp_per_floor":[80,83,79,77,80,80,80,83,83,72,83,58,60,66,83,81,83,83,83,82,79,79,88,88,88,98,98,98,98,98,98,98,63,101,98,65,85,85,85,101,86,101,101,101,101,86,101,101,101,77,77,101,101,101,43,0,0],"gold":64,"neow_bonus":"","is_daily":false,"chose_seed":false,"campfire_upgraded":3,"win_rate":0.0,"timestamp":1611638409,"path_taken":["M","?","M","M","M","R","?","?","T","M","R","E","M","M","R","BOSS","M","M","M","M","?","R","E","R","T","M","?","$","?","?","R","BOSS","M","M","?","$","?","R","E","R","T","?","?","?","$","M","R","BOSS","R","$","E","BOSS"],"items_purchased_type":["Card","Potion","Card","Card","Card","Potion","Card","Relic"],"build_version":"2020-12-22","purchased_purges":0,"victory":false,"max_hp_per_floor":[80,83,83,83,83,83,83,83,83,83,83,83,83,83,83,83,83,83,83,88,88,88,88,88,88,98,98,98,98,98,98,98,101,101,101,104,101,101,101,101,101,101,101,101,101,101,101,101,101,101,101,101,101,101,101,101,101],"card_choices":[{"not_picked":["FieryBird","Mercenary"],"picked":"OSAHOGD","floor":1.0},{"not_picked":["ReplayTheSpireMod:Limb From Limb","Body Slam"],"picked":"Shrug It Off","floor":1.0},{"not_picked":["CrumblingArmor","GalaxyChild","CherryBlossoms"],"picked":"Singing Bowl","floor":3.0},{"not_picked":["Thunderclap","Carnage"],"picked":"Ghostly Armor","floor":3.0},{"not_picked":["Yin","NakedNest"],"picked":"ShyLook","floor":4.0},{"not_picked":["Havoc","Sword Boomerang"],"picked":"ReplayTheSpireMod:LeadingStrike","floor":4.0},{"not_picked":["CrumblingArmor","Woodsman","Wellcheers"],"picked":"Singing Bowl","floor":5.0},{"not_picked":["FairyFestival","LongBird"],"picked":"BeautyBeast","floor":5.0},{"not_picked":["Whirlwind","Carnage"],"picked":"Iron Wave","floor":5.0},{"not_picked":["MeatLantern","BigBadWolf"],"picked":"OldLady","floor":10},{"not_picked":["Wild Strike","hubris:ReadiedAction"],"picked":"Pommel Strike","floor":10},{"not_picked":["Wellcheers","LittleHelper"],"picked":"UniverseFragment","floor":12},{"not_picked":["Entrench","Headbutt"],"picked":"Inflame","floor":12},{"not_picked":["Scorched","SpiderBud","Laetitia"],"picked":"Singing Bowl","floor":13},{"not_picked":["Reckless Charge","Limit Break"],"picked":"Cleave","floor":13},{"not_picked":["Bloodbath","SingingMachine","MHz"],"picked":"Singing Bowl","floor":14},{"not_picked":["Whirlwind","Body Slam"],"picked":"Shrug It Off","floor":14},{"not_picked":["Murderer","DespairKnight","PunishingBird"],"picked":"Singing Bowl","floor":16},{"not_picked":["Fiend Fire","Replay:Many Hands"],"picked":"Feed","floor":16},{"not_picked":["FairyFestival","CrumblingArmor","VoidDream"],"picked":"Singing Bowl","floor":18},{"not_picked":["Headbutt","Seeing Red"],"picked":"Pommel Strike","floor":18},{"not_picked":["HeroicMonk","WallGazer"],"picked":"CENSORED","floor":19},{"not_picked":["Warcry+1","Headbutt+1"],"picked":"Rage","floor":19},{"not_picked":["Yin","RedShoes","CherryBlossoms"],"picked":"Singing Bowl","floor":20},{"not_picked":["Scorched","HeroicMonk"],"picked":"LittleHelper","floor":20},{"not_picked":["Dropkick","Corruption"],"picked":"ReplayTheSpireMod:Muscle Training+1","floor":20},{"not_picked":["Scorched","Bloodbath","Laetitia"],"picked":"Singing Bowl","floor":21},{"not_picked":["Blood for Blood","Replay:Undeath\u0027s Touch"],"picked":"Armaments","floor":21},{"not_picked":["Yin","FairyFestival"],"picked":"GreedKing","floor":27},{"not_picked":["Dark Embrace","Second Wind"],"picked":"Armaments","floor":27},{"not_picked":["PlagueDoctor","QueenBee","VoidDream"],"picked":"Singing Bowl","floor":33},{"not_picked":["Corruption","Immolate"],"picked":"Reaper","floor":33},{"not_picked":["VoidDream","WhitesApple","Yin"],"picked":"Singing Bowl","floor":35},{"not_picked":["Sword Boomerang","Infernal Blade"],"picked":"Anger+1","floor":35},{"not_picked":["BlackSwan","Variant","Scorched"],"picked":"Singing Bowl","floor":36},{"not_picked":["Combust","Seeing Red"],"picked":"Thunderclap","floor":36},{"not_picked":["Porccubus","BigBird","BlackSwan"],"picked":"Singing Bowl","floor":41},{"not_picked":["Havoc+1","Warcry+1"],"picked":"Rampage+1","floor":41},{"not_picked":["DreamingCurrent","Murderer","SnowQueen"],"picked":"Singing Bowl","floor":46},{"not_picked":["ReplayTheSpireMod:Strike From Hell","Heavy Blade+1"],"picked":"Power Through","floor":46},{"not_picked":["SingingMachine","QueenBee","NakedNest"],"picked":"Singing Bowl","floor":48},{"not_picked":["Dropkick+1","Sword Boomerang+1"],"picked":"Clash+1","floor":48},{"not_picked":["BigBird","Rudolta"],"picked":"LittleHelper","floor":55},{"not_picked":["Uppercut+1","Heavy Blade"],"picked":"Spot Weakness+1","floor":55}],"player_experience":503750,"relics_obtained":[{"floor":1.0,"key":"LetterFromLob"},{"floor":12,"key":"reliquary:Boomerang"},{"floor":12,"key":"RedMistMask"},{"floor":26,"key":"Pear"},{"floor":30,"key":"reliquary:PurpleTingedLeaf"},{"floor":32,"key":"FossilizedHelix"},{"floor":36,"key":"AtMidnight"},{"floor":41,"key":"Bag of Marbles"},{"floor":43,"key":"MealTicket"},{"floor":44,"key":"reliquary:SculptingSteel"},{"floor":55,"key":"Replay:Baseball"}],"event_choices":[{"damage_healed":0.0,"max_hp_gain":0.0,"max_hp_loss":0.0,"gold_gain":0.0,"event_name":"Living Wall","player_choice":"Grow","floor":7.0,"gold_loss":0.0,"damage_taken":0.0,"cards_upgraded":["Iron Wave"]},{"damage_healed":20,"gold_gain":0,"player_choice":"Healed and dodged fight","damage_taken":0,"max_hp_gain":0,"max_hp_loss":0,"event_name":"Mushrooms","floor":8,"gold_loss":0,"cards_obtained":["Parasite"]},{"damage_healed":0,"gold_gain":0,"player_choice":"Ignored","damage_taken":0,"max_hp_gain":0,"max_hp_loss":0,"event_name":"Transmorgrifier","floor":28,"gold_loss":0},{"damage_healed":0,"gold_gain":0,"player_choice":"Ignored","damage_taken":0,"max_hp_gain":0,"max_hp_loss":0,"event_name":"Mysterious Sphere","floor":39,"gold_loss":0},{"cards_removed":["Reckless Charge"],"damage_healed":0,"gold_gain":0,"player_choice":"Offered Uncommon","damage_taken":0,"max_hp_gain":0,"max_hp_loss":0,"event_name":"Bonfire Elementals","floor":45,"gold_loss":0}],"is_beta":false,"boss_relics":[{"not_picked":["aspiration:SecretTechniqueScroll","Replay:Bronze Core"],"picked":"Mark of Pain"},{"not_picked":["Ooze Armor","hubris:HollowSoul"],"picked":"beaked:SacredDeck"}],"items_purged_floors":[],"is_endless":false,"potions_floor_spawned":[1,3,5,13,14,19,20,21,27,35,41,46],"killed_by":"The Heart","ascension_level":0}}