{"host":"ELF","time":1611620294,"event":{"mods":["BaseMod","Bestiary","Minty Spire (QoL Compilation)","Relic Stats","Slay the Relics Exporter"],"gold_per_floor":[111,261,221,233,233,233,261,261,343,358,358,383,383,414,414,414,414],"floor_reached":16,"language":"ENG","playtime":553,"items_purged":[],"score":262,"play_id":"197dfd41-9858-43d1-b526-f06dd0124efd","local_time":"20210125181814","is_ascension_mode":true,"campfire_choices":[{"data":"Quick Slash","floor":6.0,"key":"SMITH"},{"floor":8.0,"key":"REST"},{"floor":13.0,"key":"REST"},{"floor":15.0,"key":"REST"}],"circlet_count":0,"master_deck":["AscendersBane","Strike_G","Strike_G","Strike_G","Strike_G","Strike_G","Defend_G","Defend_G","Defend_G","Defend_G","Defend_G","Survivor","Neutralize","Quick Slash+1","Doubt","Dagger Throw","Blade Dance","Tactician","Blade Dance","Prepared"],"relics":["Ring of the Snake","NeowsBlessing","Torii","Blood Vial","Sundial","Golden Idol","Odd Mushroom","Anchor"],"acts_visited":["Exordium"],"potions_floor_usage":[16],"damage_taken":[{"damage":0.0,"enemies":"Small Slimes","floor":1.0,"turns":1.0},{"damage":0.0,"enemies":"Jaw Worm","floor":4.0,"turns":1.0},{"damage":0.0,"enemies":"3 Sentries","floor":7.0,"turns":1.0},{"damage":0.0,"enemies":"Cultist","floor":10.0,"turns":2.0},{"damage":25.0,"enemies":"The Mushroom Lair","floor":12.0,"turns":6.0},{"damage":25.0,"enemies":"Gremlin Nob","floor":14.0,"turns":4.0},{"damage":37,"enemies":"Hexaghost","floor":16,"turns":9}],"seed_played":"-1840115802578450731","potions_obtained":[{"floor":3.0,"key":"SkillPotion"},{"floor":3.0,"key":"PowerPotion"},{"floor":4.0,"key":"CultistPotion"}],"is_trial":false,"path_per_floor":["M","?","?","M","?","R","E","R","T","M","?","?","R","E","R","B"],"character_chosen":"THE_SILENT","items_purchased":[],"campfire_rested":3,"item_purchase_floors":[],"current_hp_per_floor":[59,59,59,59,48,48,48,66,66,66,43,20,39,16,35,0,0],"gold":414,"neow_bonus":"THREE_ENEMY_KILL","is_daily":false,"chose_seed":false,"campfire_upgraded":1,"win_rate":0.0,"timestamp":1611620294,"path_taken":["M","?","?","?","?","R","E","R","T","M","?","?","R","E","R","BOSS"],"items_purchased_type":[],"build_version":"2020-12-18","purchased_purges":0,"victory":false,"max_hp_per_floor":[66,66,66,66,66,66,66,66,66,66,66,66,66,66,66,66,66],"relic_stats":{"Blood Vial":6,"Torii":24,"counters":[7,24],"Sundial":[4],"Golden Idol":11,"obtain_stats":[{"Blood Vial":7,"Anchor":14,"NeowsBlessing":0,"Torii":5,"Sundial":9,"Golden Idol":11,"Odd Mushroom":12,"Ring of the Snake":0},{"Blood Vial":3,"Anchor":6,"NeowsBlessing":0,"Torii":2,"Sundial":3,"Golden Idol":4,"Odd Mushroom":5,"Ring of the Snake":0},{"Blood Vial":3,"Anchor":15,"NeowsBlessing":0,"Torii":2,"Sundial":3,"Golden Idol":5,"Odd Mushroom":11,"Ring of the Snake":0}],"Ring of the Snake":[14]},"card_choices":[{"not_picked":["Backflip","Prepared"],"picked":"Quick Slash","floor":1.0},{"not_picked":["Cloak And Dagger","Outmaneuver"],"picked":"Dagger Throw","floor":4.0},{"not_picked":["Masterful Stab","Quick Slash"],"picked":"Blade Dance","floor":7.0},{"not_picked":["Deflect","Bane"],"picked":"Tactician","floor":10.0},{"not_picked":["Dagger Throw","Dagger Spray"],"picked":"Blade Dance","floor":12.0},{"not_picked":["Quick Slash","Deflect"],"picked":"Prepared","floor":14.0}],"player_experience":3284390,"relics_obtained":[{"floor":7.0,"key":"Blood Vial"},{"floor":9.0,"key":"Sundial"},{"floor":12.0,"key":"Odd Mushroom"},{"floor":14.0,"key":"Anchor"}],"event_choices":[{"damage_healed":0.0,"max_hp_gain":0.0,"max_hp_loss":0.0,"gold_gain":150.0,"event_name":"Liars Game","player_choice":"AGREE","floor":2.0,"gold_loss":0.0,"damage_taken":0.0,"cards_obtained":["Doubt"]},{"damage_healed":0.0,"max_hp_gain":0.0,"max_hp_loss":0.0,"gold_gain":0.0,"event_name":"The Woman in Blue","player_choice":"Bought 3 Potions","floor":3.0,"gold_loss":0.0,"damage_taken":0.0},{"damage_healed":0.0,"max_hp_gain":0.0,"max_hp_loss":0.0,"gold_gain":0.0,"event_name":"Scrap Ooze","player_choice":"Success","floor":5.0,"gold_loss":0.0,"damage_taken":11.0,"relics_obtained":["Torii"]},{"damage_healed":0.0,"max_hp_gain":0.0,"max_hp_loss":0.0,"gold_gain":0.0,"event_name":"Golden Idol","player_choice":"Take Damage","floor":11.0,"gold_loss":0.0,"damage_taken":23.0,"relics_obtained":["Golden Idol"]},{"damage_healed":0.0,"max_hp_gain":0.0,"max_hp_loss":0.0,"gold_gain":0.0,"event_name":"Mushrooms","player_choice":"Fought Mushrooms","floor":12.0,"gold_loss":0.0,"damage_taken":0.0}],"is_beta":true,"boss_relics":[],"items_purged_floors":[],"is_endless":false,"potions_floor_spawned":[4,7],"killed_by":"Hexaghost","ascension_level":20}}