{"host":"9qk11wtevf51xvhl","time":1611701329,"event":{"mods":["BaseMod","Minty Spire (QoL Compilation)"],"gold_per_floor":[117,135,135,63,77,104,104,134,134,162,13,24,34,61,61,165,165,185,185,185,37,48,48,48],"floor_reached":23,"language":"ENG","playtime":2734,"items_purged":["Clash"],"score":329,"play_id":"0d676956-dd64-4eb1-a63a-4af1b67b8647","local_time":"20210126234849","is_ascension_mode":true,"campfire_choices":[{"data":"Shockwave","floor":7,"key":"SMITH"},{"floor":15,"key":"DIG"}],"circlet_count":0,"master_deck":["AscendersBane","Strike_R+1","Strike_R+1","Strike_R+1","Strike_R+1","Strike_R+1","Defend_R+1","Defend_R+1","Defend_R+1","Defend_R+1","Bash+1","Spot Weakness","Shockwave+1","Combust","Feel No Pain","Metallicize","Dual Wield","Rupture","Fire Breathing","Reaper","Cleave"],"relics":["Burning Blood","Orichalcum","Bottled Lightning","Art of War","Tiny Chest","Mango","Toolbox","Shovel","Red Skull","Black Star"],"acts_visited":["Exordium","TheCity"],"potions_floor_usage":[14,16,16,16,23],"damage_taken":[{"damage":2,"enemies":"Small Slimes","floor":1,"turns":4},{"damage":0,"enemies":"Cultist","floor":2,"turns":3},{"damage":11,"enemies":"Jaw Worm","floor":5,"turns":4},{"damage":23,"enemies":"Gremlin Nob","floor":6,"turns":5},{"damage":23,"enemies":"Lagavulin","floor":8,"turns":6},{"damage":13,"enemies":"Gremlin Nob","floor":10,"turns":4},{"damage":1,"enemies":"Exordium Wildlife","floor":12,"turns":3},{"damage":7,"enemies":"2 Fungi Beasts","floor":13,"turns":4},{"damage":17,"enemies":"3 Sentries","floor":14,"turns":6},{"damage":14,"enemies":"The Guardian","floor":16,"turns":7},{"damage":28,"enemies":"3 Byrds","floor":18,"turns":5},{"damage":24,"enemies":"Shell Parasite","floor":22,"turns":5},{"damage":50,"enemies":"Gremlin Leader","floor":23,"turns":6}],"seed_played":"3027195211390289118","potions_obtained":[{"floor":2,"key":"SteroidPotion"},{"floor":5,"key":"EssenceOfSteel"},{"floor":8,"key":"BlessingOfTheForge"},{"floor":10,"key":"Weak Potion"},{"floor":14,"key":"ColorlessPotion"}],"is_trial":false,"path_per_floor":["M","M","?","$","M","E","R","E","T","E","$","M","M","E","R","B",null,"M","?","?","$","M","E"],"character_chosen":"IRONCLAD","items_purchased":["Shockwave","Toolbox","DuplicationPotion"],"campfire_rested":0,"item_purchase_floors":[4,11,21],"current_hp_per_floor":[76,80,80,80,75,58,58,41,41,48,48,53,52,41,41,33,79,64,64,64,64,46,0,0],"gold":48,"neow_bonus":"UPGRADE_CARD","is_daily":false,"chose_seed":false,"campfire_upgraded":1,"win_rate":0.0,"timestamp":1611701329,"path_taken":["M","M","?","?","M","E","R","E","T","E","$","M","M","E","R","BOSS","M","?","?","?","M","E"],"items_purchased_type":["Card","Relic","Potion"],"build_version":"2020-12-22","purchased_purges":1,"victory":false,"max_hp_per_floor":[80,80,80,80,80,80,80,80,80,94,94,94,94,94,94,94,94,94,94,94,94,94,94,94],"card_choices":[{"not_picked":["Bloodletting","Clothesline"],"picked":"Clash","floor":1},{"not_picked":["Armaments","Feel No Pain"],"picked":"Spot Weakness","floor":2},{"not_picked":["Heavy Blade","Twin Strike"],"picked":"Combust","floor":5},{"not_picked":["Seeing Red","Hemokinesis","Infernal Blade"],"picked":"SKIP","floor":6},{"not_picked":["Hemokinesis","Combust"],"picked":"Feel No Pain","floor":8},{"not_picked":["Clothesline","Sentinel"],"picked":"Metallicize","floor":10},{"not_picked":["Body Slam","Combust"],"picked":"Dual Wield","floor":12},{"not_picked":["Wild Strike","Havoc"],"picked":"Rupture","floor":13},{"not_picked":["Heavy Blade","Power Through"],"picked":"Fire Breathing","floor":14},{"not_picked":["Brutality","Immolate"],"picked":"Reaper","floor":16},{"not_picked":["Inflame","Iron Wave+1","Intimidate+1"],"picked":"SKIP","floor":18},{"not_picked":["Burning Pact","Wild Strike"],"picked":"Cleave","floor":22}],"player_experience":511647,"relics_obtained":[{"floor":6,"key":"Bottled Lightning"},{"floor":8,"key":"Art of War"},{"floor":9,"key":"Tiny Chest"},{"floor":10,"key":"Mango"},{"floor":14,"key":"Shovel"},{"floor":15,"key":"Red Skull"}],"event_choices":[{"damage_healed":0,"gold_gain":0,"player_choice":"Gave Potion","damage_taken":0,"relics_obtained":["Orichalcum"],"max_hp_gain":0,"max_hp_loss":0,"event_name":"WeMeetAgain","floor":3,"gold_loss":0},{"damage_healed":0,"gold_gain":0,"player_choice":"Simplicity","damage_taken":0,"max_hp_gain":0,"max_hp_loss":0,"event_name":"Back to Basics","floor":19,"gold_loss":0,"cards_upgraded":["Strike_R","Strike_R","Strike_R","Strike_R","Strike_R","Defend_R","Defend_R","Defend_R","Defend_R"]},{"damage_healed":0,"gold_gain":0,"player_choice":"Ignored","damage_taken":0,"max_hp_gain":0,"max_hp_loss":0,"event_name":"Ghosts","floor":20,"gold_loss":0}],"is_beta":false,"boss_relics":[{"not_picked":["Pandora\u0027s Box","Ectoplasm"],"picked":"Black Star"}],"items_purged_floors":[21],"is_endless":false,"potions_floor_spawned":[2,5,8,10,13,14],"killed_by":"Gremlin Leader","ascension_level":10}}