{"host":"6xsbn6ynqlzwllfm","time":1611695041,"event":{"mods":["2.2 Compatiblity","BaseMod","Bestiary","Colored Map","Colored Powertips","Curses Come First","Highlight Path","Keyboard Shortcuts","Minty Spire (QoL Compilation)","Relic Stats","Slay the Relics Exporter","StSLib","SuperFastMode"],"gold_per_floor":[115,131,19,19,37,37,66,81,106,106,134,151,151,185,185,258,258,270,289,303,52,52,52],"floor_reached":22,"language":"ENG","playtime":683,"items_purged":["Strike_R","Strike_R"],"score":412,"play_id":"cf4d0cf9-cb56-46a0-9273-350d2f3dc4e3","local_time":"20210126160401","is_ascension_mode":true,"campfire_choices":[{"data":"Bash","floor":6,"key":"SMITH"},{"data":"Sword Boomerang","floor":10,"key":"SMITH"},{"data":"Blood for Blood","floor":13,"key":"SMITH"},{"data":"Evolve","floor":15,"key":"SMITH"}],"circlet_count":0,"master_deck":["AscendersBane","Strike_R","Strike_R","Strike_R","Defend_R","Defend_R","Defend_R","Defend_R","Bash+1","Spot Weakness+1","Flame Barrier","Pummel","Cleave","Evolve+1","Sword Boomerang+1","Impervious","Blood for Blood+1","Shrug It Off","Brutality","Pommel Strike","Rupture","PanicButton","Shrug It Off"],"relics":["Burning Blood","NeowsBlessing","Strawberry","Regal Pillow","Tiny Chest","Ancient Tea Set","Cursed Key"],"acts_visited":["Exordium","TheCity"],"potions_floor_usage":[7,7,19,20],"damage_taken":[{"damage":0,"enemies":"Cultist","floor":1,"turns":1},{"damage":0,"enemies":"Small Slimes","floor":2,"turns":1},{"damage":0,"enemies":"Jaw Worm","floor":5,"turns":1},{"damage":15,"enemies":"Lagavulin","floor":7,"turns":3},{"damage":2,"enemies":"Gremlin Gang","floor":8,"turns":3},{"damage":33,"enemies":"Gremlin Nob","floor":11,"turns":4},{"damage":8,"enemies":"Blue Slaver","floor":12,"turns":3},{"damage":20,"enemies":"3 Sentries","floor":14,"turns":6},{"damage":21,"enemies":"Slime Boss","floor":16,"turns":9},{"damage":36,"enemies":"2 Thieves","floor":18,"turns":4},{"damage":3,"enemies":"3 Byrds","floor":19,"turns":4},{"damage":38,"enemies":"Cultist and Chosen","floor":20,"turns":7},{"damage":24,"enemies":"Snecko","floor":22,"turns":3}],"seed_played":"-2349949084582828287","potions_obtained":[{"floor":1,"key":"SteroidPotion"},{"floor":2,"key":"SkillPotion"},{"floor":14,"key":"EssenceOfSteel"},{"floor":18,"key":"SkillPotion"}],"is_trial":false,"path_per_floor":["M","M","$","?","M","R","E","M","T","R","E","M","R","E","R","B",null,"M","M","M","$","M"],"character_chosen":"IRONCLAD","items_purchased":["Pummel","PanicButton","Shrug It Off"],"campfire_rested":0,"item_purchase_floors":[3,21,21],"current_hp_per_floor":[74,75,75,75,75,75,73,77,77,77,50,48,48,34,34,19,66,36,39,7,7,0,0],"gold":52,"neow_bonus":"THREE_ENEMY_KILL","is_daily":false,"chose_seed":false,"campfire_upgraded":4,"win_rate":0.0,"timestamp":1611695041,"path_taken":["M","M","?","?","?","R","E","M","T","R","E","M","R","E","R","BOSS","M","?","M","$","M"],"items_purchased_type":["Card","Card","Card"],"build_version":"2020-12-22","purchased_purges":2,"victory":false,"max_hp_per_floor":[75,75,75,75,75,75,82,82,82,82,82,82,82,82,82,82,82,82,82,82,82,82,82],"relic_stats":{"Regal Pillow":0,"counters":[13,49],"Tiny Chest":0,"Cursed Key":0,"obtain_stats":[{"Regal Pillow":9,"NeowsBlessing":0,"Strawberry":7,"Tiny Chest":11,"Ancient Tea Set":14,"Cursed Key":17,"Burning Blood":0},{"Regal Pillow":5,"NeowsBlessing":0,"Strawberry":4,"Tiny Chest":6,"Ancient Tea Set":8,"Cursed Key":9,"Burning Blood":0},{"Regal Pillow":9,"NeowsBlessing":0,"Strawberry":6,"Tiny Chest":13,"Ancient Tea Set":22,"Cursed Key":31,"Burning Blood":0}],"Burning Blood":61},"card_choices":[{"not_picked":["Dark Embrace","Perfected Strike"],"picked":"Spot Weakness","floor":1},{"not_picked":["Rupture","Warcry"],"picked":"Flame Barrier","floor":2},{"not_picked":["Inflame","Intimidate"],"picked":"Cleave","floor":5},{"not_picked":["Seeing Red","Disarm"],"picked":"Evolve","floor":7},{"not_picked":["Shrug It Off","Warcry"],"picked":"Sword Boomerang","floor":8},{"not_picked":["Shrug It Off","Body Slam"],"picked":"Impervious","floor":11},{"not_picked":["Rupture","Disarm"],"picked":"Blood for Blood","floor":12},{"not_picked":["Searing Blow","Seeing Red"],"picked":"Shrug It Off","floor":14},{"not_picked":["Double Tap","Impervious"],"picked":"Brutality","floor":16},{"not_picked":["Rage","Entrench"],"picked":"Pommel Strike","floor":18},{"not_picked":["Hemokinesis","Havoc"],"picked":"Rupture","floor":20}],"player_experience":1141300,"relics_obtained":[{"floor":7,"key":"Strawberry"},{"floor":9,"key":"Regal Pillow"},{"floor":11,"key":"Tiny Chest"},{"floor":14,"key":"Ancient Tea Set"}],"event_choices":[{"damage_healed":0,"gold_gain":0,"player_choice":"Upgraded","damage_taken":0,"max_hp_gain":0,"max_hp_loss":0,"event_name":"Upgrade Shrine","floor":4,"gold_loss":0,"cards_upgraded":["Spot Weakness"]}],"is_beta":false,"boss_relics":[{"not_picked":["Coffee Dripper","Black Star"],"picked":"Cursed Key"}],"items_purged_floors":[3,21],"is_endless":false,"potions_floor_spawned":[1,2,14,18],"killed_by":"Snecko","ascension_level":20}}