{"host":"8am31i0j9qpslrrv","time":1611682006,"event":{"mods":["BaseMod","Curses Come First","Minty Spire (QoL Compilation)","Quick Restart","Replay The Spire","StSLib"],"gold_per_floor":[366,134,134,148,161,161,187,201,227,237,237,237,237,248,248,346,346,366,465,377,377,377,410,420,420,420,430,459,459,459],"floor_reached":29,"language":"ENG","playtime":1038,"items_purged":["Defend_B","Strike_B"],"score":243,"play_id":"c62c3942-193c-44ef-89ac-476a394bb72e","local_time":"20210126122646","is_ascension_mode":false,"campfire_choices":[{"data":"Neutralize","floor":6.0,"key":"SMITH"},{"data":"Defragment","floor":11.0,"key":"SMITH"},{"floor":15.0,"key":"REST"},{"data":"Capacitor","floor":25.0,"key":"SMITH"}],"circlet_count":0,"master_deck":["Strike_B","Strike_B","Strike_B","Defend_B","Defend_B","Defend_B","Defend_B","Zap","Dualcast","Neutralize+1","Ball Lightning","Defragment+1","Biased Cognition","Rainbow","Darkness","Capacitor+1","Glacier","Spreading Infection"],"relics":["Cracked Core","MealTicket","DataDisk","Smiling Mask","Cursed Key","ReplayFunnel","Toy Ornithopter","Red Mask"],"acts_visited":["Exordium","TheCity"],"potions_floor_usage":[28,28],"damage_taken":[{"damage":6.0,"enemies":"Jaw Worm","floor":1.0,"turns":4.0},{"damage":0.0,"enemies":"Cultist","floor":4.0,"turns":2.0},{"damage":3.0,"enemies":"2 Louse","floor":5.0,"turns":2.0},{"damage":53.0,"enemies":"3 Sentries","floor":7.0,"turns":8.0},{"damage":2.0,"enemies":"Blue Slaver","floor":8.0,"turns":3.0},{"damage":0.0,"enemies":"Exordium Wildlife","floor":10.0,"turns":2.0},{"damage":0.0,"enemies":"The Mushroom Lair","floor":13.0,"turns":2.0},{"damage":5.0,"enemies":"3 Louse","floor":14.0,"turns":2.0},{"damage":27.0,"enemies":"Slime Boss","floor":16.0,"turns":6.0},{"damage":0.0,"enemies":"3 Byrds","floor":18.0,"turns":4.0},{"damage":24.0,"enemies":"Gremlin Leader","floor":23.0,"turns":5.0},{"damage":5.0,"enemies":"Spheric Guardian","floor":24.0,"turns":3.0},{"damage":22.0,"enemies":"Centurion and Healer","floor":27.0,"turns":8.0},{"damage":14,"enemies":"Masked Bandits","floor":28,"turns":4},{"damage":21,"enemies":"3 Cultists","floor":29,"turns":3}],"seed_played":"5762899847897579599","potions_obtained":[{"floor":5.0,"key":"PowerPotion"},{"floor":8.0,"key":"SmokeBomb"},{"floor":27.0,"key":"SpeedPotion"},{"floor":28,"key":"Venom Potion"}],"is_trial":false,"path_per_floor":["M","$","?","M","M","R","E","M","T","M","R","?","?","M","R","B",null,"M","?","$","?","?","E","M","R","T","M","?","M"],"character_chosen":"DEFECT","items_purchased":["MealTicket","Darkness"],"campfire_rested":1,"item_purchase_floors":[2,20],"current_hp_per_floor":[69,69,69,69,66,66,13,11,11,11,11,11,11,6,28,1,75,75,75,75,75,75,51,46,46,46,24,20,0,0],"gold":459,"neow_bonus":"TWO_FIFTY_GOLD","is_daily":false,"chose_seed":false,"campfire_upgraded":3,"win_rate":0.0,"timestamp":1611682006,"path_taken":["M","$","?","?","M","R","E","M","T","M","R","?","?","M","R","BOSS","M","?","$","?","?","E","M","R","T","M","?","?"],"items_purchased_type":["Relic","Card"],"build_version":"2020-12-22","purchased_purges":2,"victory":false,"max_hp_per_floor":[75,75,75,75,75,75,75,75,75,75,75,75,75,75,75,75,75,75,75,75,75,75,75,75,75,75,75,75,75,75],"card_choices":[{"not_picked":["Sweeping Beam","Cold Snap","Blizzard"],"picked":"SKIP","floor":1.0},{"not_picked":["Rebound","Sweeping Beam","Beam Cell"],"picked":"SKIP","floor":4.0},{"not_picked":["Lockon","Steam","Hologram"],"picked":"SKIP","floor":5.0},{"not_picked":["Beam Cell","Rebound","Rip and Tear"],"picked":"SKIP","floor":7.0},{"not_picked":["Cold Snap","ReplaySolidLightProjector","Gash"],"picked":"SKIP","floor":8.0},{"not_picked":["Steam Power","ReplayTheSpireMod:Reroute Power"],"picked":"Defragment","floor":10.0},{"not_picked":["Coolheaded","Steam"],"picked":"Biased Cognition","floor":14.0},{"not_picked":["ReplayTheSpireMod:Omega Cannon","Multi-Cast"],"picked":"Rainbow","floor":16.0},{"not_picked":["Consume","Scrape","Coolheaded"],"picked":"SKIP","floor":18.0},{"not_picked":["Redo","Steam","Panic Button+1"],"picked":"SKIP","floor":23.0},{"not_picked":["Rebound","Blizzard"],"picked":"Glacier","floor":24.0},{"not_picked":["Ball Lightning+1","Auto Shields","Gash"],"picked":"SKIP","floor":27.0}],"player_experience":768408,"relics_obtained":[{"floor":7.0,"key":"DataDisk"},{"floor":9.0,"key":"Smiling Mask"},{"floor":23.0,"key":"ReplayFunnel"},{"floor":26.0,"key":"Toy Ornithopter"},{"floor":28,"key":"Red Mask"}],"event_choices":[{"damage_healed":0.0,"max_hp_gain":0.0,"max_hp_loss":0.0,"gold_gain":0.0,"event_name":"Match and Keep!","player_choice":"1 cards matched","floor":3.0,"gold_loss":0.0,"damage_taken":0.0,"cards_obtained":["Ball Lightning"]},{"damage_healed":0.0,"max_hp_gain":0.0,"max_hp_loss":0.0,"gold_gain":0.0,"event_name":"Shining Light","player_choice":"Ignored","floor":12.0,"gold_loss":0.0,"damage_taken":0.0},{"damage_healed":0.0,"max_hp_gain":0.0,"max_hp_loss":0.0,"gold_gain":0.0,"event_name":"Mushrooms","player_choice":"Fought Mushrooms","floor":13.0,"gold_loss":0.0,"damage_taken":0.0},{"damage_healed":0.0,"max_hp_gain":0.0,"max_hp_loss":0.0,"gold_gain":99.0,"event_name":"Nest","player_choice":"Stole From Cult","floor":19.0,"gold_loss":0.0,"damage_taken":0.0},{"damage_healed":0.0,"max_hp_gain":0.0,"max_hp_loss":0.0,"gold_gain":0.0,"event_name":"The Mausoleum","player_choice":"Ignored","floor":21.0,"gold_loss":0.0,"damage_taken":0.0},{"damage_healed":0.0,"max_hp_gain":0.0,"max_hp_loss":0.0,"gold_gain":0.0,"event_name":"The Library","player_choice":"Read","floor":22.0,"gold_loss":0.0,"damage_taken":0.0,"cards_obtained":["Capacitor"]},{"damage_healed":0,"gold_gain":0,"player_choice":"Fought Bandits","damage_taken":0,"max_hp_gain":0,"max_hp_loss":0,"event_name":"Masked Bandits","floor":28,"gold_loss":0}],"is_beta":false,"boss_relics":[{"not_picked":["Fusion Hammer","Velvet Choker"],"picked":"Cursed Key"}],"items_purged_floors":[2,20],"is_endless":false,"potions_floor_spawned":[5,8,13,27,28],"killed_by":"3 Cultists","ascension_level":0}}