{"host":"dl909bjyolgrn2uw","time":1611692982,"event":{"mods":["2.2 Compatiblity","AlwaysNeverKeys","BaseMod","Bestiary","Better Altar","Better Note","Better Sensory Stone","Better Skull","Better Vampires","Better-Laid Plans","BetterRewards","Colored Powertips","Curses Come First","Disable Question Mark Monsters","Displayed Cursed Tome","Emptier Cage","Evolution","Minty Spire (QoL Compilation)","Permanent Neow","Quick Restart","Rare Cards Sparkle","Relic Stats","Shop Mod","Spicy Shops","StSLib","SuperFastMode","Transform Curses"],"gold_per_floor":[116,133,153,153,169,197,20,52,52,69,89,264,291,303,303,398,398,411,427,427,105,122,150,162,184,196,224,236,274,303,2,2,105,105,123,134,184,184,59,59,88,108,134,161,176,176,176,398,398,398],"floor_reached":51,"language":"ENG","playtime":3451,"items_purged":["Strike_R","Strike_R","Doubt"],"score":1424,"play_id":"7bbf38e5-6e09-40f8-88ba-69d848cdbbe5","local_time":"20210126142942","is_ascension_mode":true,"campfire_choices":[{"data":"Demon Form","floor":15.0,"key":"SMITH"},{"data":"Barricade","floor":24.0,"key":"SMITH"},{"data":"Power Through","floor":28.0,"key":"SMITH"},{"floor":32.0,"key":"REST"},{"data":"True Grit","floor":40.0,"key":"SMITH"},{"data":"Dual Wield","floor":46.0,"key":"SMITH"},{"data":"Metallicize","floor":49.0,"key":"SMITH"}],"circlet_count":0,"master_deck":["Strike_R","Strike_R","Strike_R","Defend_R","Defend_R","Defend_R","Defend_R","Bash","Inflame","Flame Barrier","Inflame","Demon Form+1","Dual Wield+1","Sword Boomerang","Shockwave","Ghostly Armor","Power Through+1","Barricade+1","Seeing Red","Armaments+1","Iron Wave","Warcry","True Grit+1","Warcry","Clothesline","Havoc+1","Power Through+1","Metallicize+1","Clothesline+1","Shrug It Off","Shrug It Off","Entrench","Dark Shackles","Reaper","Twin Strike+1","Dark Embrace+1","Decay","Ghostly Armor+1","Armaments+1","Barricade","Trip"],"relics":["Burning Blood","EVO:Axolotl","DollysMirror","Orrery","Question Card","Gremlin Horn","HornCleat","Letter Opener","Mummified Hand","Cursed Key","Omamori","Singing Bowl","MawBank","MealTicket","Red Mask","Snecko Eye","StoneCalendar","WarpedTongs","Pantograph","Potion Belt","Juzu Bracelet"],"acts_visited":["TheCity","TheBeyond"],"potions_floor_usage":[50,50,50,50],"damage_taken":[{"damage":0.0,"enemies":"2 Louse","floor":1.0,"turns":4.0},{"damage":0.0,"enemies":"Cultist","floor":2.0,"turns":2.0},{"damage":0.0,"enemies":"Small Slimes","floor":3.0,"turns":5.0},{"damage":6.0,"enemies":"2 Fungi Beasts","floor":5.0,"turns":4.0},{"damage":20.0,"enemies":"3 Sentries","floor":6.0,"turns":5.0},{"damage":10.0,"enemies":"Lagavulin","floor":8.0,"turns":5.0},{"damage":5.0,"enemies":"Lots of Slimes","floor":10.0,"turns":3.0},{"damage":0.0,"enemies":"3 Louse","floor":11.0,"turns":4.0},{"damage":32.0,"enemies":"Gremlin Nob","floor":13.0,"turns":6.0},{"damage":0.0,"enemies":"2 Fungi Beasts","floor":14.0,"turns":3.0},{"damage":0.0,"enemies":"Slime Boss","floor":16.0,"turns":6.0},{"damage":11.0,"enemies":"Spheric Guardian","floor":18.0,"turns":6.0},{"damage":18.0,"enemies":"2 Thieves","floor":19.0,"turns":3.0},{"damage":3.0,"enemies":"Snake Plant","floor":22.0,"turns":5.0},{"damage":17.0,"enemies":"Book of Stabbing","floor":23.0,"turns":5.0},{"damage":20.0,"enemies":"Sentry and Sphere","floor":25.0,"turns":7.0},{"damage":23.0,"enemies":"Snecko","floor":27.0,"turns":7.0},{"damage":27.0,"enemies":"Masked Bandits","floor":29.0,"turns":4.0},{"damage":0.0,"enemies":"3 Cultists","floor":30.0,"turns":5.0},{"damage":30.0,"enemies":"Automaton","floor":33.0,"turns":13.0},{"damage":0.0,"enemies":"Orb Walker","floor":35.0,"turns":3.0},{"damage":0.0,"enemies":"3 Shapes","floor":36.0,"turns":2.0},{"damage":0.0,"enemies":"Mind Bloom Boss Battle","floor":37.0,"turns":9.0},{"damage":11.0,"enemies":"Nemesis","floor":41.0,"turns":7.0},{"damage":0.0,"enemies":"Transient","floor":42.0,"turns":5.0},{"damage":0.0,"enemies":"Giant Head","floor":44.0,"turns":6.0},{"damage":0.0,"enemies":"Maw","floor":45.0,"turns":8.0},{"damage":24,"enemies":"Awakened One","floor":50,"turns":9}],"seed_played":"7874263406786353671","potions_obtained":[{"floor":1.0,"key":"Explosive Potion"},{"floor":2.0,"key":"Weak Potion"},{"floor":3.0,"key":"LiquidBronze"},{"floor":8.0,"key":"SpeedPotion"},{"floor":14.0,"key":"Regen Potion"},{"floor":18.0,"key":"Strength Potion"},{"floor":25.0,"key":"Swift Potion"},{"floor":29.0,"key":"PowerPotion"},{"floor":30.0,"key":"Strength Potion"},{"floor":42.0,"key":"ElixirPotion"},{"floor":44.0,"key":"Ancient Potion"},{"floor":45.0,"key":"GamblersBrew"}],"is_trial":false,"path_per_floor":["M","M","M","?","M","E","$","E","T","M","M","?","E","M","R","B",null,"M","M","?","$","M","E","R","M","T","M","R","?","M","$","R","B",null,"M","M","?","?","$","R","E","M","T","E","M","R","?","?","R","B",null],"character_chosen":"IRONCLAD","items_purchased":["Inflame","Flame Barrier","DollysMirror","Orrery","Question Card","Iron Wave","Omamori","Singing Bowl","Entrench","PowerPotion","Dark Shackles"],"campfire_rested":1,"item_purchase_floors":[0,0,0,0,0,7,21,21,31,31,31],"current_hp_per_floor":[78,80,80,80,80,66,66,62,62,63,69,69,43,49,49,55,74,69,57,57,57,60,49,49,35,35,18,18,9,15,30,54,30,68,80,80,82,82,82,82,84,86,86,86,86,86,86,86,86,68],"gold":398,"neow_bonus":"","is_daily":false,"chose_seed":false,"campfire_upgraded":6,"win_rate":0.0,"timestamp":1611692982,"path_taken":["M","M","M","?","M","E","$","E","T","M","M","?","E","M","R","BOSS","M","M","?","$","M","E","R","M","T","?","R","?","M","$","R","BOSS","M","M","?","?","$","R","E","?","T","E","M","R","?","?","R","BOSS"],"items_purchased_type":["Card","Card","Relic","Relic","Relic","Card","Relic","Relic","Card","Potion","Card"],"build_version":"2020-12-22","purchased_purges":3,"victory":true,"max_hp_per_floor":[80,80,80,80,80,80,80,80,80,80,80,80,80,80,80,80,80,80,80,80,80,80,80,80,80,80,80,80,80,80,80,80,80,80,80,80,82,82,82,82,84,86,86,86,86,86,86,86,86,86],"relic_stats":{"Gremlin Horn":[19,19],"Singing Bowl":6,"counters":[53,290],"StoneCalendar":[247],"Juzu Bracelet":1,"Letter Opener":[326],"Question Card":27,"Cursed Key":2,"MawBank":96,"Burning Blood":116,"WarpedTongs":[34],"Mummified Hand":[133],"Pantograph":0,"Snecko Eye":[110,113,91,82],"MealTicket":30,"obtain_stats":[{"Ice Cream":10,"Regal Pillow":30,"Gremlin Horn":6,"Singing Bowl":21,"StoneCalendar":36,"Juzu Bracelet":44,"EVO:Axolotl":0,"Whetstone":21,"Cursed Key":17,"Burning Blood":0,"Centennial Puzzle":14,"HornCleat":8,"DollysMirror":0,"Mummified Hand":13,"Pantograph":41,"MealTicket":43,"Red Mask":20,"Runic Cube":0,"Runic Pyramid":34,"Potion Belt":43,"Lee\u0027s Waffle":47,"Blue Candle":9,"Velvet Choker":17,"PreservedInsect":31,"Omamori":44,"Letter Opener":9,"War Paint":11,"Medical Kit":47,"Question Card":0,"MawBank":23,"WarpedTongs":38,"Peace Pipe":26,"Orrery":0,"Snecko Eye":34,"Art of War":47,"Pocketwatch":46},{"Ice Cream":6,"Regal Pillow":15,"Gremlin Horn":30,"Singing Bowl":38,"StoneCalendar":19,"Juzu Bracelet":51,"EVO:Axolotl":0,"Whetstone":12,"Cursed Key":36,"Burning Blood":0,"Centennial Puzzle":8,"HornCleat":31,"DollysMirror":25,"Mummified Hand":34,"Pantograph":49,"MealTicket":20,"Red Mask":12,"Runic Cube":0,"Runic Pyramid":17,"Potion Belt":50,"Lee\u0027s Waffle":23,"Blue Candle":5,"Velvet Choker":9,"PreservedInsect":16,"Omamori":21,"Letter Opener":31,"War Paint":6,"Medical Kit":23,"Question Card":25,"MawBank":40,"WarpedTongs":48,"Peace Pipe":14,"Orrery":25,"Snecko Eye":45,"Art of War":23,"Pocketwatch":23},{"Ice Cream":22,"Regal Pillow":65,"Gremlin Horn":159,"Singing Bowl":195,"StoneCalendar":96,"Juzu Bracelet":273,"EVO:Axolotl":0,"Whetstone":53,"Cursed Key":186,"Burning Blood":0,"Centennial Puzzle":28,"HornCleat":164,"DollysMirror":139,"Mummified Hand":177,"Pantograph":262,"MealTicket":103,"Red Mask":53,"Runic Cube":0,"Runic Pyramid":84,"Potion Belt":267,"Lee\u0027s Waffle":122,"Blue Candle":16,"Velvet Choker":41,"PreservedInsect":71,"Omamori":112,"Letter Opener":164,"War Paint":22,"Medical Kit":122,"Question Card":139,"MawBank":205,"WarpedTongs":255,"Peace Pipe":60,"Orrery":139,"Snecko Eye":241,"Art of War":122,"Pocketwatch":122}]},"card_choices":[{"not_picked":["Warcry","Burning Pact"],"picked":"Demon Form","floor":0.0},{"not_picked":["Searing Blow","Armaments"],"picked":"Dual Wield","floor":0.0},{"not_picked":["Searing Blow","Pummel"],"picked":"Sword Boomerang","floor":0.0},{"not_picked":["Clash","Flex"],"picked":"Shockwave","floor":0.0},{"not_picked":["Evolve","Whirlwind","Reckless Charge"],"picked":"Ghostly Armor","floor":1.0},{"not_picked":["Headbutt","Thunderclap","Blood for Blood"],"picked":"Power Through","floor":2.0},{"not_picked":["Twin Strike","Ghostly Armor","Carnage"],"picked":"Barricade","floor":3.0},{"not_picked":["Perfected Strike","Shrug It Off","Iron Wave"],"picked":"Seeing Red","floor":5.0},{"not_picked":["Searing Blow","Blood for Blood","Demon Form"],"picked":"Armaments","floor":6.0},{"not_picked":["Clothesline","Twin Strike","Flex"],"picked":"Warcry","floor":8.0},{"not_picked":["Power Through","Uppercut","Anger"],"picked":"True Grit","floor":10.0},{"not_picked":["Body Slam","Clothesline","Sentinel","Whirlwind"],"picked":"SKIP","floor":11.0},{"not_picked":["Blood for Blood","Pummel","Demon Form","Pommel Strike"],"picked":"SKIP","floor":13.0},{"not_picked":["Perfected Strike","Headbutt","Iron Wave"],"picked":"Warcry","floor":14.0},{"not_picked":["Clash","Searing Blow","Warcry"],"picked":"Clothesline","floor":18.0},{"not_picked":["Ghostly Armor","Havoc","True Grit","Thunderclap"],"picked":"SKIP","floor":19.0},{"not_picked":["Headbutt+1","Cleave","Pommel Strike"],"picked":"Havoc+1","floor":22.0},{"not_picked":["Immolate","Hemokinesis","Uppercut"],"picked":"Power Through","floor":23.0},{"not_picked":["Body Slam","Clothesline","Sword Boomerang"],"picked":"Metallicize","floor":25.0},{"not_picked":["Sever Soul","Thunderclap+1","Bloodletting+1"],"picked":"Clothesline+1","floor":27.0},{"not_picked":["Twin Strike","Blood for Blood","Wild Strike"],"picked":"Shrug It Off","floor":29.0},{"not_picked":["Wild Strike","Anger","Iron Wave"],"picked":"Shrug It Off","floor":30.0},{"not_picked":["Barricade","Berserk","Brutality"],"picked":"Reaper","floor":33.0},{"not_picked":["Wild Strike","Sentinel","Sword Boomerang"],"picked":"Twin Strike+1","floor":35.0},{"not_picked":["Clothesline","Twin Strike+1","Feel No Pain"],"picked":"Dark Embrace+1","floor":36.0},{"not_picked":["Headbutt","Clash+1","Perfected Strike","Iron Wave+1"],"picked":"Singing Bowl","floor":37.0},{"not_picked":["Pommel Strike","Wild Strike+1","Combust","Shrug It Off"],"picked":"Singing Bowl","floor":41.0},{"not_picked":["Clothesline","Fire Breathing","Combust+1","Cleave+1"],"picked":"Singing Bowl","floor":42.0},{"not_picked":["Spot Weakness+1","Sword Boomerang+1","Thunderclap+1"],"picked":"Ghostly Armor+1","floor":44.0},{"not_picked":["Combust+1","Clash+1","Clothesline+1"],"picked":"Armaments+1","floor":45.0}],"player_experience":317576,"relics_obtained":[{"floor":6.0,"key":"Gremlin Horn"},{"floor":8.0,"key":"HornCleat"},{"floor":9.0,"key":"Letter Opener"},{"floor":13.0,"key":"Mummified Hand"},{"floor":23.0,"key":"MawBank"},{"floor":26.0,"key":"MealTicket"},{"floor":29.0,"key":"Red Mask"},{"floor":37.0,"key":"StoneCalendar"},{"floor":41.0,"key":"Pantograph"},{"floor":43.0,"key":"Potion Belt"},{"floor":44.0,"key":"Juzu Bracelet"}],"event_choices":[{"damage_healed":0.0,"max_hp_gain":0.0,"max_hp_loss":0.0,"gold_gain":0.0,"event_name":"Living Wall","player_choice":"Grow","floor":4.0,"gold_loss":0.0,"damage_taken":0.0,"cards_upgraded":["Power Through"]},{"damage_healed":0.0,"max_hp_gain":0.0,"max_hp_loss":0.0,"gold_gain":175.0,"event_name":"Liars Game","player_choice":"AGREE","floor":12.0,"gold_loss":0.0,"damage_taken":0.0,"cards_obtained":["Doubt"]},{"damage_healed":0.0,"max_hp_gain":0.0,"max_hp_loss":0.0,"gold_gain":0.0,"event_name":"Upgrade Shrine","player_choice":"Upgraded","floor":20.0,"gold_loss":0.0,"damage_taken":0.0,"cards_upgraded":["Armaments"]},{"damage_healed":0.0,"max_hp_gain":0.0,"max_hp_loss":0.0,"gold_gain":0.0,"event_name":"Masked Bandits","player_choice":"Fought Bandits","floor":29.0,"gold_loss":0.0,"damage_taken":0.0},{"damage_healed":0.0,"max_hp_gain":0.0,"max_hp_loss":0.0,"gold_gain":0.0,"event_name":"MindBloom","player_choice":"Fight","floor":37.0,"gold_loss":0.0,"damage_taken":0.0},{"damage_healed":0.0,"max_hp_gain":0.0,"max_hp_loss":0.0,"gold_gain":0.0,"event_name":"Accursed Blacksmith","player_choice":"Rummage","floor":38.0,"gold_loss":0.0,"damage_taken":0.0,"relics_obtained":["WarpedTongs"],"cards_obtained":["Pain"]},{"damage_healed":0.0,"max_hp_gain":0.0,"max_hp_loss":0.0,"gold_gain":0.0,"event_name":"Match and Keep!","player_choice":"2 cards matched","floor":47.0,"gold_loss":0.0,"damage_taken":0.0,"cards_obtained":["Barricade","Trip"]},{"damage_healed":0.0,"max_hp_gain":0.0,"max_hp_loss":0.0,"gold_gain":222.0,"event_name":"Tomb of Lord Red Mask","player_choice":"Wore Mask","floor":48.0,"gold_loss":0.0,"damage_taken":0.0}],"is_beta":false,"boss_relics":[{"not_picked":["Black Star","Runic Pyramid"],"picked":"Cursed Key"},{"not_picked":["Velvet Choker","Coffee Dripper"],"picked":"Snecko Eye"}],"items_purged_floors":[0,7,39],"is_endless":false,"potions_floor_spawned":[1,2,3,8,11,14,18,25,27,29,30,33,35,42,44,45],"ascension_level":7}}