{"host":"jmumkimrafwvkspb","time":1611620119,"event":{"mods":["AchievementEnabler","BaseMod","Colored Map","Minty Spire (QoL Compilation)","Replay The Spire","StSLib"],"gold_per_floor":[112,130,130,130,140,140,165,165,165,165,185,212,212,0,0,77,77,122,176,188,108,158,158,158,158],"floor_reached":24,"language":"ENG","playtime":4193,"items_purged":[],"score":404,"play_id":"19fbd877-6508-4422-8b21-83d7ff68646a","local_time":"20210126011519","is_ascension_mode":true,"campfire_choices":[{"data":"ReplayTheSpireMod:Calculation Training","floor":6.0,"key":"SMITH"},{"floor":8.0,"key":"REST"},{"floor":13.0,"key":"REST"},{"floor":15.0,"key":"REST"},{"floor":23,"key":"REST"}],"circlet_count":0,"master_deck":["AscendersBane","Strike_B","Strike_B","Strike_B","Strike_B","Defend_B","Defend_B","Defend_B+1","Zap","Dualcast","Ball Lightning+1","Coolheaded+1","Coolheaded","ReplayTheSpireMod:Calculation Training+1","BasicCrystalCard","Buffer","FTL","Cold Snap","Wish","Acrobatics"],"relics":["Cracked Core","Mummified Hand","Unceasing Top","Mirror","Gremlin Food","PrismaticShard","Velvet Choker","Red Mask"],"acts_visited":["Exordium","TheCity"],"potions_floor_usage":[19],"damage_taken":[{"damage":0.0,"enemies":"2 Louse","floor":1.0,"turns":3.0},{"damage":17.0,"enemies":"Small Slimes","floor":2.0,"turns":4.0},{"damage":5.0,"enemies":"Jaw Worm","floor":5.0,"turns":3.0},{"damage":16.0,"enemies":"3 Sentries","floor":7.0,"turns":7.0},{"damage":1.0,"enemies":"Exordium Thugs","floor":11.0,"turns":4.0},{"damage":23.0,"enemies":"Replay:BlueRogue","floor":12.0,"turns":6.0},{"damage":7.0,"enemies":"Slime Boss","floor":16.0,"turns":11.0},{"damage":4.0,"enemies":"Spheric Guardian","floor":18.0,"turns":6.0},{"damage":47,"enemies":"Masked Bandits","floor":19,"turns":7},{"damage":28,"enemies":"3 Byrds","floor":20,"turns":5},{"damage":29,"enemies":"Gremlin Leader","floor":24,"turns":4}],"seed_played":"-8792537106311960786","potions_obtained":[{"floor":1.0,"key":"Ancient Potion"},{"floor":7.0,"key":"FairyPotion"}],"is_trial":false,"path_per_floor":["M","M","?","?","M","R","E","R","T","?","M","E","R","$","R","B",null,"M","?","M","?","?","R","E"],"character_chosen":"DEFECT","items_purchased":["PrismaticShard","Cold Snap"],"campfire_rested":4,"item_purchase_floors":[14,14],"current_hp_per_floor":[64,47,36,29,24,24,8,29,29,29,28,5,26,26,47,40,63,59,12,7,7,7,28,0,0],"gold":158,"neow_bonus":"THREE_CARDS","is_daily":false,"chose_seed":false,"campfire_upgraded":1,"win_rate":0.0,"timestamp":1611620119,"path_taken":["M","M","?","?","M","R","E","R","T","?","?","E","R","?","R","BOSS","M","?","M","?","?","R","E"],"items_purchased_type":["Relic","Card"],"build_version":"2020-12-22","purchased_purges":0,"victory":false,"max_hp_per_floor":[71,71,71,71,71,71,71,71,71,71,71,71,71,71,71,71,71,71,71,71,71,71,71,71,71],"card_choices":[{"not_picked":["Panic Button","Tempest"],"picked":"Ball Lightning","floor":0.0},{"not_picked":["ReplayTheSpireMod:GoodbyeWorld","Sweeping Beam"],"picked":"Coolheaded","floor":1.0},{"not_picked":["Tempest","ReplayTheSpireMod:Repulse"],"picked":"Coolheaded","floor":2.0},{"not_picked":["Redo","Sweeping Beam"],"picked":"ReplayTheSpireMod:Calculation Training","floor":5.0},{"not_picked":["Time Bomb","Coolheaded"],"picked":"BasicCrystalCard","floor":7.0},{"not_picked":["Barrage","Panic Button"],"picked":"Buffer","floor":11.0},{"not_picked":["Turbo","Scrape"],"picked":"FTL","floor":12.0},{"not_picked":["Limit Break","Chrysalis"],"picked":"Wish","floor":16.0},{"not_picked":["Outmaneuver","Slice","Barrage"],"picked":"SKIP","floor":18.0},{"not_picked":["Darkness","Halt"],"picked":"Acrobatics","floor":20}],"player_experience":1602655,"relics_obtained":[{"floor":7.0,"key":"Unceasing Top"},{"floor":9.0,"key":"Mirror"},{"floor":12.0,"key":"Gremlin Food"},{"floor":19,"key":"Red Mask"}],"event_choices":[{"damage_healed":0.0,"max_hp_gain":0.0,"max_hp_loss":0.0,"gold_gain":0.0,"event_name":"Scrap Ooze","player_choice":"Success","floor":3.0,"gold_loss":0.0,"damage_taken":11.0,"relics_obtained":["Mummified Hand"]},{"cards_removed":["Defend_B"],"damage_healed":0.0,"max_hp_gain":0.0,"max_hp_loss":0.0,"gold_gain":0.0,"event_name":"Golden Wing","player_choice":"Card Removal","floor":4.0,"gold_loss":0.0,"damage_taken":7.0},{"damage_healed":0.0,"max_hp_gain":0.0,"max_hp_loss":0.0,"gold_gain":0.0,"event_name":"Liars Game","player_choice":"Ignored","floor":10.0,"gold_loss":0.0,"damage_taken":0.0},{"damage_healed":0,"gold_gain":0,"player_choice":"Fought Bandits","damage_taken":0,"max_hp_gain":0,"max_hp_loss":0,"event_name":"Masked Bandits","floor":19,"gold_loss":0},{"damage_healed":0,"gold_gain":50,"player_choice":"Stole From Cult","damage_taken":0,"max_hp_gain":0,"max_hp_loss":0,"event_name":"Nest","floor":22,"gold_loss":0}],"is_beta":false,"boss_relics":[{"not_picked":["Painkiller Herb","Replay:Ancient Bell"],"picked":"Velvet Choker"}],"items_purged_floors":[],"is_endless":false,"potions_floor_spawned":[1,7,12,18],"killed_by":"Gremlin Leader","ascension_level":20}}