{"host":"n605f8gctjc87d7h","time":1611686722,"event":{"mods":["Aspiration","Bard","BaseMod","Better Match","Better Note","Better Skull","Better Third Choice","Conspire","Halation","Hermit","Infinite Spire","Minty Spire (QoL Compilation)","Replay The Spire","Retaliation","Shade Mod","Spicy Shops","StS++","StSLib","The IronCluck"],"gold_per_floor":[109,59,70,83,95,126,126,126,177,193,193,223,236,161,161,263,263,275,275,326,343,360,360,370,370,370,403,403,417,223,223,223,326,326,344,358,68,84,84,84,96,96,170,185,35,51,81,81,81,81],"floor_reached":51,"language":"ENG","playtime":3051,"items_purged":["Defend_P"],"score":1077,"play_id":"f0d53fb4-5e0f-456c-95be-1f99a1991dea","local_time":"20210126104522","is_ascension_mode":true,"campfire_choices":[{"floor":7,"key":"REST"},{"data":"FlurryOfBlows","floor":11,"key":"SMITH"},{"floor":15,"key":"DIG"},{"data":"ReachHeaven","floor":23,"key":"SMITH"},{"data":"Study","floor":25,"key":"SMITH"},{"data":"infinitespire:SevenWalls","floor":32,"key":"SMITH"},{"data":"DeusExMachina","floor":40,"key":"SMITH"},{"data":"FearNoEvil","floor":49,"key":"SMITH"}],"circlet_count":0,"master_deck":["Strike_P","Strike_P","Strike_P","Defend_P","Defend_P","Defend_P","Eruption","Vigilance","DeusExMachina+1","FearNoEvil+1","Adaptation","FlurryOfBlows+1","Halt","ReachHeaven+1","Vault","FollowUp+1","Study+1","SashWhip+1","infinitespire:SevenWalls+1","ClearTheMind","DevaForm","Halt+1","FlurryOfBlows+1","DeusExMachina"],"relics":["PureWater","Snack Pack","Simple Rune","Dream Catcher","Bag of Marbles","Replay:Bottled Snecko","aspiration:PoetsPen_weak","Bronze Scales","halation:BottledLove","Kunai","Pet Ghost","BargainBundle","VioletLotus","infinitespire:Joker Card","aspiration:HummingbirdHeart","Akabeko","Bottled Flame"],"acts_visited":["Exordium","TheCity","TheBeyond"],"potions_floor_usage":[18,22,36,36,50],"damage_taken":[{"damage":0,"enemies":"Jaw Worm","floor":1,"turns":4},{"damage":0,"enemies":"conspire:RoseBush","floor":3,"turns":4},{"damage":0,"enemies":"Cultist","floor":4,"turns":3},{"damage":1,"enemies":"2 Fungi Beasts","floor":5,"turns":4},{"damage":15,"enemies":"3 Sentries","floor":6,"turns":8},{"damage":10,"enemies":"Exordium Wildlife","floor":10,"turns":4},{"damage":19,"enemies":"Lagavulin","floor":12,"turns":5},{"damage":0,"enemies":"Gremlin Gang","floor":13,"turns":3},{"damage":24,"enemies":"Hexaghost","floor":16,"turns":7},{"damage":0,"enemies":"conspire:FuzzyDice","floor":18,"turns":5},{"damage":0,"enemies":"Shell Parasite","floor":21,"turns":4},{"damage":4,"enemies":"Snake Plant","floor":22,"turns":2},{"damage":11,"enemies":"Centurion and Healer","floor":24,"turns":4},{"damage":0,"enemies":"conspire:Head Lice","floor":27,"turns":4},{"damage":6,"enemies":"conspire:HollyBat","floor":29,"turns":6},{"damage":0,"enemies":"Collector","floor":33,"turns":5},{"damage":1,"enemies":"3 Darklings","floor":35,"turns":3},{"damage":12,"enemies":"3 Shapes","floor":36,"turns":2},{"damage":0,"enemies":"Spire Growth","floor":38,"turns":3},{"damage":0,"enemies":"Transient","floor":41,"turns":6},{"damage":0,"enemies":"3 Darklings","floor":44,"turns":3},{"damage":0,"enemies":"4 Shapes","floor":46,"turns":4},{"damage":0,"enemies":"Giant Head","floor":47,"turns":4},{"damage":0,"enemies":"Donu and Deca","floor":50,"turns":6}],"seed_played":"-4299799266878182389","potions_obtained":[{"floor":1,"key":"FearPotion"},{"floor":4,"key":"StSpp:SecondWindPotion"},{"floor":10,"key":"BottledMiracle"},{"floor":13,"key":"SteroidPotion"},{"floor":18,"key":"Elixir"},{"floor":21,"key":"EssenceOfSteel"},{"floor":24,"key":"Weak Potion"},{"floor":33,"key":"PowerPotion"},{"floor":38,"key":"Strength Potion"}],"is_trial":false,"path_per_floor":["M","?","M","M","M","E","R","?","T","M","R","E","M","$","R","B",null,"M","?","T","M","M","R","M","R","T","E","AVR","M","$","?","R","B",null,"M","M","$","M","?","R","M","$","T","M","$","M","E","?","R","B",null],"character_chosen":"WATCHER","items_purchased":["BargainBundle","Fire Potion","infinitespire:Joker Card","Akabeko"],"campfire_rested":1,"item_purchase_floors":[30,30,37,45],"current_hp_per_floor":[65,65,65,65,64,49,70,70,70,64,64,51,53,53,53,39,64,70,70,70,72,70,70,67,67,67,72,72,70,70,57,57,65,74,77,67,67,75,75,75,77,77,77,77,77,77,77,77,77,77],"gold":81,"neow_bonus":"ONE_RANDOM_RARE_CARD","is_daily":false,"chose_seed":false,"campfire_upgraded":6,"win_rate":0.0,"timestamp":1611686722,"path_taken":["M","?","M","M","M","E","R","?","T","M","R","E","?","$","R","BOSS","M","?","?","M","?","R","?","R","T","E","AVR","M","$","?","R","BOSS","M","M","$","M","?","R","M","$","T","M","?","M","E","?","R","BOSS"],"items_purchased_type":["Relic","Potion","Relic","Relic"],"build_version":"2020-12-22","purchased_purges":1,"victory":true,"max_hp_per_floor":[72,72,72,72,72,72,72,72,72,72,72,72,72,72,72,72,72,72,72,72,72,72,72,72,72,72,72,72,72,72,77,77,77,77,77,77,77,77,77,77,77,77,77,77,77,77,77,77,77,77],"card_choices":[{"not_picked":["ForeignInfluence","CrushJoints"],"picked":"FearNoEvil","floor":1},{"not_picked":["EmptyBody","Pray","Replay:Cycle"],"picked":"SKIP","floor":3},{"not_picked":["CutThroughFate","Protect"],"picked":"Adaptation","floor":4},{"not_picked":["CrushJoints","Wallop"],"picked":"FlurryOfBlows","floor":5},{"not_picked":["Replay:DivineShield","Perseverance"],"picked":"Halt","floor":6},{"not_picked":["EmptyBody","Replay:Vibes","ThirdEye"],"picked":"SKIP","floor":10},{"not_picked":["EmptyBody","Wish"],"picked":"ReachHeaven","floor":12},{"not_picked":["Replay:BluntJabs","Replay:Anticipation","StSpp:TimeDodge"],"picked":"SKIP","floor":13},{"not_picked":["Blasphemy","StSpp:Patience"],"picked":"Vault","floor":16},{"not_picked":["BattleHymn","CarveReality"],"picked":"FollowUp+1","floor":18},{"not_picked":["SignatureMove","WindmillStrike"],"picked":"Study","floor":21},{"not_picked":["Evaluate","CrushJoints","Replay:ManipulateFuture"],"picked":"SKIP","floor":22},{"not_picked":["CrushJoints","CutThroughFate"],"picked":"SashWhip+1","floor":24},{"not_picked":["Protect","Consecrate","SignatureMove"],"picked":"SKIP","floor":27},{"not_picked":["Crescendo+1","Weave"],"picked":"ClearTheMind","floor":29},{"not_picked":["Judgement","MasterReality"],"picked":"DevaForm","floor":33},{"not_picked":["JustLucky+1","Replay:AtTheReady+1","Consecrate+1"],"picked":"SKIP","floor":35},{"not_picked":["Replay:Hum+1","Prostrate+1","EmptyBody+1"],"picked":"SKIP","floor":36},{"not_picked":["PathToVictory","Adaptation"],"picked":"Halt+1","floor":38},{"not_picked":["StSpp:Chanting","EmptyMind","Evaluate+1"],"picked":"SKIP","floor":41},{"not_picked":["Nirvana+1","BowlingBash","SignatureMove"],"picked":"SKIP","floor":44},{"not_picked":["Replay:AtTheReady+1","FlurryOfBlows","BowlingBash"],"picked":"SKIP","floor":46},{"not_picked":["Conclude","InnerPeace"],"picked":"DeusExMachina","floor":47}],"player_experience":651948,"relics_obtained":[{"floor":6,"key":"Snack Pack"},{"floor":9,"key":"Dream Catcher"},{"floor":12,"key":"Bag of Marbles"},{"floor":15,"key":"Replay:Bottled Snecko"},{"floor":20,"key":"Bronze Scales"},{"floor":26,"key":"halation:BottledLove"},{"floor":27,"key":"Kunai"},{"floor":43,"key":"aspiration:HummingbirdHeart"},{"floor":47,"key":"Bottled Flame"}],"event_choices":[{"cards_removed":["Strike_P"],"damage_healed":0,"gold_gain":0,"player_choice":"Card Removal","damage_taken":0,"max_hp_gain":0,"max_hp_loss":0,"event_name":"The Cleric","floor":2,"gold_loss":50},{"damage_healed":0,"gold_gain":0,"player_choice":"Gave Potion","damage_taken":0,"relics_obtained":["Simple Rune"],"max_hp_gain":0,"max_hp_loss":0,"event_name":"WeMeetAgain","floor":8,"gold_loss":0},{"damage_healed":0,"gold_gain":0,"player_choice":"Simplicity","damage_taken":0,"max_hp_gain":0,"max_hp_loss":6,"event_name":"betterThird:BetterWriting","floor":19,"gold_loss":0},{"damage_healed":0,"gold_gain":0,"player_choice":"Shed Blood","damage_taken":18,"max_hp_gain":5,"max_hp_loss":0,"event_name":"Forgotten Altar","floor":31,"gold_loss":0},{"damage_healed":0,"gold_gain":0,"player_choice":"Copied","damage_taken":0,"max_hp_gain":0,"max_hp_loss":0,"event_name":"Duplicator","floor":39,"gold_loss":0,"cards_obtained":["FlurryOfBlows"]}],"is_beta":false,"boss_relics":[{"not_picked":["halation:LoveArrow","Replay:Ancient Bell"],"picked":"aspiration:PoetsPen_weak"},{"not_picked":["Runic Pyramid","StSpp:Balance"],"picked":"VioletLotus"}],"items_purged_floors":[14],"is_endless":false,"potions_floor_spawned":[1,4,10,13,18,21,24,33,38,41,47],"ascension_level":6}}