{"host":"sc0o2qwpf9j16a4i","time":1611687962,"event":{"mods":["AchievementEnabler","BaseMod","BetterRewards","Block Reminder","Colored Map","Colored Powertips","Custom Start","Highlight Path","Minty Spire (QoL Compilation)","Relic Stats"],"gold_per_floor":[119,133,146,196,196,224,224,258,258,286,300,312,322,356,356,430,430,441,441,441,47,63,90,90,102,183,202,222,122,122,157,157,235,235,249,249,1,14,26,26,26],"floor_reached":40,"language":"ENG","playtime":1624,"items_purged":["Strike_R","Strike_R+1"],"score":1441,"play_id":"8b6a8146-52e0-4210-9d22-b1e92262fd81","local_time":"20210126210602","is_ascension_mode":true,"campfire_choices":[{"data":"Bash","floor":7.0,"key":"SMITH"},{"data":"True Grit","floor":15.0,"key":"SMITH"},{"data":"Limit Break","floor":24.0,"key":"SMITH"},{"floor":32.0,"key":"REST"}],"circlet_count":0,"master_deck":["AscendersBane","Strike_R+1","Strike_R+1","Defend_R+1","Defend_R+1","Defend_R+1","Defend_R+1","Bash+1","Anger","Wild Strike","Spot Weakness","Power Through","Evolve","Impervious","Burning Pact","True Grit+1","Limit Break+1","Barricade","Body Slam","Feel No Pain","Exhume","Entrench+1","Second Wind","Shrug It Off+1","Clothesline+1","Exhume","True Grit","Dual Wield"],"relics":["Burning Blood","Bag of Marbles","Sling","Regal Pillow","Lee\u0027s Waffle","Ancient Tea Set","Strawberry","CaptainsWheel","Mango","Meat on the Bone","Oddly Smooth Stone","Akabeko","Snecko Eye","Pen Nib","Happy Flower","Mummified Hand","Peace Pipe","SlaversCollar","Lantern"],"acts_visited":["Exordium","TheCity","TheBeyond"],"potions_floor_usage":[40],"damage_taken":[{"damage":0.0,"enemies":"2 Louse","floor":1.0,"turns":2.0},{"damage":0.0,"enemies":"Jaw Worm","floor":2.0,"turns":1.0},{"damage":1.0,"enemies":"Cultist","floor":3.0,"turns":3.0},{"damage":12.0,"enemies":"3 Sentries","floor":6.0,"turns":7.0},{"damage":15.0,"enemies":"Lagavulin","floor":8.0,"turns":5.0},{"damage":0.0,"enemies":"3 Sentries","floor":10.0,"turns":5.0},{"damage":6.0,"enemies":"Exordium Wildlife","floor":11.0,"turns":6.0},{"damage":8.0,"enemies":"Red Slaver","floor":12.0,"turns":4.0},{"damage":6.0,"enemies":"Large Slime","floor":13.0,"turns":5.0},{"damage":11.0,"enemies":"Gremlin Nob","floor":14.0,"turns":3.0},{"damage":36.0,"enemies":"Hexaghost","floor":16.0,"turns":8.0},{"damage":0.0,"enemies":"Spheric Guardian","floor":18.0,"turns":8.0},{"damage":6.0,"enemies":"2 Thieves","floor":22.0,"turns":4.0},{"damage":60.0,"enemies":"Gremlin Leader","floor":23.0,"turns":6.0},{"damage":5.0,"enemies":"Snake Plant","floor":25.0,"turns":5.0},{"damage":0.0,"enemies":"Snecko","floor":27.0,"turns":6.0},{"damage":6.0,"enemies":"Shelled Parasite and Fungi","floor":28.0,"turns":7.0},{"damage":42.0,"enemies":"Book of Stabbing","floor":31.0,"turns":6.0},{"damage":0.0,"enemies":"Champ","floor":33.0,"turns":9.0},{"damage":38.0,"enemies":"3 Darklings","floor":35.0,"turns":12.0},{"damage":11,"enemies":"Orb Walker","floor":38,"turns":2},{"damage":0,"enemies":"4 Shapes","floor":39,"turns":9},{"damage":76,"enemies":"Reptomancer","floor":40,"turns":2}],"seed_played":"-4900577238432752403","potions_obtained":[{"floor":3.0,"key":"BlessingOfTheForge"},{"floor":8.0,"key":"HeartOfIron"},{"floor":11.0,"key":"SkillPotion"},{"floor":18.0,"key":"Strength Potion"},{"floor":25.0,"key":"ColorlessPotion"},{"floor":33.0,"key":"SmokeBomb"},{"floor":39,"key":"Energy Potion"}],"is_trial":false,"path_per_floor":["M","M","M","?","?","E","R","E","T","E","M","M","M","E","R","B",null,"M","?","?","$","M","E","R","M","T","M","M","$","?","E","R","B",null,"M","?","$","M","M","E"],"character_chosen":"IRONCLAD","items_purchased":["Bag of Marbles","Sling","Regal Pillow","Lee\u0027s Waffle","Ancient Tea Set","Anger","DistilledChaos","Feel No Pain","Exhume","Pen Nib","Lantern","ElixirPotion"],"campfire_rested":1,"item_purchase_floors":[0,0,0,0,0,0,0,21,21,21,37,37],"current_hp_per_floor":[82,82,82,82,84,78,78,83,83,89,89,87,87,82,82,64,93,99,99,99,99,99,57,57,58,58,64,64,64,64,40,85,91,100,68,68,68,63,69,0,0],"gold":26,"neow_bonus":"","is_daily":false,"chose_seed":false,"campfire_upgraded":3,"win_rate":0.0,"timestamp":1611687962,"path_taken":["M","M","M","?","?","E","R","E","T","E","?","M","M","E","R","BOSS","M","?","?","$","M","E","R","M","T","M","?","?","?","E","R","BOSS","M","?","$","M","M","E"],"items_purchased_type":["Relic","Relic","Relic","Relic","Relic","Card","Potion","Card","Card","Relic","Relic","Potion"],"build_version":"2020-12-22","purchased_purges":2,"victory":false,"max_hp_per_floor":[82,82,82,82,89,89,89,103,103,103,103,103,103,103,103,103,103,103,103,103,103,103,103,103,103,103,103,103,103,103,103,103,103,103,103,103,103,103,103,103,103],"relic_stats":{"Peace Pipe":0,"Regal Pillow":15,"Lee\u0027s Waffle":53,"Happy Flower":[50],"counters":[52,340],"Mummified Hand":[189],"Snecko Eye":[128,149,131,149],"Pen Nib":[9],"obtain_stats":[{"Regal Pillow":26,"Lantern":44,"Singing Bowl":15,"Gremlin Horn":40,"CeramicFish":29,"Vajra":21,"Mango":8,"Ancient Tea Set":12,"Boot":23,"Sling":0,"Burning Blood":0,"Blood Vial":41,"Nunchaku":7,"Shovel":6,"Sundial":9,"Mummified Hand":28,"Strawberry":5,"Red Skull":11,"Runic Pyramid":34,"Lee\u0027s Waffle":0,"Happy Flower":32,"Golden Idol":3,"Self Forming Clay":44,"Astrolabe":17,"Oddly Smooth Stone":10,"Eternal Feather":47,"The Courier":24,"Pen Nib":21,"Omamori":42,"War Paint":31,"MawBank":14,"Akabeko":14,"Du-Vu Doll":10,"Peace Pipe":31,"OrangePellets":21,"SlaversCollar":34,"Bottled Flame":43,"Anchor":49,"CaptainsWheel":6,"Bronze Scales":44,"Snecko Eye":17,"Molten Egg 2":44,"Bag of Marbles":0,"Toy Ornithopter":25,"Pocketwatch":0,"Meat on the Bone":9},{"Regal Pillow":14,"Lantern":25,"Singing Bowl":8,"Gremlin Horn":23,"CeramicFish":16,"Vajra":12,"Mango":34,"Ancient Tea Set":6,"Boot":13,"Sling":29,"Burning Blood":0,"Blood Vial":24,"Nunchaku":4,"Shovel":4,"Sundial":5,"Mummified Hand":15,"Strawberry":32,"Red Skull":6,"Runic Pyramid":19,"Lee\u0027s Waffle":29,"Happy Flower":18,"Golden Idol":1,"Self Forming Clay":25,"Astrolabe":9,"Oddly Smooth Stone":35,"Eternal Feather":27,"The Courier":14,"Pen Nib":41,"Omamori":25,"War Paint":18,"MawBank":8,"Akabeko":39,"Du-Vu Doll":6,"Peace Pipe":47,"OrangePellets":12,"SlaversCollar":48,"Bottled Flame":25,"Anchor":28,"CaptainsWheel":33,"Bronze Scales":25,"Snecko Eye":40,"Molten Egg 2":25,"Bag of Marbles":29,"Toy Ornithopter":14,"Pocketwatch":0,"Meat on the Bone":34},{"Regal Pillow":91,"Lantern":176,"Singing Bowl":38,"Gremlin Horn":162,"CeramicFish":108,"Vajra":65,"Mango":233,"Ancient Tea Set":28,"Boot":75,"Sling":215,"Burning Blood":0,"Blood Vial":167,"Nunchaku":15,"Shovel":15,"Sundial":21,"Mummified Hand":102,"Strawberry":221,"Red Skull":28,"Runic Pyramid":136,"Lee\u0027s Waffle":215,"Happy Flower":120,"Golden Idol":3,"Self Forming Clay":176,"Astrolabe":47,"Oddly Smooth Stone":238,"Eternal Feather":192,"The Courier":91,"Pen Nib":272,"Omamori":176,"War Paint":120,"MawBank":38,"Akabeko":256,"Du-Vu Doll":28,"Peace Pipe":306,"OrangePellets":65,"SlaversCollar":315,"Bottled Flame":176,"Anchor":198,"CaptainsWheel":228,"Bronze Scales":176,"Snecko Eye":264,"Molten Egg 2":176,"Bag of Marbles":215,"Toy Ornithopter":91,"Pocketwatch":0,"Meat on the Bone":233}],"Burning Blood":257,"Meat on the Bone":36},"card_choices":[{"not_picked":["Perfected Strike","Thunderclap"],"picked":"Wild Strike","floor":1.0},{"not_picked":["Dropkick","Intimidate"],"picked":"Spot Weakness","floor":2.0},{"not_picked":["Thunderclap","Brutality"],"picked":"Power Through","floor":3.0},{"not_picked":["Cleave","Reckless Charge","Clash"],"picked":"SKIP","floor":6.0},{"not_picked":["Bloodletting","Ghostly Armor"],"picked":"Evolve","floor":8.0},{"not_picked":["Armaments","Thunderclap"],"picked":"Impervious","floor":10.0},{"not_picked":["Rupture","Entrench"],"picked":"Burning Pact","floor":11.0},{"not_picked":["Flex","Body Slam"],"picked":"True Grit","floor":12.0},{"not_picked":["Iron Wave","Heavy Blade","Entrench"],"picked":"SKIP","floor":13.0},{"not_picked":["Whirlwind","Power Through"],"picked":"Limit Break","floor":14.0},{"not_picked":["Impervious","Corruption"],"picked":"Barricade","floor":16.0},{"not_picked":["Pummel","Thunderclap","Anger"],"picked":"SKIP","floor":18.0},{"not_picked":["Flex+1","Perfected Strike+1"],"picked":"Entrench+1","floor":22.0},{"not_picked":["Clash","Havoc"],"picked":"Second Wind","floor":23.0},{"not_picked":["Body Slam","Pummel"],"picked":"Shrug It Off+1","floor":25.0},{"not_picked":["Ghostly Armor","Headbutt","Cleave+1"],"picked":"SKIP","floor":27.0},{"not_picked":["Heavy Blade","Ghostly Armor"],"picked":"Clothesline+1","floor":28.0},{"not_picked":["Rage+1","Flex","Berserk"],"picked":"SKIP","floor":31.0},{"not_picked":["Fiend Fire","Berserk"],"picked":"Exhume","floor":33.0},{"not_picked":["Searing Blow+1","Pommel Strike+1"],"picked":"True Grit","floor":35.0},{"not_picked":["Perfected Strike","Clash","Cleave"],"picked":"SKIP","floor":38},{"not_picked":["Perfected Strike","Evolve"],"picked":"Dual Wield","floor":39}],"player_experience":994864,"relics_obtained":[{"floor":6.0,"key":"CaptainsWheel"},{"floor":8.0,"key":"Mango"},{"floor":9.0,"key":"Meat on the Bone"},{"floor":10.0,"key":"Oddly Smooth Stone"},{"floor":14.0,"key":"Akabeko"},{"floor":23.0,"key":"Happy Flower"},{"floor":26.0,"key":"Mummified Hand"},{"floor":31.0,"key":"Peace Pipe"}],"event_choices":[{"damage_healed":0.0,"max_hp_gain":0.0,"max_hp_loss":0.0,"gold_gain":50.0,"event_name":"Golden Wing","player_choice":"Gained Gold","floor":4.0,"gold_loss":0.0,"damage_taken":0.0},{"damage_healed":0.0,"max_hp_gain":0.0,"max_hp_loss":0.0,"gold_gain":0.0,"event_name":"Scrap Ooze","player_choice":"Success","floor":5.0,"gold_loss":0.0,"damage_taken":5.0,"relics_obtained":["Strawberry"]},{"damage_healed":0.0,"max_hp_gain":0.0,"max_hp_loss":0.0,"gold_gain":0.0,"event_name":"Back to Basics","player_choice":"Simplicity","floor":19.0,"gold_loss":0.0,"damage_taken":0.0,"cards_upgraded":["Strike_R","Strike_R","Strike_R","Strike_R","Defend_R","Defend_R","Defend_R","Defend_R"]},{"damage_healed":0.0,"max_hp_gain":0.0,"max_hp_loss":0.0,"gold_gain":0.0,"event_name":"The Library","player_choice":"Read","floor":20.0,"gold_loss":0.0,"damage_taken":0.0,"cards_obtained":["Body Slam"]},{"cards_removed":["Strike_R"],"damage_healed":0.0,"max_hp_gain":0.0,"max_hp_loss":0.0,"gold_gain":0.0,"event_name":"Wheel of Change","player_choice":"Card Removal","floor":30.0,"gold_loss":0.0,"damage_taken":0.0},{"damage_healed":0,"gold_gain":0,"player_choice":"Ignored","damage_taken":0,"max_hp_gain":0,"max_hp_loss":0,"event_name":"Mysterious Sphere","floor":36,"gold_loss":0}],"is_beta":false,"boss_relics":[{"not_picked":["Black Star","Astrolabe"],"picked":"Snecko Eye"},{"not_picked":["Philosopher\u0027s Stone","Mark of Pain"],"picked":"SlaversCollar"}],"items_purged_floors":[0,29],"is_endless":false,"potions_floor_spawned":[3,8,11,13,18,22,25,33,39],"killed_by":"Reptomancer","ascension_level":20}}