{"host":"q3s8ewiy6v9taln3","time":1611690375,"event":{"mods":["BaseMod","Minty Spire (QoL Compilation)"],"gold_per_floor":[413,488,503,503,513,540,26,26,26,26,26,26,50,93,93,221,221,239,15,15,50,78,129,141,173,185,241,7,7,7,7,7,132,132,155,55,79,79,1,37,100,133,159,182,209,243,243,262,262,262,262,262,5,41,41,41],"floor_reached":55,"language":"ENG","playtime":2215,"items_purged":["Strike_R","Decay"],"score":1056,"play_id":"9a6f6632-61d1-448b-89f6-df825a4e3037","local_time":"20210126144615","is_ascension_mode":true,"campfire_choices":[{"floor":10,"key":"REST"},{"data":"Pommel Strike","floor":12,"key":"SMITH"},{"data":"Heavy Blade","floor":15,"key":"SMITH"},{"floor":24,"key":"RECALL"},{"floor":32,"key":"REST"},{"floor":47,"key":"REST"},{"floor":49,"key":"REST"},{"data":"Strike_R","floor":52,"key":"PURGE"}],"circlet_count":0,"master_deck":["Strike_R+1","Strike_R","Strike_R","Defend_R","Defend_R","Defend_R+1","Defend_R","Bash+1","Pommel Strike+1","Shockwave+1","Spot Weakness+1","Inflame","Spot Weakness+1","Heavy Blade+1","Bloodletting+1","Limit Break+1","Inflame+1","Shrug It Off+1","Infernal Blade+1","Madness+1","Berserk","Power Through+1","Heavy Blade+1","Madness+1","Seeing Red+1","Shrug It Off+1","Rupture","Apotheosis+1"],"relics":["Burning Blood","Old Coin","Toxic Egg 2","Pen Nib","Omamori","Lantern","DollysMirror","Golden Idol","Potion Belt","Molten Egg 2","Runic Cube","Bag of Preparation","MawBank","Whetstone","Toy Ornithopter","War Paint","Anchor","Sling","Boot","SlaversCollar","Oddly Smooth Stone","Peace Pipe","The Courier","Ancient Tea Set","Centennial Puzzle","Happy Flower"],"acts_visited":["Exordium","TheCity","TheBeyond","TheEnding"],"potions_floor_usage":[6,14,14,27,33,42,54,54,54,55],"damage_taken":[{"damage":9,"enemies":"Jaw Worm","floor":1,"turns":5},{"damage":0,"enemies":"Small Slimes","floor":3,"turns":3},{"damage":4,"enemies":"2 Louse","floor":5,"turns":3},{"damage":48,"enemies":"Gremlin Nob","floor":6,"turns":6},{"damage":16,"enemies":"2 Fungi Beasts","floor":13,"turns":5},{"damage":5,"enemies":"3 Sentries","floor":14,"turns":4},{"damage":43,"enemies":"The Guardian","floor":16,"turns":6},{"damage":14,"enemies":"Spheric Guardian","floor":18,"turns":3},{"damage":5,"enemies":"Chosen","floor":22,"turns":3},{"damage":30,"enemies":"Slavers","floor":23,"turns":4},{"damage":0,"enemies":"Snecko","floor":25,"turns":2},{"damage":25,"enemies":"Gremlin Leader","floor":27,"turns":4},{"damage":28,"enemies":"Automaton","floor":33,"turns":5},{"damage":25,"enemies":"3 Darklings","floor":35,"turns":5},{"damage":18,"enemies":"3 Shapes","floor":37,"turns":4},{"damage":5,"enemies":"Reptomancer","floor":40,"turns":2},{"damage":3,"enemies":"Mind Bloom Boss Battle","floor":41,"turns":4},{"damage":22,"enemies":"Giant Head","floor":42,"turns":5},{"damage":3,"enemies":"3 Darklings","floor":44,"turns":5},{"damage":14,"enemies":"Nemesis","floor":46,"turns":3},{"damage":13,"enemies":"4 Shapes","floor":48,"turns":2},{"damage":44,"enemies":"Donu and Deca","floor":50,"turns":4},{"damage":20,"enemies":"Shield and Spear","floor":54,"turns":4},{"damage":66,"enemies":"The Heart","floor":55,"turns":3}],"seed_played":"2657627634822230773","potions_obtained":[{"floor":1,"key":"HeartOfIron"},{"floor":6,"key":"Regen Potion"},{"floor":13,"key":"ColorlessPotion"},{"floor":14,"key":"Weak Potion"},{"floor":22,"key":"SneckoOil"},{"floor":37,"key":"Fire Potion"},{"floor":40,"key":"Swift Potion"},{"floor":41,"key":"GamblersBrew"},{"floor":48,"key":"FearPotion"}],"is_trial":false,"path_per_floor":["M","?","M","?","M","E","$","?","T","R","?","R","M","E","R","B",null,"M","$","?","T","M","E","R","M","T","E","$","?","$","?","R","B",null,"M","$","M","?","$","E","?","E","T","M","T","E","R","M","R","B",null,"R","$","E","B"],"character_chosen":"IRONCLAD","items_purchased":["Omamori","Lantern","Inflame","DollysMirror","Bag of Preparation","Sling","Madness+1","Seeing Red+1","Rupture","Apotheosis+1","PowerPotion"],"campfire_rested":4,"item_purchase_floors":[7,7,7,7,19,28,28,39,53,53,53],"current_hp_per_floor":[69,58,64,57,59,17,17,17,17,37,42,42,32,45,45,8,72,64,64,64,64,65,41,41,47,47,33,33,33,33,33,54,37,72,53,53,41,41,41,42,45,34,34,37,37,29,50,43,64,26,72,72,72,61,0,0],"gold":41,"neow_bonus":"ONE_RARE_RELIC","is_daily":false,"chose_seed":false,"campfire_upgraded":2,"win_rate":0.0,"timestamp":1611690375,"path_taken":["M","?","M","?","M","E","$","?","T","R","?","R","?","E","R","BOSS","M","$","?","?","M","E","R","?","T","E","$","?","?","?","R","BOSS","M","?","M","?","?","E","?","E","T","M","?","E","R","M","R","BOSS","R","$","E","BOSS"],"items_purchased_type":["Relic","Relic","Card","Relic","Relic","Relic","Card","Card","Card","Card","Potion"],"build_version":"2020-12-22","purchased_purges":2,"victory":false,"max_hp_per_floor":[72,72,72,72,72,72,72,67,67,67,72,72,72,72,72,72,72,72,72,72,72,72,72,72,72,72,72,72,72,72,72,72,72,72,72,72,72,72,72,72,72,72,72,72,72,72,72,72,72,72,72,72,72,72,72,72],"card_choices":[{"not_picked":["Sever Soul","Flame Barrier"],"picked":"Pommel Strike","floor":1},{"not_picked":["Twin Strike","Perfected Strike"],"picked":"Shockwave","floor":3},{"not_picked":["Havoc+1","Iron Wave","Pummel"],"picked":"SKIP","floor":5},{"not_picked":["Rupture","Cleave"],"picked":"Spot Weakness+1","floor":6},{"not_picked":["Blood for Blood","Rampage"],"picked":"Heavy Blade","floor":13},{"not_picked":["Sword Boomerang+1","True Grit+1"],"picked":"Bloodletting+1","floor":14},{"not_picked":["Offering+1","Impervious+1"],"picked":"Limit Break+1","floor":16},{"not_picked":["Warcry+1","Havoc+1"],"picked":"Inflame+1","floor":18},{"not_picked":["Perfected Strike+1","Wild Strike+1"],"picked":"Shrug It Off+1","floor":22},{"not_picked":["Anger+1","Havoc+1","Feed+1"],"picked":"SKIP","floor":23},{"not_picked":["Wild Strike+1","Twin Strike+1","Sword Boomerang+1"],"picked":"SKIP","floor":25},{"not_picked":["Perfected Strike+1","Entrench+1"],"picked":"Infernal Blade+1","floor":27},{"not_picked":["Immolate+1","Barricade"],"picked":"Berserk","floor":33},{"not_picked":["Warcry+1","Evolve"],"picked":"Power Through+1","floor":35},{"not_picked":["Flame Barrier+1","Warcry+1"],"picked":"Heavy Blade+1","floor":37},{"not_picked":["Transmutation+1","Impatience+1"],"picked":"Madness+1","floor":38},{"not_picked":["Fire Breathing+1","Iron Wave+1"],"picked":"Shrug It Off+1","floor":40},{"not_picked":["Brutality","Perfected Strike+1","Searing Blow+1"],"picked":"SKIP","floor":42},{"not_picked":["Pommel Strike+1","Second Wind+1","Iron Wave+1"],"picked":"SKIP","floor":44},{"not_picked":["Dual Wield+1","Iron Wave+1","Battle Trance+1"],"picked":"SKIP","floor":46},{"not_picked":["Entrench+1","Warcry+1","Sentinel+1"],"picked":"SKIP","floor":48},{"not_picked":["Spot Weakness+1","Headbutt+1","Burning Pact+1"],"picked":"SKIP","floor":54}],"player_experience":136113,"relics_obtained":[{"floor":6,"key":"Pen Nib"},{"floor":9,"key":"Potion Belt"},{"floor":14,"key":"Molten Egg 2"},{"floor":21,"key":"Whetstone"},{"floor":23,"key":"Toy Ornithopter"},{"floor":26,"key":"War Paint"},{"floor":27,"key":"Anchor"},{"floor":40,"key":"Oddly Smooth Stone"},{"floor":41,"key":"Peace Pipe"},{"floor":42,"key":"The Courier"},{"floor":45,"key":"Ancient Tea Set"},{"floor":46,"key":"Centennial Puzzle"},{"floor":54,"key":"Happy Flower"}],"event_choices":[{"damage_healed":0,"gold_gain":75,"player_choice":"Gather Gold","damage_taken":11,"max_hp_gain":0,"max_hp_loss":0,"event_name":"World of Goop","floor":2,"gold_loss":0},{"damage_healed":0,"gold_gain":0,"player_choice":"Success","damage_taken":7,"relics_obtained":["Toxic Egg 2"],"max_hp_gain":0,"max_hp_loss":0,"event_name":"Scrap Ooze","floor":4,"gold_loss":0},{"damage_healed":0,"gold_gain":0,"player_choice":"Lose Max HP","damage_taken":0,"relics_obtained":["Golden Idol"],"max_hp_gain":0,"max_hp_loss":5,"event_name":"Golden Idol","floor":8,"gold_loss":0},{"damage_healed":0,"gold_gain":0,"player_choice":"Donut","damage_taken":0,"max_hp_gain":5,"max_hp_loss":0,"event_name":"Big Fish","floor":11,"gold_loss":0},{"damage_healed":0,"gold_gain":0,"player_choice":"Opened","damage_taken":0,"relics_obtained":["MawBank"],"max_hp_gain":0,"max_hp_loss":0,"event_name":"The Mausoleum","floor":20,"gold_loss":0,"cards_obtained":["Writhe"]},{"damage_healed":0,"gold_gain":0,"player_choice":"Stole Relic","damage_taken":0,"relics_obtained":["Boot"],"max_hp_gain":0,"max_hp_loss":0,"event_name":"Addict","floor":29,"gold_loss":0,"cards_obtained":["Shame"]},{"damage_healed":0,"gold_gain":0,"player_choice":"Cursed","damage_taken":0,"max_hp_gain":0,"max_hp_loss":0,"event_name":"Wheel of Change","floor":31,"gold_loss":0,"cards_obtained":["Decay"]},{"damage_healed":0,"gold_gain":0,"player_choice":"Memory 1","damage_taken":0,"max_hp_gain":0,"max_hp_loss":0,"event_name":"SensoryStone","floor":38,"gold_loss":0},{"damage_healed":0,"gold_gain":0,"player_choice":"Fight","damage_taken":0,"max_hp_gain":0,"max_hp_loss":0,"event_name":"MindBloom","floor":41,"gold_loss":0}],"is_beta":false,"boss_relics":[{"not_picked":["Runic Pyramid","SacredBark"],"picked":"Runic Cube"},{"not_picked":["Fusion Hammer","Snecko Eye"],"picked":"SlaversCollar"}],"items_purged_floors":[19,36],"is_endless":false,"potions_floor_spawned":[1,6,13,14,22,37,40,41,48],"killed_by":"The Heart","ascension_level":4}}