{"host":"dxb4eoww080epc4n","time":1611701222,"event":{"mods":["AchievementEnabler","BaseMod","Better Note","BetterRewards","Colored Powertips","Conspire","Energized Spire","GifTheSpireLib","Gremlin Skip","Hubris","KinomotoSakuraMod(????)","Minty Spire (QoL Compilation)","Permanent Neow","Quick Restart","Rare Cards Sparkle","Relic Sorter","Replay The Spire","Shop Mod","Spikes Relics","StSLib","The Animator"],"gold_per_floor":[114,136,154,154,154,185,199,210,210,248,276,276,276,306,306,438,438,456,456,479,515,605,605,640,640,640,640,660,676,147,175,175,281,281,297,311,196,211,269,302,302,302,302,352,401,401,429,449,449,459,459,459,458,518,601,672,522,43,134,234,234,234,256,256],"floor_reached":63,"language":"ENG","playtime":9647,"items_purged":[],"score":909,"play_id":"70acd3fe-b8f1-4da2-84a7-7f24769bc743","local_time":"20210126234702","is_ascension_mode":false,"campfire_choices":[{"floor":12,"key":"RECALL"},{"floor":15,"key":"REST"},{"floor":23,"key":"REST"},{"data":"animator:Aqua","floor":25,"key":"SMITH"},{"data":"animator:Urushihara","floor":27,"key":"SMITH"},{"floor":32,"key":"REST"},{"floor":41,"key":"REST"},{"data":"animator:Urushihara","floor":46,"key":"SMITH"},{"floor":49,"key":"REST"},{"data":"animator:Urushihara","floor":52,"key":"SMITH"},{"floor":62,"key":"REST"}],"circlet_count":0,"master_deck":["animator:Strike_Konosuba","animator:Defend_Konosuba","animator:Strike+1","animator:Strike","animator:Strike","animator:Defend+1","animator:Defend+1","animator:Defend","animator:Kazuma","animator:Aqua+1","animator:Urushihara+1","animator:PandorasActor+1","animator:Verdia","animator:Kazuma","animator:Darkness+1","animator:Chris","animator:Mitsurugi","animator:Hans","animator:Arpeggio","animator:Vanir","animator:Darkness","animator:Aqua+1","animator:Mitsurugi+1","animator:Verdia","animator:Megumin+9","animator:Wiz+1","animator:Guy","animator:Vesta","animator:Urushihara+1","animator:Urushihara+1","animator:Chris","animator:HigakiRinne+1","animator:Chris","animator:Kazuma","animator:Priestess+1","animator:YunYun+1","animator:Hans+1","animator:Chris+1"],"relics":["animator:TheWolleyCore","animator:AncientMedallion"],"acts_visited":["Exordium","TheCity","TheBeyond","TheEnding","EYB:TheUnnamedReign"],"potions_floor_usage":[16,33,40,47,50,59,59,63,63],"damage_taken":[{"damage":5,"enemies":"Cultist","floor":1,"turns":4},{"damage":0,"enemies":"Small Slimes","floor":2,"turns":4},{"damage":0,"enemies":"2 Louse","floor":3,"turns":8},{"damage":23,"enemies":"3 Sentries","floor":6,"turns":11},{"damage":5,"enemies":"Looter","floor":7,"turns":4},{"damage":5,"enemies":"2 Fungi Beasts","floor":8,"turns":6},{"damage":3,"enemies":"Lagavulin","floor":10,"turns":8},{"damage":0,"enemies":"Large Slime","floor":11,"turns":5},{"damage":11,"enemies":"Exordium Wildlife","floor":14,"turns":6},{"damage":48,"enemies":"Fading Forest","floor":16,"turns":11},{"damage":0,"enemies":"3 Byrds","floor":18,"turns":5},{"damage":0,"enemies":"conspire:FuzzyDice","floor":20,"turns":7},{"damage":0,"enemies":"Cultist and Chosen","floor":21,"turns":6},{"damage":17,"enemies":"conspire:Head Lice","floor":24,"turns":7},{"damage":8,"enemies":"Chosen and Byrds","floor":28,"turns":5},{"damage":16,"enemies":"3 Cultists","floor":29,"turns":5},{"damage":4,"enemies":"Centurion and Healer","floor":31,"turns":6},{"damage":54,"enemies":"Automaton","floor":33,"turns":8},{"damage":4,"enemies":"3 Shapes","floor":35,"turns":4},{"damage":8,"enemies":"3 Darklings","floor":36,"turns":4},{"damage":0,"enemies":"4 Shapes","floor":38,"turns":4},{"damage":29,"enemies":"Mind Bloom Boss Battle","floor":39,"turns":6},{"damage":16,"enemies":"R_Hoarder","floor":40,"turns":7},{"damage":8,"enemies":"Reptomancer","floor":45,"turns":5},{"damage":12,"enemies":"Jaw Worm Horde","floor":47,"turns":3},{"damage":21,"enemies":"Spire Growth","floor":48,"turns":6},{"damage":30,"enemies":"conspire:OrnateMirror","floor":50,"turns":7},{"damage":2,"enemies":"animator:UNNAMED_HAT","floor":54,"turns":7},{"damage":20,"enemies":"animator:UNNAMED_CULTIST_1","floor":55,"turns":10},{"damage":22,"enemies":"animator:UNNAMED_CULTIST_2","floor":59,"turns":8},{"damage":82,"enemies":"animator:LARGE_CUBE","floor":60,"turns":7},{"damage":84,"enemies":"animator:ULTIMATE_CRYSTAL","floor":63,"turns":8}],"seed_played":"-8866730626702777898","potions_obtained":[{"floor":1,"key":"CultistPotion"},{"floor":7,"key":"Death Potion"},{"floor":11,"key":"Energy Potion"},{"floor":14,"key":"Block Potion"},{"floor":16,"key":"Block Potion"},{"floor":21,"key":"DuplicationPotion"},{"floor":31,"key":"DuplicationPotion"},{"floor":33,"key":"ColorlessPotion"},{"floor":38,"key":"Toxic Potion"},{"floor":39,"key":"Block Potion"},{"floor":40,"key":"Milkshake"},{"floor":44,"key":"animator:FalseLifePotion"},{"floor":54,"key":"animator:FalseLifePotion"},{"floor":55,"key":"animator:FalseLifePotion"},{"floor":59,"key":"animator:FalseLifePotion"},{"floor":60,"key":"animator:FalseLifePotion"}],"is_trial":false,"path_per_floor":["M","M","M","$","$","E","M","M","T","E","M","R","?","M","R","B",null,"M","?","M","M","?","R","E","R","T","R","M","M","$","M","R","B",null,"M","M","$","M","?","E","R","?","T","?","E","R","M","M","R","B",null,"R","??","M","M","T","?","$","M","M","?","R","E"],"character_chosen":"THE_ANIMATOR","items_purchased":["MerchantsRug","SpikesRelics:DaevaFist","Toolbox","FairyPotion","ReplayTheSpireMod:ShopPack","animator:AncientMedallion","animator:AncientMedallion"],"campfire_rested":6,"item_purchase_floors":[30,30,30,30,37,58,58],"current_hp_per_floor":[63,65,66,66,66,46,43,40,40,39,46,46,46,38,58,13,68,68,68,70,70,58,70,56,56,56,56,54,47,47,49,70,25,70,66,62,62,68,44,31,52,52,52,58,56,56,50,38,60,36,76,76,98,96,83,83,83,83,87,32,32,61,0,0],"gold":256,"neow_bonus":"RANDOM_COLORLESS","is_daily":false,"chose_seed":false,"campfire_upgraded":4,"win_rate":0.0,"timestamp":1611701222,"path_taken":["M","M","M","?","$","E","M","M","T","E","M","R","?","M","R","BOSS","M","?","M","M","?","R","E","R","T","R","M","?","$","M","R","BOSS","M","M","$","M","?","E","R","?","T","?","E","R","?","M","R","BOSS","R","??","M","M","T","?","$","M","M","?","R","E"],"items_purchased_type":["Relic","Relic","Relic","Potion","Relic","Relic","Relic"],"build_version":"2020-12-22","purchased_purges":0,"victory":false,"max_hp_per_floor":[66,66,66,66,66,67,67,67,67,67,68,68,68,68,68,68,68,68,68,70,70,70,70,70,70,70,70,70,70,70,70,70,70,70,70,70,70,70,70,70,70,70,70,76,76,76,76,76,76,76,76,76,98,98,98,98,98,98,98,98,98,98,98,98],"card_choices":[{"not_picked":["animator:MisaKurobane","animator:MamizouFutatsuiwa"],"picked":"animator:Urushihara","floor":0},{"not_picked":["animator:Gillette","animator:ElricAlphonse"],"picked":"animator:PandorasActor","floor":1},{"not_picked":["animator:LeleiLaLalena","animator:DwarfShaman"],"picked":"animator:Verdia","floor":2},{"not_picked":["animator:PinaCoLada","animator:LizardPriest"],"picked":"animator:Kazuma","floor":3},{"not_picked":["animator:Vanir","animator:Aqua"],"picked":"animator:Darkness","floor":6},{"not_picked":["animator:Sebas","animator:Sloth","animator:LizardPriest"],"picked":"SKIP","floor":7},{"not_picked":["animator:ElricAlphonse","animator:Fredrika","animator:Shion"],"picked":"SKIP","floor":8},{"not_picked":["animator:Kuribayashi","animator:Cocytus"],"picked":"animator:Chris","floor":10},{"not_picked":["animator:Vanir","animator:Hans"],"picked":"animator:Mitsurugi","floor":11},{"not_picked":["animator:Viivi","animator:Bozes"],"picked":"animator:Guy","floor":14},{"not_picked":["animator:PinaCoLada","animator:ItamiYouji"],"picked":"animator:Hans","floor":16},{"not_picked":["animator:Pride","animator:PandorasActor"],"picked":"animator:Aqua","floor":18},{"not_picked":["animator:Arpeggio","animator:Cocytus+1"],"picked":"animator:Vanir","floor":20},{"not_picked":["animator:Vanir","animator:Kazuma"],"picked":"animator:Darkness","floor":21},{"not_picked":["animator:Demiurge","animator:GazelDwargon"],"picked":"animator:Aqua","floor":24},{"not_picked":["animator:Layla","animator:Sebas"],"picked":"animator:Mitsurugi","floor":28},{"not_picked":["animator:Guy","animator:Souei"],"picked":"animator:Verdia","floor":29},{"not_picked":["animator:YunYun","animator:Kazuma"],"picked":"animator:Megumin","floor":31},{"not_picked":["animator:Greed","animator:AcuraShin"],"picked":"animator:Wiz","floor":33},{"not_picked":["animator:HighElfArcher+1","animator:Sloth+1"],"picked":"animator:Guy","floor":35},{"not_picked":["animator:Gillette","animator:Shalltear+1"],"picked":"animator:Vesta","floor":36},{"not_picked":["animator:Magilou","animator:QuestionMark"],"picked":"animator:Urushihara","floor":37},{"not_picked":["animator:Zero","animator:Kagari"],"picked":"animator:Urushihara","floor":37},{"not_picked":["animator:Benimaru+1","animator:Gillette","animator:MaesHughes+1"],"picked":"SKIP","floor":38},{"not_picked":["animator:Vanir","animator:Verdia"],"picked":"animator:Chris","floor":40},{"not_picked":["animator:Albedo","animator:Arpeggio"],"picked":"animator:Chris+1","floor":44},{"not_picked":["animator:Sloth+1","animator:HighElfArcher+1"],"picked":"animator:Kazuma+1","floor":45},{"not_picked":["animator:Chris+1","animator:Gillette"],"picked":"animator:Priestess+1","floor":47},{"not_picked":["animator:Benimaru","animator:Millim","animator:Father"],"picked":"SKIP","floor":48},{"not_picked":["animator:Demiurge","animator:Kuribayashi+1","animator:Sloth"],"picked":"SKIP","floor":54},{"not_picked":["animator:Verdia+1","animator:ElricEdward"],"picked":"animator:YunYun","floor":55},{"not_picked":["animator:Albedo+1","animator:ItamiYouji+1"],"picked":"animator:Hans+1","floor":57},{"not_picked":["animator:Souei","animator:LizardPriest+1","animator:Arpeggio"],"picked":"SKIP","floor":59},{"not_picked":["animator:YaoHaDucy","animator:Verdia"],"picked":"animator:Chris+1","floor":60}],"player_experience":154336,"relics_obtained":[{"floor":6,"key":"Matryoshka"},{"floor":9,"key":"Bag of Preparation"},{"floor":10,"key":"ReplayTheSpireMod:TigerMarble"},{"floor":24,"key":"animator:HeavyHalberd"},{"floor":26,"key":"Bronze Scales"},{"floor":26,"key":"Replay:Accelerometer"},{"floor":39,"key":"Charon\u0027s Ashes"},{"floor":40,"key":"BrokenLever"},{"floor":43,"key":"Darkstone Periapt"},{"floor":45,"key":"Red Skull"},{"floor":53,"key":"animator:TheWolleyCore"},{"floor":53,"key":"animator:AncientMedallion"},{"floor":56,"key":"animator:AncientMedallion"}],"event_choices":[{"damage_healed":0,"gold_gain":0,"cards_transformed":["animator:Aqua"],"player_choice":"Transformed","damage_taken":0,"max_hp_gain":0,"max_hp_loss":0,"event_name":"Transmorgrifier","floor":19,"gold_loss":0,"cards_obtained":["animator:Arpeggio"]},{"damage_healed":0,"gold_gain":90,"player_choice":"GOLD ","damage_taken":12,"max_hp_gain":0,"max_hp_loss":0,"event_name":"Knowing Skull","floor":22,"potions_obtained":[],"gold_loss":0,"cards_obtained":[]},{"damage_healed":0,"gold_gain":0,"player_choice":"Fight","damage_taken":0,"max_hp_gain":0,"max_hp_loss":0,"event_name":"MindBloom","floor":39,"gold_loss":0},{"cards_removed":["animator:Guy"],"damage_healed":0,"gold_gain":0,"player_choice":"Removed Skill","damage_taken":0,"max_hp_gain":0,"max_hp_loss":0,"event_name":"Falling","floor":42,"gold_loss":0},{"damage_healed":0,"gold_gain":0,"player_choice":"Leave","damage_taken":0,"max_hp_gain":0,"max_hp_loss":0,"event_name":"conspire:Investor","floor":61,"gold_loss":0}],"is_beta":false,"boss_relics":[{"not_picked":["conspire:SpecialSausage","CosmicIsotope"],"picked":"Sandwich"},{"not_picked":["energizedSpire:SpiderWeb","energizedSpire:DeadBattery","conspire:SlowCooker"]}],"items_purged_floors":[],"is_endless":false,"potions_floor_spawned":[1,7,11,14,16,18,21,29,31,33,38,39,40,45,55],"killed_by":"animator:ULTIMATE_CRYSTAL","ascension_level":0}}