{"host":"xp5rvh2jwe2ejyfm","time":1611623625,"event":{"mods":["BaseMod","Downfall","Duelist Mod","GifTheSpireLib","Gremlin Mod","Hermit","Hubris","Minty Spire (QoL Compilation)","Robot Space Explorer","StSLib","The Blackbeard","The Clintock","The Construct","The Cursed","The Disciple","The Forsaken","The Hierophant","The Necromancer","The Runesmith","The Servant 0.9.4"],"gold_per_floor":[117,128,140,129,145,171,182,211,234,248,248,423,434,447,447,550,550,562,562,580,59,77,108,108,125,125,125,137,137,152,13,13,112,112,128,142,89,108,118,148,148,0,0,0,10,37,54,66,66,66,66,66,15,41,41,41],"floor_reached":55,"language":"ENG","playtime":2571,"items_purged":[],"score":844,"play_id":"b99e0b68-b6a4-4e06-9b61-cf7d6fe34495","local_time":"20210125201345","is_ascension_mode":false,"campfire_choices":[{"floor":11,"key":"REST"},{"floor":15,"key":"REST"},{"floor":27,"key":"REST"},{"floor":29,"key":"REST"},{"floor":32,"key":"RECALL"},{"floor":49,"key":"REST"},{"data":"RobotSpaceExplorer:DroneSwarm","floor":52,"key":"SMITH"}],"circlet_count":0,"master_deck":["RobotSpaceExplorer:Strike","RobotSpaceExplorer:Strike","RobotSpaceExplorer:Strike","RobotSpaceExplorer:Strike+1","RobotSpaceExplorer:Defend","RobotSpaceExplorer:Defend","RobotSpaceExplorer:Defend","RobotSpaceExplorer:Defend","RobotSpaceExplorer:Scan","RobotSpaceExplorer:MiniLasers+1","Jack Of All Trades","RobotSpaceExplorer:ScrapMissile","RobotSpaceExplorer:Probe","RobotSpaceExplorer:PowerGlove","RobotSpaceExplorer:MetalStrike","RobotSpaceExplorer:Asteroid","RobotSpaceExplorer:MiniBoosters+1","RobotSpaceExplorer:MiniDrones","RobotSpaceExplorer:MetalStrike","RobotSpaceExplorer:MetalStrike","Doubt","RobotSpaceExplorer:Fix","RobotSpaceExplorer:FrostMissile","RobotSpaceExplorer:Comet","RobotSpaceExplorer:TurboDodge","RobotSpaceExplorer:LuckyStrike","Magnetism","RobotSpaceExplorer:DualCore","RobotSpaceExplorer:SwiftStep","RobotSpaceExplorer:Probe","Pain","RobotSpaceExplorer:GlueShot","RobotSpaceExplorer:Ammunition","RobotSpaceExplorer:LaserBurst","RobotSpaceExplorer:DroneSwarm","RobotSpaceExplorer:Comet","RobotSpaceExplorer:ScrapMissile+1","RobotSpaceExplorer:MiniDrones","RobotSpaceExplorer:StunGrenade","RobotSpaceExplorer:StunGrenade","RobotSpaceExplorer:FreezingShield+1","RobotSpaceExplorer:ScrapMissile+1","Panacea","RobotSpaceExplorer:TurboDodge+1","RobotSpaceExplorer:DroneSwarm+1","RobotSpaceExplorer:MiniBoosters+1","RobotSpaceExplorer:MiniDrones","RobotSpaceExplorer:MiniDrones","RobotSpaceExplorer:Pulsar"],"relics":["RobotSpaceExplorer:TurboCore","Mercury Hourglass","FossilizedHelix","hubris:Icosahedron","InkBottle","hubris:Potato","WarpedTongs","RobotSpaceExplorer:BottledGravity","hubris:HollowSoul","construct:RocketBooster","Red Mask","Question Card","RobotSpaceExplorer:ClockworkSextant","Centennial Puzzle"],"acts_visited":["Exordium","TheCity","TheBeyond","TheEnding"],"potions_floor_usage":[8,16,40,46,50],"damage_taken":[{"damage":0,"enemies":"2 Louse","floor":1,"turns":2},{"damage":10,"enemies":"Small Slimes","floor":2,"turns":3},{"damage":0,"enemies":"Cultist","floor":3,"turns":4},{"damage":25,"enemies":"Exordium Thugs","floor":4,"turns":5},{"damage":0,"enemies":"Blue Slaver","floor":5,"turns":4},{"damage":3,"enemies":"Gremlin Nob","floor":6,"turns":3},{"damage":12,"enemies":"3 Louse","floor":7,"turns":2},{"damage":19,"enemies":"Lagavulin","floor":8,"turns":5},{"damage":0,"enemies":"2 Fungi Beasts","floor":10,"turns":2},{"damage":8,"enemies":"Exordium Wildlife","floor":13,"turns":3},{"damage":6,"enemies":"Large Slime","floor":14,"turns":5},{"damage":0,"enemies":"Slime Boss","floor":16,"turns":5},{"damage":20,"enemies":"2 Thieves","floor":18,"turns":4},{"damage":4,"enemies":"3 Byrds","floor":20,"turns":3},{"damage":10,"enemies":"Snake Plant","floor":22,"turns":3},{"damage":7,"enemies":"theDuelist:KaibaA2","floor":23,"turns":4},{"damage":23,"enemies":"Cultist and Chosen","floor":25,"turns":6},{"damage":0,"enemies":"Centurion and Healer","floor":28,"turns":7},{"damage":13,"enemies":"3 Cultists","floor":30,"turns":5},{"damage":6,"enemies":"Automaton","floor":33,"turns":9},{"damage":0,"enemies":"3 Shapes","floor":35,"turns":3},{"damage":17,"enemies":"3 Darklings","floor":36,"turns":3},{"damage":0,"enemies":"Sphere and 2 Shapes","floor":38,"turns":5},{"damage":0,"enemies":"4 Shapes","floor":39,"turns":3},{"damage":27,"enemies":"Giant Head","floor":40,"turns":10},{"damage":11,"enemies":"Jaw Worm Horde","floor":45,"turns":3},{"damage":54,"enemies":"Reptomancer","floor":46,"turns":5},{"damage":2,"enemies":"Maw","floor":47,"turns":8},{"damage":18,"enemies":"Transient","floor":48,"turns":5},{"damage":2,"enemies":"Awakened One","floor":50,"turns":11},{"damage":27,"enemies":"Shield and Spear","floor":54,"turns":8},{"damage":23,"enemies":"The Heart","floor":55,"turns":2}],"seed_played":"5921505471483148344","potions_obtained":[{"floor":3,"key":"FairyPotion"},{"floor":4,"key":"champ:CounterPotion"},{"floor":5,"key":"PowerPotion"},{"floor":20,"key":"FairyPotion"},{"floor":25,"key":"SneckoOil"},{"floor":45,"key":"Regen Potion"},{"floor":48,"key":"LiquidBronze"}],"is_trial":false,"path_per_floor":["M","M","M","M","M","E","M","E","T","M","R","?","M","M","R","B",null,"M","?","M","$","M","E","?","M","T","R","M","R","M","$","R","B",null,"M","M","$","M","M","E","?","?","T","?","M","E","M","M","R","B",null,"R","$","E","B"],"character_chosen":"RobotSpaceExplorer","items_purchased":["InkBottle","Magnetism","RobotSpaceExplorer:DualCore","RobotSpaceExplorer:DroneSwarm","RobotSpaceExplorer:StunGrenade","RobotSpaceExplorer:MiniDrones"],"campfire_rested":5,"item_purchase_floors":[21,21,21,31,37,53],"current_hp_per_floor":[75,65,65,40,40,37,25,6,6,6,28,28,20,18,40,44,75,55,55,51,51,45,42,42,23,23,45,45,67,58,58,58,56,75,75,58,58,62,66,43,43,43,43,43,36,29,27,9,31,35,75,75,75,48,0,0],"gold":41,"neow_bonus":"RANDOM_COLORLESS","is_daily":false,"chose_seed":false,"campfire_upgraded":1,"win_rate":0.0,"timestamp":1611623625,"path_taken":["M","M","M","M","M","E","M","E","T","M","R","?","M","M","R","BOSS","M","?","M","$","M","E","?","M","T","R","M","R","?","$","R","BOSS","M","M","$","M","M","E","?","?","T","?","M","E","M","M","R","BOSS","R","$","E","BOSS"],"items_purchased_type":["Relic","Card","Card","Card","Card","Card"],"build_version":"2020-12-22","purchased_purges":0,"victory":false,"max_hp_per_floor":[75,75,75,75,75,75,75,75,75,75,75,75,75,75,75,75,75,75,75,75,75,75,75,75,75,75,75,75,75,75,75,75,75,75,75,75,75,75,75,75,75,75,75,75,75,75,75,75,75,75,75,75,75,75,75,75],"card_choices":[{"not_picked":["Trip","Dark Shackles"],"picked":"Jack Of All Trades","floor":0},{"not_picked":["RobotSpaceExplorer:FranticSearch","RobotSpaceExplorer:ShockKick"],"picked":"RobotSpaceExplorer:ScrapMissile","floor":1},{"not_picked":["RobotSpaceExplorer:PowerCollector","RobotSpaceExplorer:SwiftStep"],"picked":"RobotSpaceExplorer:Probe","floor":2},{"not_picked":["RobotSpaceExplorer:FreezingShield","RobotSpaceExplorer:Electroshield"],"picked":"RobotSpaceExplorer:PowerGlove","floor":3},{"not_picked":["RobotSpaceExplorer:DualCore","RobotSpaceExplorer:FrostMissile"],"picked":"RobotSpaceExplorer:MetalStrike","floor":4},{"not_picked":["RobotSpaceExplorer:GlueShot","RobotSpaceExplorer:IronShell"],"picked":"RobotSpaceExplorer:Asteroid","floor":5},{"not_picked":["RobotSpaceExplorer:MiniDrones","RobotSpaceExplorer:Pulsar"],"picked":"RobotSpaceExplorer:MiniBoosters","floor":6},{"not_picked":["RobotSpaceExplorer:Pulsar","RobotSpaceExplorer:SurgingStrike"],"picked":"RobotSpaceExplorer:MiniDrones","floor":7},{"not_picked":["RobotSpaceExplorer:ShockKick","RobotSpaceExplorer:Ammunition"],"picked":"RobotSpaceExplorer:MetalStrike","floor":8},{"not_picked":["RobotSpaceExplorer:SurgingShield","RobotSpaceExplorer:GlueShot"],"picked":"RobotSpaceExplorer:MetalStrike","floor":10},{"not_picked":["RobotSpaceExplorer:MetalStrike","RobotSpaceExplorer:IronShell"],"picked":"RobotSpaceExplorer:Fix","floor":13},{"not_picked":["RobotSpaceExplorer:Calculate","RobotSpaceExplorer:SlimeMissile"],"picked":"RobotSpaceExplorer:FrostMissile","floor":14},{"not_picked":["RobotSpaceExplorer:HighVoltage","RobotSpaceExplorer:Wormhole"],"picked":"RobotSpaceExplorer:Comet","floor":16},{"not_picked":["RobotSpaceExplorer:PowerCollector","RobotSpaceExplorer:ShovelStrike"],"picked":"RobotSpaceExplorer:TurboDodge","floor":18},{"not_picked":["RobotSpaceExplorer:SurgingShield+1","RobotSpaceExplorer:SelfCleaning"],"picked":"RobotSpaceExplorer:LuckyStrike","floor":20},{"not_picked":["RobotSpaceExplorer:LuckyStrike","RobotSpaceExplorer:MakeshiftVolley"],"picked":"RobotSpaceExplorer:SwiftStep","floor":22},{"not_picked":["RobotSpaceExplorer:Smokescreen","RobotSpaceExplorer:GlueShot+1"],"picked":"RobotSpaceExplorer:Probe","floor":23},{"not_picked":["RobotSpaceExplorer:LuckyStrike+1","RobotSpaceExplorer:SurgingStrike+1"],"picked":"RobotSpaceExplorer:GlueShot","floor":25},{"not_picked":["RobotSpaceExplorer:ScrapShield+1","RobotSpaceExplorer:FranticSearch"],"picked":"RobotSpaceExplorer:Ammunition","floor":28},{"not_picked":["RobotSpaceExplorer:ImprovisedAttack","RobotSpaceExplorer:Ammunition+1"],"picked":"RobotSpaceExplorer:LaserBurst","floor":30},{"not_picked":["RobotSpaceExplorer:HighVoltage","RobotSpaceExplorer:Accelerator"],"picked":"RobotSpaceExplorer:Comet","floor":33},{"not_picked":["RobotSpaceExplorer:StunGrenade+1","RobotSpaceExplorer:ShovelStrike+1"],"picked":"RobotSpaceExplorer:ScrapMissile+1","floor":35},{"not_picked":["RobotSpaceExplorer:RigExplosive+1","RobotSpaceExplorer:GearShield"],"picked":"RobotSpaceExplorer:MiniDrones","floor":36},{"not_picked":["RobotSpaceExplorer:ShockKick","RobotSpaceExplorer:Electropulse+1"],"picked":"RobotSpaceExplorer:StunGrenade","floor":38},{"not_picked":["RobotSpaceExplorer:Counterblock","RobotSpaceExplorer:ScrapToss"],"picked":"RobotSpaceExplorer:FreezingShield+1","floor":39},{"not_picked":["RobotSpaceExplorer:ImprovisedAttack","RobotSpaceExplorer:SlimeMissile+1"],"picked":"RobotSpaceExplorer:ScrapMissile+1","floor":40},{"not_picked":["Flash of Steel","Deep Breath"],"picked":"Panacea","floor":41},{"not_picked":["RobotSpaceExplorer:FrostMissile+1","RobotSpaceExplorer:ImprovisedAttack","RobotSpaceExplorer:SurgingStrike+1"],"picked":"RobotSpaceExplorer:TurboDodge+1","floor":45},{"not_picked":["RobotSpaceExplorer:ShovelStrike+1","RobotSpaceExplorer:ImprovisedAttack","RobotSpaceExplorer:SwiftStep"],"picked":"RobotSpaceExplorer:DroneSwarm","floor":46},{"not_picked":["RobotSpaceExplorer:DualCore","RobotSpaceExplorer:StunGrenade","RobotSpaceExplorer:PowerCollector"],"picked":"RobotSpaceExplorer:MiniBoosters+1","floor":47},{"not_picked":["RobotSpaceExplorer:Probe+1","RobotSpaceExplorer:ScrapShield","RobotSpaceExplorer:GlueShot+1"],"picked":"RobotSpaceExplorer:MiniDrones","floor":48},{"not_picked":["RobotSpaceExplorer:FranticSearch+1","RobotSpaceExplorer:SurgingStrike","RobotSpaceExplorer:Counterblock+1"],"picked":"RobotSpaceExplorer:Pulsar","floor":54}],"player_experience":341663,"relics_obtained":[{"floor":6,"key":"Mercury Hourglass"},{"floor":8,"key":"FossilizedHelix"},{"floor":23,"key":"hubris:Potato"},{"floor":26,"key":"RobotSpaceExplorer:BottledGravity"},{"floor":40,"key":"construct:RocketBooster"},{"floor":43,"key":"Question Card"},{"floor":46,"key":"RobotSpaceExplorer:ClockworkSextant"},{"floor":54,"key":"Centennial Puzzle"}],"event_choices":[{"damage_healed":0,"gold_gain":175,"player_choice":"AGREE","damage_taken":0,"max_hp_gain":0,"max_hp_loss":0,"event_name":"Liars Game","floor":12,"gold_loss":0,"cards_obtained":["Doubt"]},{"damage_healed":0,"gold_gain":0,"player_choice":"Rummage","damage_taken":0,"relics_obtained":["WarpedTongs"],"max_hp_gain":0,"max_hp_loss":0,"event_name":"Accursed Blacksmith","floor":24,"gold_loss":0,"cards_obtained":["Pain"]},{"damage_healed":0,"gold_gain":0,"player_choice":"Memory 1","damage_taken":0,"max_hp_gain":0,"max_hp_loss":0,"event_name":"SensoryStone","floor":41,"gold_loss":0},{"damage_healed":0,"gold_gain":0,"player_choice":"Paid","damage_taken":0,"relics_obtained":["Red Mask"],"max_hp_gain":0,"max_hp_loss":0,"event_name":"Tomb of Lord Red Mask","floor":42,"gold_loss":148}],"is_beta":false,"boss_relics":[{"not_picked":["hubris:CrackedHourglass","bronze:MakeshiftBattery"],"picked":"RobotSpaceExplorer:TurboCore"},{"not_picked":["SlaversCollar","hubris:GrandSneckoEye"],"picked":"hubris:HollowSoul"}],"items_purged_floors":[],"is_endless":false,"potions_floor_spawned":[3,4,5,6,20,25,36,45,48],"killed_by":"The Heart","ascension_level":0}}