{"host":"tq99ucv8ezzqzioe","time":1611695205,"event":{"mods":["BaseMod","Colored Map","Downfall","Highlight Path","Minty Spire (QoL Compilation)","StSLib"],"gold_per_floor":[119,63,79,94,105,140,152,180,205,205,215,115,115,45,45,149,149,163,163,15,15,29,29,29,29,54,1,34,34,51,51,51,153,153,170,70,70,81,81,81,98,123,205,8,28,62,76,94,94,94,94,94,16,51,51,51],"floor_reached":55,"language":"ENG","playtime":3292,"items_purged":["Strike_G","Strike_G+1"],"score":1032,"play_id":"52b5fbfe-3c59-4742-8ae1-3e8101765d2b","local_time":"20210126160645","is_ascension_mode":true,"campfire_choices":[{"floor":10,"key":"REST"},{"floor":13,"key":"RECALL"},{"data":"Footwork","floor":15,"key":"SMITH"},{"floor":23,"key":"REST"},{"data":"Venomology","floor":25,"key":"SMITH"},{"floor":32,"key":"REST"},{"data":"Survivor","floor":40,"key":"SMITH"},{"data":"Malaise","floor":49,"key":"SMITH"},{"data":"Footwork","floor":52,"key":"SMITH"}],"circlet_count":0,"master_deck":["Strike_G+1","Defend_G+1","Defend_G+1","Defend_G+1","Defend_G+1","Defend_G+1","Survivor+1","Neutralize","Crippling Poison","Crippling Poison","Leg Sweep","Poisoned Stab","Poisoned Stab","Caltrops","Bane","Dash","Heel Hook","Burst","Dash","Poisoned Stab","Poisoned Stab","Footwork+1","Venomology+1","Bane","Poisoned Stab","Corpse Explosion","Sucker Punch+1","Glass Knife","Prepared","Caltrops+1","PiercingWail+1","Venomology+1","Burst","Dodge and Roll+1","Prepared+1","Crippling Poison+1","Master of Strategy","Noxious Fumes+1","Deadly Poison+1","Bouncing Flask","Footwork+1","Malaise+1","Parasite","Caltrops","Blur+1"],"relics":["Ring of the Snake","Prayer Wheel","Snake Skull","Ancient Tea Set","SacredBark","Enchiridion","Blue Candle","Toy Ornithopter","Orichalcum","Coffee Dripper","Strawberry","Question Card","Bronze Scales","Ornamental Fan","Ninja Scroll"],"acts_visited":["Exordium","TheCity","TheBeyond","TheEnding"],"potions_floor_usage":[8,16,16,22,28,28,28,33,33,38,38,41,41,42,42,45,46,46,46,47,48,48,48,50,50,50,54,54,55],"damage_taken":[{"damage":3,"enemies":"2 Louse","floor":1,"turns":4},{"damage":0,"enemies":"Cultist","floor":3,"turns":5},{"damage":2,"enemies":"Jaw Worm","floor":4,"turns":4},{"damage":6,"enemies":"Looter","floor":5,"turns":4},{"damage":19,"enemies":"3 Sentries","floor":6,"turns":11},{"damage":3,"enemies":"Blue Slaver","floor":7,"turns":3},{"damage":4,"enemies":"Lagavulin","floor":8,"turns":5},{"damage":0,"enemies":"3 Louse","floor":11,"turns":3},{"damage":4,"enemies":"The Guardian","floor":16,"turns":9},{"damage":19,"enemies":"Shell Parasite","floor":18,"turns":7},{"damage":10,"enemies":"3 Byrds","floor":22,"turns":4},{"damage":3,"enemies":"Gremlin Leader","floor":28,"turns":4},{"damage":35,"enemies":"Shelled Parasite and Fungi","floor":30,"turns":5},{"damage":18,"enemies":"Collector","floor":33,"turns":4},{"damage":7,"enemies":"3 Darklings","floor":35,"turns":6},{"damage":0,"enemies":"3 Shapes","floor":38,"turns":4},{"damage":10,"enemies":"Spire Growth","floor":41,"turns":4},{"damage":1,"enemies":"Nemesis","floor":42,"turns":7},{"damage":3,"enemies":"4 Shapes","floor":45,"turns":4},{"damage":34,"enemies":"Reptomancer","floor":46,"turns":4},{"damage":4,"enemies":"Writhing Mass","floor":47,"turns":6},{"damage":10,"enemies":"Transient","floor":48,"turns":5},{"damage":42,"enemies":"Awakened One","floor":50,"turns":13},{"damage":1,"enemies":"Shield and Spear","floor":54,"turns":4},{"damage":81,"enemies":"The Heart","floor":55,"turns":6}],"seed_played":"5385014780581217521","potions_obtained":[{"floor":4,"key":"bronze:BurnAndBuffPotion"},{"floor":6,"key":"Block Potion"},{"floor":7,"key":"LiquidMemories"},{"floor":8,"key":"LiquidBronze"},{"floor":22,"key":"hexamod:SoulburnPotion"},{"floor":33,"key":"GamblersBrew"},{"floor":42,"key":"Explosive Potion"},{"floor":45,"key":"sneckomod:MuddlingPotion"},{"floor":46,"key":"Energy Potion"},{"floor":48,"key":"BlessingOfTheForge"}],"is_trial":false,"path_per_floor":["M","?","M","M","M","E","M","E","T","R","M","$","R","$","R","B",null,"M","?","$","?","M","R","?","R","T","$","E","$","M","?","R","B",null,"M","$","?","M","?","R","M","E","T","$","M","E","M","M","R","B",null,"R","$","E","B"],"character_chosen":"THE_SILENT","items_purchased":["Poisoned Stab","Footwork","Corpse Explosion","Prepared","Bronze Scales","Footwork","DistilledChaos"],"campfire_rested":3,"item_purchase_floors":[12,14,20,27,44,44,53],"current_hp_per_floor":[60,60,60,58,52,33,30,26,26,47,47,47,47,47,47,43,63,44,44,44,28,18,39,34,34,34,34,46,46,11,11,32,24,59,52,52,52,62,62,62,60,76,76,76,74,48,49,54,54,27,65,65,65,74,0,0],"gold":51,"neow_bonus":"TRANSFORM_CARD","is_daily":false,"chose_seed":false,"campfire_upgraded":5,"win_rate":0.0,"timestamp":1611695205,"path_taken":["M","?","M","M","M","E","M","E","T","R","?","$","R","?","R","BOSS","M","?","$","?","M","R","?","R","T","?","E","$","M","?","R","BOSS","M","?","?","?","?","R","M","E","T","$","M","E","M","M","R","BOSS","R","$","E","BOSS"],"items_purchased_type":["Card","Card","Card","Card","Relic","Card","Potion"],"build_version":"2020-12-22","purchased_purges":2,"victory":false,"max_hp_per_floor":[70,70,70,70,70,70,70,70,70,70,70,70,70,70,70,70,70,70,70,70,70,70,70,70,70,70,70,70,70,70,70,70,70,70,70,70,70,70,70,70,70,77,77,77,77,77,77,77,77,77,77,77,77,77,77,77],"card_choices":[{"not_picked":["Poisoned Stab","Skewer"],"picked":"Crippling Poison","floor":1},{"not_picked":["Quick Slash","Backflip"],"picked":"Leg Sweep","floor":3},{"not_picked":["Outmaneuver","Prepared"],"picked":"Poisoned Stab","floor":3},{"not_picked":["Dagger Spray","Predator"],"picked":"Poisoned Stab","floor":4},{"not_picked":["Acrobatics","Underhanded Strike"],"picked":"Caltrops","floor":4},{"not_picked":["Blade Dance","Terror"],"picked":"Bane","floor":5},{"not_picked":["Outmaneuver","Quick Slash"],"picked":"Dash","floor":5},{"not_picked":["Flechettes","Dagger Throw"],"picked":"Heel Hook","floor":6},{"not_picked":["Acrobatics","Concentrate"],"picked":"Burst","floor":7},{"not_picked":["Quick Slash","Acrobatics","Slice"],"picked":"SKIP","floor":7},{"not_picked":["Flying Knee","Dodge and Roll"],"picked":"Dash","floor":8},{"not_picked":["Terror","Acrobatics"],"picked":"Poisoned Stab","floor":11},{"not_picked":["Underhanded Strike","Sucker Punch","Deflect"],"picked":"SKIP","floor":11},{"not_picked":["Burst","Unload"],"picked":"Venomology","floor":16},{"not_picked":["Sucker Punch","Quick Slash+1"],"picked":"Bane","floor":18},{"not_picked":["Dodge and Roll","Blade Dance"],"picked":"Poisoned Stab","floor":18},{"not_picked":["Dagger Spray","Poisoned Stab"],"picked":"Sucker Punch+1","floor":22},{"not_picked":["Deadly Poison","Well Laid Plans"],"picked":"Glass Knife","floor":22},{"not_picked":["Blade Dance","Heel Hook"],"picked":"Caltrops+1","floor":28},{"not_picked":["Bane","Finisher"],"picked":"PiercingWail+1","floor":30},{"not_picked":["Dagger Spray","Poisoned Stab","Underhanded Strike"],"picked":"SKIP","floor":30},{"not_picked":["Night Terror","Grand Finale"],"picked":"Burst","floor":33},{"not_picked":["Backflip","Quick Slash"],"picked":"Dodge and Roll+1","floor":35},{"not_picked":["Sucker Punch","Bane"],"picked":"Prepared+1","floor":35},{"not_picked":["Cloak And Dagger+1","Endless Agony"],"picked":"Crippling Poison+1","floor":38},{"not_picked":["Blade Dance+1","Quick Slash","Underhanded Strike"],"picked":"SKIP","floor":38},{"not_picked":["Finesse","Flash of Steel"],"picked":"Master of Strategy","floor":39},{"not_picked":["Masterful Stab+1","Prepared"],"picked":"Noxious Fumes+1","floor":41},{"not_picked":["Outmaneuver","PiercingWail"],"picked":"Deadly Poison+1","floor":41},{"not_picked":["Endless Agony+1","Heel Hook+1"],"picked":"Bouncing Flask","floor":42},{"not_picked":["Endless Agony+1","Outmaneuver+1","Setup+1","Expertise"],"picked":"SKIP","floor":45},{"not_picked":["Underhanded Strike","Crippling Poison","Quick Slash+1","Slice"],"picked":"SKIP","floor":45},{"not_picked":["Bane","Reflex+1","Cloak And Dagger+1"],"picked":"Malaise","floor":46},{"not_picked":["Skewer","Dodge and Roll","Expertise+1"],"picked":"Caltrops","floor":47},{"not_picked":["Outmaneuver","Deflect","Tactician+1"],"picked":"Blur+1","floor":47},{"not_picked":["Blur","Sucker Punch","Cloak And Dagger+1","Outmaneuver+1"],"picked":"SKIP","floor":48},{"not_picked":["Grand Finale","Dagger Throw+1","Dagger Spray+1","Deadly Poison"],"picked":"SKIP","floor":48},{"not_picked":["Deflect","Outmaneuver","Slice","Die Die Die"],"picked":"SKIP","floor":54}],"player_experience":781528,"relics_obtained":[{"floor":6,"key":"Snake Skull"},{"floor":8,"key":"Ancient Tea Set"},{"floor":21,"key":"Enchiridion"},{"floor":26,"key":"Toy Ornithopter"},{"floor":28,"key":"Orichalcum"},{"floor":42,"key":"Strawberry"},{"floor":43,"key":"Question Card"},{"floor":46,"key":"Ornamental Fan"},{"floor":54,"key":"Ninja Scroll"}],"event_choices":[{"damage_healed":0,"gold_gain":0,"player_choice":"Paid Gold","damage_taken":0,"relics_obtained":["Prayer Wheel"],"max_hp_gain":0,"max_hp_loss":0,"event_name":"WeMeetAgain","floor":2,"gold_loss":56},{"damage_healed":0,"gold_gain":0,"player_choice":"Simplicity","damage_taken":0,"max_hp_gain":0,"max_hp_loss":0,"event_name":"Back to Basics","floor":19,"gold_loss":0,"cards_upgraded":["Strike_G","Strike_G","Strike_G","Defend_G","Defend_G","Defend_G","Defend_G","Defend_G"]},{"damage_healed":0,"gold_gain":0,"player_choice":"Obtained Book","damage_taken":16,"max_hp_gain":0,"max_hp_loss":0,"event_name":"Cursed Tome","floor":21,"gold_loss":0},{"damage_healed":0,"gold_gain":0,"player_choice":"Copied","damage_taken":0,"max_hp_gain":0,"max_hp_loss":0,"event_name":"Duplicator","floor":31,"gold_loss":0,"cards_obtained":["Venomology"]},{"cards_removed":["Strike_G"],"damage_healed":0,"gold_gain":0,"player_choice":"Purged","damage_taken":0,"max_hp_gain":0,"max_hp_loss":0,"event_name":"Purifier","floor":37,"gold_loss":0},{"damage_healed":0,"gold_gain":0,"player_choice":"Memory 1","damage_taken":0,"max_hp_gain":0,"max_hp_loss":0,"event_name":"SensoryStone","floor":39,"gold_loss":0}],"is_beta":false,"boss_relics":[{"not_picked":["Tiny House","Velvet Choker"],"picked":"SacredBark"},{"not_picked":["Calling Bell","Cursed Key"],"picked":"Coffee Dripper"}],"items_purged_floors":[12,36],"is_endless":false,"potions_floor_spawned":[4,6,7,8,22,33,42,45,46,48],"killed_by":"The Heart","ascension_level":6}}