{"host":"n2l2p77brzv6bmsz","time":1611665312,"event":{"mods":["BaseMod","Downfall","Hermit","Marisa????????","Minty Spire (QoL Compilation)","Replay The Spire","StSLib","The Cursed"],"gold_per_floor":[109,142,170,170,200,200,226,257,305,325,342,342,392,162,162,293,293,337,337,337,237,112,112,197,226,274,348,409,409,475,547,547,704,704,733,798,388,388,298,298,154,199,199,262,302,351,57,57,57,57,57,71,71],"floor_reached":52,"language":"ENG","playtime":2442,"items_purged":["Delirium","Languid","downfall:Bewildered"],"score":815,"play_id":"d6eb2264-2c3d-4321-9015-76e62b1e14ec","local_time":"20210126134832","is_ascension_mode":false,"campfire_choices":[{"floor":23,"key":"REST"},{"floor":29,"key":"REST"},{"floor":32,"key":"REST"},{"floor":40,"key":"REST"},{"floor":51,"key":"REST"}],"circlet_count":0,"master_deck":["Strike_MRS","Strike_MRS","Defend_MRS","Defend_MRS","Defend_MRS+1","Defend_MRS","UpSweep","WitchOfGreed","ManaConvection+1","PowerUp","LuminesStrike","Acceleration","DoubleSpark","MysteriousBeam","MysteriousBeam","BigCrunch+1","MagicAbsorber","JA+1","WitchOfGreed+1","Necronomicurse","GalacticHalo+1","TreasureHunter+1","ReplayTheSpireMod:Doomed","DoubleSpark+1","DarkMatter","Clumsy","PowerUp","LuminesStrike+1","Voices","MaximisePower+1","ShootingEcho+1","ReplayTheSpireMod:Restless Dread","BlazeAway+1","Parasite","Parasite","OpenUniverse+1","StarlightTyphoon+1","downfall:Bewildered","EnergyFlow+1","EarthLightRay+1"],"relics":["MiniHakkero","NeowsBlessing","Ancient Tea Set","Blood Vial","Ring of Greed","ReplayTheSpireMod:Ring of Exchange","Golden Egg","Replay:Bandana","Pen Nib","Strange Spoon","sneckomod:BabySnecko","Necronomicon","Regal Pillow","Replay:Wax Seal","Garlic","Guide Book","Sundial","ShroomBag","Replay:Baseball","ReplayTheSpireMod:Lightbulb","Thread and Needle"],"acts_visited":["Exordium","TheCity","TheBeyond"],"potions_floor_usage":[7,7,8,8,11,16,18,24,27,27,28,28,31,31,33,33,42,44,45,48],"damage_taken":[{"damage":0,"enemies":"2 Louse","floor":1,"turns":1},{"damage":0,"enemies":"Cultist","floor":2,"turns":2},{"damage":1,"enemies":"Jaw Worm","floor":3,"turns":2},{"damage":24,"enemies":"Large Slime","floor":5,"turns":8},{"damage":1,"enemies":"2 Fungi Beasts","floor":7,"turns":3},{"damage":2,"enemies":"Exordium Wildlife","floor":8,"turns":4},{"damage":8,"enemies":"Lots of Slimes","floor":10,"turns":3},{"damage":14,"enemies":"3 Louse","floor":11,"turns":2},{"damage":16,"enemies":"Slime Boss","floor":16,"turns":9},{"damage":23,"enemies":"2 Thieves","floor":18,"turns":4},{"damage":15,"enemies":"Replay:Snechameleon","floor":24,"turns":3},{"damage":0,"enemies":"Spheric Guardian","floor":25,"turns":1},{"damage":28,"enemies":"3 Cultists","floor":27,"turns":4},{"damage":0,"enemies":"Shelled Parasite and Fungi","floor":28,"turns":3},{"damage":42,"enemies":"Book of Stabbing","floor":30,"turns":5},{"damage":18,"enemies":"Snake Plant","floor":31,"turns":6},{"damage":41,"enemies":"Pondfish","floor":33,"turns":10},{"damage":2,"enemies":"Orb Walker","floor":35,"turns":2},{"damage":52,"enemies":"3 Shapes","floor":36,"turns":4},{"damage":39,"enemies":"Jaw Worm Horde","floor":42,"turns":6},{"damage":13,"enemies":"Maw","floor":44,"turns":6},{"damage":3,"enemies":"Sphere and 2 Shapes","floor":45,"turns":3},{"damage":0,"enemies":"Spire Growth","floor":46,"turns":3},{"damage":0,"enemies":"4 Shapes","floor":48,"turns":1},{"damage":111,"enemies":"Replay:Hell Engine","floor":52,"turns":7}],"seed_played":"6611529125382921171","potions_obtained":[{"floor":2,"key":"SkillPotion"},{"floor":2,"key":"SpeedPotion"},{"floor":3,"key":"Strength Potion"},{"floor":5,"key":"LifebloodPotion"},{"floor":7,"key":"Block Potion"},{"floor":8,"key":"PowerPotion"},{"floor":11,"key":"PowerPotion"},{"floor":16,"key":"Dexterity Potion"},{"floor":18,"key":"LifebloodPotion"},{"floor":24,"key":"BottledSpark"},{"floor":25,"key":"Strength Potion"},{"floor":27,"key":"champ:CounterPotion"},{"floor":27,"key":"SpeedPotion"},{"floor":28,"key":"FairyPotion"},{"floor":28,"key":"SpeedPotion"},{"floor":30,"key":"Elixir"},{"floor":31,"key":"ShroomBrew"},{"floor":31,"key":"DuplicationPotion"},{"floor":33,"key":"Milkshake"},{"floor":33,"key":"SteroidPotion"},{"floor":36,"key":"FairyPotion"},{"floor":42,"key":"GamblersBrew"},{"floor":44,"key":"Elixir"},{"floor":46,"key":"SmokeBomb"}],"is_trial":false,"path_per_floor":["M","M","M","?","M","?","M","M","T","M","M","?","?","$","R","B",null,"M","?","?","$","$","R","E","M","T","M","M","R","E","M","R","B",null,"M","M","$","?","?","R","$","M","T","M","M","M","$","M","PTL","PTL","R","B"],"character_chosen":"MARISA","items_purchased":["Pen Nib","Sundial","ShroomBag","Replay:Baseball","Thread and Needle"],"campfire_rested":5,"item_purchase_floors":[14,37,37,41,47],"current_hp_per_floor":[75,75,74,74,50,50,49,47,47,41,29,54,54,54,54,40,75,52,52,36,36,36,58,45,47,47,21,23,60,20,4,41,2,75,73,23,23,23,23,60,60,23,23,12,11,13,13,15,15,15,52,0,0],"gold":71,"neow_bonus":"THREE_ENEMY_KILL","is_daily":false,"chose_seed":false,"campfire_upgraded":0,"win_rate":0.0,"timestamp":1611665312,"path_taken":["M","M","M","?","?","?","?","M","T","M","M","?","?","$","R","BOSS","M","?","?","?","$","R","E","M","T","M","M","R","E","M","R","BOSS","M","?","$","?","?","R","$","M","T","M","?","M","?","M","PTL","PTL","R","BOSS"],"items_purchased_type":["Relic","Relic","Relic","Relic","Relic"],"build_version":"2020-12-22","purchased_purges":3,"victory":false,"max_hp_per_floor":[75,75,75,75,75,75,75,75,75,75,75,75,75,75,75,75,75,75,75,75,75,75,75,75,75,75,75,75,75,75,75,75,75,75,75,75,75,75,75,75,75,75,75,75,75,75,75,75,75,75,75,75,75],"card_choices":[{"not_picked":["WitchLeyline","UnstableBomb"],"picked":"WitchOfGreed","floor":1},{"not_picked":["NonDirectionalLaser","GrandCross"],"picked":"ManaConvection","floor":2},{"not_picked":["IllusionStar","MagicAbsorber"],"picked":"PowerUp","floor":3},{"not_picked":["UnstableBomb","GalacticHalo"],"picked":"LuminesStrike","floor":5},{"not_picked":["DeepEcoloBomb","WitchOfGreed"],"picked":"DoubleSpark","floor":7},{"not_picked":["ChargingUp","DoubleSpark"],"picked":"MysteriousBeam","floor":8},{"not_picked":["Occultation","UnstableBomb"],"picked":"MysteriousBeam","floor":10},{"not_picked":["AsteroidBelt","UnstableBomb"],"picked":"BigCrunch","floor":11},{"not_picked":["StarDustReverie","MillisecondPulsars"],"picked":"JA","floor":16},{"not_picked":["LuminesStrike","OrrerysSun"],"picked":"WitchOfGreed+1","floor":18},{"not_picked":["EventHorizon","UnstableBomb"],"picked":"GalacticHalo+1","floor":24},{"not_picked":["SporeBomb","MilkyWay"],"picked":"TreasureHunter","floor":25},{"not_picked":["GravityBeat","WitchLeyline"],"picked":"DoubleSpark+1","floor":27},{"not_picked":["AsteroidBelt","Singularity"],"picked":"DarkMatter","floor":28},{"not_picked":["DC","Acceleration+1"],"picked":"PowerUp","floor":30},{"not_picked":["SporeBomb+1","DC"],"picked":"LuminesStrike+1","floor":31},{"not_picked":["BigCrunch","EscapeVelocity"],"picked":"MaximisePower","floor":33},{"not_picked":["GrandCross","GalacticHalo"],"picked":"ShootingEcho+1","floor":35},{"not_picked":["StarBarrage","MagicChant"],"picked":"BlazeAway+1","floor":36},{"not_picked":["StarBarrage+1","ChargingUp+1"],"picked":"OpenUniverse+1","floor":42},{"not_picked":["MysteriousBeam","SprinkleStarSeal+1"],"picked":"StarlightTyphoon+1","floor":44},{"not_picked":["DC","GalacticHalo"],"picked":"EnergyFlow+1","floor":45},{"not_picked":["PropBag","GalacticHalo+1"],"picked":"EarthLightRay+1","floor":46}],"player_experience":99012,"relics_obtained":[{"floor":9,"key":"Blood Vial"},{"floor":13,"key":"Ring of Greed"},{"floor":13,"key":"ReplayTheSpireMod:Ring of Exchange"},{"floor":13,"key":"Golden Egg"},{"floor":13,"key":"Replay:Bandana"},{"floor":20,"key":"Necronomicon"},{"floor":24,"key":"Regal Pillow"},{"floor":26,"key":"Replay:Wax Seal"},{"floor":30,"key":"Garlic"},{"floor":43,"key":"ReplayTheSpireMod:Lightbulb"}],"event_choices":[{"damage_healed":0,"gold_gain":0,"player_choice":"Gave Potion","damage_taken":0,"relics_obtained":["Ancient Tea Set"],"max_hp_gain":0,"max_hp_loss":0,"event_name":"WeMeetAgain","floor":4,"gold_loss":0},{"damage_healed":0,"gold_gain":0,"cards_transformed":["Strike_MRS"],"player_choice":"Transformed","damage_taken":0,"max_hp_gain":0,"max_hp_loss":0,"event_name":"Transmorgrifier","floor":6,"gold_loss":0,"cards_obtained":["Acceleration"]},{"damage_healed":25,"gold_gain":0,"player_choice":"Banana","damage_taken":0,"max_hp_gain":0,"max_hp_loss":0,"event_name":"Big Fish","floor":12,"gold_loss":0},{"damage_healed":0,"gold_gain":0,"player_choice":"Obtained Book","damage_taken":16,"max_hp_gain":0,"max_hp_loss":0,"event_name":"Cursed Tome","floor":20,"gold_loss":0},{"cards_removed":["MasterSpark"],"damage_healed":0,"gold_gain":0,"player_choice":"Removed Attack","damage_taken":0,"max_hp_gain":0,"max_hp_loss":0,"event_name":"Falling","floor":38,"gold_loss":0},{"cards_removed":["Languid"],"damage_healed":0,"gold_gain":0,"player_choice":"Upgrade and Remove","damage_taken":0,"max_hp_gain":0,"max_hp_loss":0,"event_name":"Designer","floor":39,"gold_loss":90,"cards_upgraded":["Defend_MRS"]}],"is_beta":false,"boss_relics":[{"not_picked":["Coffee Dripper","Sling"],"picked":"Strange Spoon"},{"not_picked":["Replay:Wanted Poster","HandDrill"],"picked":"Guide Book"}],"items_purged_floors":[14,21,22],"is_endless":false,"potions_floor_spawned":[2,5,11,25,28,30,31,36,42,48],"killed_by":"Replay:Hell Engine","ascension_level":0}}