{"host":"ooy9sn8qgs7oliwr","time":1611678375,"event":{"mods":["ATMod(阿瑾Mod)","Act Like it!","BaseMod","BetterRewards","Minty Spire (QoL Compilation)","Pale of the Ancients","Prisma Mod","Remilia_Scarlet Moed（蕾米莉亚・斯卡雷特）3.3.5","Replay The Spire","RumiaBox-露米娅的神秘盒子","StSLib","The Alterego","The Jungle","Yakumo Yukari mod","【遗物卡牌】REMEMod"],"gold_per_floor":[119,119,130,142,162,196,196,222,245,256,256,275,294,294,294,396,396,407,426,436,205,235,235,269,280,303,403,403,403,421,438,438,542,542,553,572,421,421,441,467,467,498,566,596,615,615,615,19,19,19,19,19,19,44,44,44],"floor_reached":55,"language":"ZHS","playtime":2718,"items_purged":["alterego_mod:Strike"],"score":1164,"play_id":"b832c503-5ab9-4d70-bd29-9f2176ce5299","local_time":"20210127002615","is_ascension_mode":false,"campfire_choices":[{"data":"alterego_mod:Mirror","floor":7.0,"key":"SMITH"},{"data":"alterego_mod:PainIsPleasure","floor":15,"key":"SMITH"},{"data":"alterego_mod:Weigh","floor":23,"key":"SMITH"},{"data":"alterego_mod:Tantrum","floor":29,"key":"SMITH"},{"data":"alterego_mod:Impale","floor":32,"key":"SMITH"},{"floor":49,"key":"RECALL"},{"data":"alterego_mod:AlterEgo","floor":52,"key":"SMITH"}],"circlet_count":0,"master_deck":["alterego_mod:Strike","alterego_mod:Strike","alterego_mod:Defend","alterego_mod:Defend","alterego_mod:Defend","alterego_mod:Defend","alterego_mod:Impale+1","alterego_mod:BigMeatyClaws","alterego_mod:BrynhildrsRune","AT_ChampionStep","alterego_mod:Undulate","alterego_mod:MagicResistance","alterego_mod:Undulate","alterego_mod:PresenceConcealment","alterego_mod:Mirror+1","alterego_mod:STier","alterego_mod:PurpleHair","alterego_mod:Mirror","alterego_mod:DiscoLights","alterego_mod:PainIsPleasure+1","alterego_mod:BiFurious+1","alterego_mod:Weigh+1","AT_EmpoweredMortalDraw","alterego_mod:Birthday","alterego_mod:Mirror+1","alterego_mod:Birthday","alterego_mod:Tantrum+1","alterego_mod:1TonWallop+1","alterego_mod:Pet+1","alterego_mod:IdEs","CommonCold","CommonCold","Injury","alterego_mod:ChallengeComplete+1","alterego_mod:Mirror+1","alterego_mod:AlterEgo+1","alterego_mod:Birthday+1","alterego_mod:Birthday+1","alterego_mod:Cycle+1","alterego_mod:PainIsPleasure+1"],"relics":["alterego_mod:MasochisticConstitution","AT_ATBox","REME_ComplimentaryCards","NeowsBlessing","Pen Nib","PreservedInsect","Centennial Puzzle","AT_MortalBlade","Replay:Baseball","Red Mask","Replay:Rubber Ducky","Vajra","Mango","Ornamental Fan","Replay:Ancient Bell","Bag of Preparation","REME_HourglassOfDeath","Pondfish Scales","Anchor","Sundial","ZombieArmy","Replay:Bottled Steam","Toy Ornithopter","Ginger","DollysMirror","Gremlin Food","AT_LudenTempest"],"acts_visited":["Exordium","TheCity","TheBeyond","TheEnding"],"potions_floor_usage":[44,50,50],"damage_taken":[{"damage":0.0,"enemies":"Jaw Worm","floor":1.0,"turns":1.0},{"damage":0.0,"enemies":"2 Louse","floor":3.0,"turns":3.0},{"damage":0.0,"enemies":"Cultist","floor":4.0,"turns":1.0},{"damage":11.0,"enemies":"Exordium Wildlife","floor":5.0,"turns":3.0},{"damage":6.0,"enemies":"Lagavulin","floor":6.0,"turns":8.0},{"damage":17.0,"enemies":"Replay:BlueRogue","floor":8.0,"turns":7.0},{"damage":1.0,"enemies":"Blue Slaver","floor":10.0,"turns":4.0},{"damage":31.0,"enemies":"3 Louse","floor":12.0,"turns":4.0},{"damage":0.0,"enemies":"Looter","floor":13.0,"turns":4.0},{"damage":11,"enemies":"Fading Forest","floor":16,"turns":11},{"damage":16,"enemies":"2 Thieves","floor":18,"turns":3},{"damage":0,"enemies":"Spheric Guardian","floor":19,"turns":1},{"damage":10,"enemies":"Snecko","floor":20,"turns":4},{"damage":0,"enemies":"Masked Bandits","floor":22,"turns":1},{"damage":12,"enemies":"Book of Stabbing","floor":24,"turns":2},{"damage":0,"enemies":"Snake Plant","floor":25,"turns":3},{"damage":9,"enemies":"Colosseum Slavers","floor":27,"turns":4},{"damage":0,"enemies":"Colosseum Nobs","floor":27,"turns":2},{"damage":2,"enemies":"3 Cultists","floor":30,"turns":3},{"damage":11,"enemies":"Shelled Parasite and Fungi","floor":31,"turns":2},{"damage":42,"enemies":"Pondfish","floor":33,"turns":6},{"damage":0,"enemies":"Orb Walker","floor":35,"turns":2},{"damage":7,"enemies":"3 Shapes","floor":36,"turns":2},{"damage":1,"enemies":"Jaw Worm Horde","floor":39,"turns":2},{"damage":5,"enemies":"R_Hoarder","floor":40,"turns":8},{"damage":34,"enemies":"Nemesis","floor":42,"turns":4},{"damage":0,"enemies":"Giant Head","floor":44,"turns":6},{"damage":18,"enemies":"3 Darklings","floor":45,"turns":3},{"damage":83,"enemies":"Time Eater","floor":50,"turns":9},{"damage":5,"enemies":"Shield and Spear","floor":54,"turns":3},{"damage":118,"enemies":"The Heart","floor":55,"turns":6}],"seed_played":"2772791997851257439","potions_obtained":[{"floor":4.0,"key":"Toxic Potion"},{"floor":5.0,"key":"Weak Potion"},{"floor":6.0,"key":"SteroidPotion"},{"floor":12.0,"key":"Energy Potion"},{"floor":13.0,"key":"Energy Potion"},{"floor":45,"key":"PowerPotion"},{"floor":54,"key":"Toxic Potion"}],"is_trial":false,"path_per_floor":["M","?","M","M","M","E","R","E","T","M","?","M","M","?","R","B",null,"M","M","M","$","?","R","E","M","T","?","?","R","M","M","R","B",null,"M","M","$","?","M","E","T","E","T","E","M","?","?","$","R","B",null,"R","$","E","B"],"character_chosen":"The_Alterego","items_purchased":["Replay:Baseball","Anchor","Ginger","DollysMirror","Gremlin Food"],"campfire_rested":0,"item_purchase_floors":[21,37,48,48,48],"current_hp_per_floor":[70,70,70,70,60,55,55,39,39,46,46,37,37,37,37,53,76,61,61,54,54,56,56,45,55,55,65,65,65,66,60,60,23,97,97,91,91,108,109,110,110,77,77,84,75,75,75,75,75,29,113,113,113,114,0,0],"gold":44,"neow_bonus":"THREE_ENEMY_KILL","is_daily":false,"chose_seed":false,"campfire_upgraded":6,"win_rate":0.0,"timestamp":1611678375,"path_taken":["M","?","M","M","M","E","R","E","T","M","?","?","M","?","R","BOSS","M","M","M","$","?","R","E","M","T","?","?","R","M","M","R","BOSS","M","M","$","?","?","E","?","E","T","E","?","?","?","$","R","BOSS","R","$","E","BOSS"],"items_purchased_type":["Relic","Relic","Relic","Relic","Relic"],"build_version":"2020-12-22","purchased_purges":1,"victory":false,"max_hp_per_floor":[70,70,70,70,71,72,72,73,73,74,74,75,75,75,75,76,76,77,77,78,78,78,78,79,79,79,94,94,94,95,96,96,97,97,97,98,98,108,109,110,110,111,111,111,112,112,112,112,112,113,113,113,113,114,114,114],"card_choices":[{"not_picked":["alterego_mod:Support","alterego_mod:Pet"],"picked":"alterego_mod:Undulate","floor":1.0},{"not_picked":["alterego_mod:Undulate","alterego_mod:BusterCard"],"picked":"alterego_mod:STier","floor":3.0},{"not_picked":["alterego_mod:ChallengeComplete","alterego_mod:Pet"],"picked":"alterego_mod:PurpleHair","floor":4.0},{"not_picked":["alterego_mod:Birthday","alterego_mod:SuperDuperMasochism","alterego_mod:Complex"],"picked":"SKIP","floor":5.0},{"not_picked":["alterego_mod:VirginLaserPalladion","alterego_mod:Table","alterego_mod:DeftHands"],"picked":"SKIP","floor":6.0},{"not_picked":["alterego_mod:DustData","alterego_mod:BustOut"],"picked":"alterego_mod:Mirror","floor":8.0},{"not_picked":["alterego_mod:Maid","alterego_mod:Undulate"],"picked":"alterego_mod:DiscoLights","floor":10.0},{"not_picked":["alterego_mod:GoddessCore","alterego_mod:Maid","alterego_mod:BiFurious"],"picked":"SKIP","floor":12.0},{"not_picked":["alterego_mod:Clones","alterego_mod:MagicResistance","alterego_mod:Belts"],"picked":"SKIP","floor":13.0},{"not_picked":["alterego_mod:Alter","alterego_mod:Palingenesis"],"picked":"alterego_mod:Weigh","floor":16},{"not_picked":["alterego_mod:Schoolgirl","alterego_mod:BoobPocket"],"picked":"alterego_mod:Birthday","floor":18},{"not_picked":["alterego_mod:Cushion","alterego_mod:HighServant"],"picked":"alterego_mod:Mirror+1","floor":19},{"not_picked":["alterego_mod:Belle","alterego_mod:Table"],"picked":"alterego_mod:Birthday","floor":20},{"not_picked":["alterego_mod:Complex","alterego_mod:Bounce+1"],"picked":"alterego_mod:Tantrum","floor":22},{"not_picked":["alterego_mod:Collar","alterego_mod:Valentines","alterego_mod:DiscoLights"],"picked":"SKIP","floor":24},{"not_picked":["alterego_mod:GoddessCore","alterego_mod:Complex","alterego_mod:Crossover"],"picked":"SKIP","floor":25},{"not_picked":["alterego_mod:GoddessCore","alterego_mod:Undulate"],"picked":"alterego_mod:1TonWallop+1","floor":30},{"not_picked":["alterego_mod:DiscoLights","alterego_mod:MagicResistance"],"picked":"alterego_mod:Pet+1","floor":31},{"not_picked":["alterego_mod:Palingenesis","alterego_mod:VirginLaserPalladion"],"picked":"alterego_mod:IdEs","floor":33},{"not_picked":["REME_CurseOfMatryoshka","Voices"],"picked":"CommonCold","floor":34},{"not_picked":["Voices","Replay:Hysterical Blindness"],"picked":"CommonCold","floor":34},{"not_picked":["Amnesia","ReplayTheSpireMod:Splinters"],"picked":"Injury","floor":34},{"not_picked":["alterego_mod:1TonWallop+1","alterego_mod:Cycle"],"picked":"alterego_mod:ChallengeComplete+1","floor":35},{"not_picked":["alterego_mod:SakuraPetals","alterego_mod:PerceptionDisorder+1","alterego_mod:Crossover+1"],"picked":"SKIP","floor":36},{"not_picked":["alterego_mod:Bounce","alterego_mod:Rip"],"picked":"alterego_mod:Mirror+1","floor":39},{"not_picked":["alterego_mod:Venus","alterego_mod:Rip+1"],"picked":"alterego_mod:AlterEgo","floor":40},{"not_picked":["alterego_mod:Valentines+1","alterego_mod:SakuraFive"],"picked":"alterego_mod:Birthday+1","floor":42},{"not_picked":["alterego_mod:BiFurious","alterego_mod:PurpleHair"],"picked":"alterego_mod:Birthday+1","floor":44},{"not_picked":["alterego_mod:Bounce+1","alterego_mod:MagicResistance"],"picked":"alterego_mod:Cycle+1","floor":45},{"not_picked":["alterego_mod:BreastValley","alterego_mod:Lingerie+1","alterego_mod:Complex+1"],"picked":"SKIP","floor":54}],"player_experience":38868,"relics_obtained":[{"floor":6.0,"key":"Pen Nib"},{"floor":8.0,"key":"PreservedInsect"},{"floor":9.0,"key":"Centennial Puzzle"},{"floor":22,"key":"Red Mask"},{"floor":24,"key":"Replay:Rubber Ducky"},{"floor":26,"key":"Vajra"},{"floor":27,"key":"Mango"},{"floor":27,"key":"Ornamental Fan"},{"floor":40,"key":"Sundial"},{"floor":42,"key":"ZombieArmy"},{"floor":43,"key":"Replay:Bottled Steam"},{"floor":44,"key":"Toy Ornithopter"},{"floor":54,"key":"AT_LudenTempest"}],"event_choices":[{"damage_healed":0.0,"max_hp_gain":0.0,"max_hp_loss":0.0,"gold_gain":0.0,"event_name":"Match and Keep!","player_choice":"1 cards matched","floor":11.0,"gold_loss":0.0,"damage_taken":0.0,"cards_obtained":["alterego_mod:PainIsPleasure"]},{"damage_healed":0,"gold_gain":0,"player_choice":"Fought Bandits","damage_taken":0,"max_hp_gain":0,"max_hp_loss":0,"event_name":"Masked Bandits","floor":22,"gold_loss":0},{"damage_healed":0,"gold_gain":0,"player_choice":"Fight","damage_taken":0,"max_hp_gain":0,"max_hp_loss":0,"event_name":"Colosseum","floor":27,"gold_loss":0},{"damage_healed":0,"gold_gain":0,"player_choice":"Fought Nobs","damage_taken":0,"max_hp_gain":0,"max_hp_loss":0,"event_name":"Colosseum","floor":27,"gold_loss":0},{"cards_removed":["alterego_mod:Strike"],"damage_healed":0,"gold_gain":0,"player_choice":"Purged","damage_taken":0,"max_hp_gain":0,"max_hp_loss":0,"event_name":"Purifier","floor":28,"gold_loss":0},{"cards_removed":["Immolate"],"damage_healed":7,"gold_gain":0,"player_choice":"Offered Rare","damage_taken":0,"max_hp_gain":10,"max_hp_loss":0,"event_name":"Bonfire Elementals","floor":38,"gold_loss":0},{"damage_healed":0,"gold_gain":0,"player_choice":"Bought 0 Potions","damage_taken":0,"max_hp_gain":0,"max_hp_loss":0,"event_name":"The Woman in Blue","floor":47,"gold_loss":0}],"is_beta":false,"boss_relics":[{"not_picked":["Abe\u0027s Treasure","Ectoplasm"],"picked":"AT_MortalBlade"},{"not_picked":["Kintsugi","Fusion Hammer"],"picked":"Replay:Ancient Bell"},{"not_picked":["SSSystem","Blue Doll"],"picked":"Bag of Preparation"},{"not_picked":["Replay:Bottled Eggs","Mercury Hourglass"],"picked":"REME_HourglassOfDeath"},{"not_picked":["StoneCalendar","Girya"],"picked":"Pondfish Scales"}],"items_purged_floors":[21],"is_endless":false,"potions_floor_spawned":[4,5,6,12,13,18,19,24,30,39,44,45,54],"killed_by":"The Heart","ascension_level":0}}