{"host":"0mk07bycsqo1qk03","time":1611647335,"event":{"mods":["BaseMod","Downfall","Hermit","Hubris","Minty Spire (QoL Compilation)","StSLib","The Cursed"],"gold_per_floor":[117,117,117,117,117,117,145,161,161,86,115,134,151,151,151,225,225,225,225],"floor_reached":18,"language":"ENG","playtime":303,"items_purged":[],"score":386,"play_id":"27dedf95-ed63-40af-a63e-f8ee3f716c30","local_time":"20210126084855","is_ascension_mode":true,"campfire_choices":[{"data":"Carnage","floor":6,"key":"SMITH"},{"floor":15,"key":"REST"}],"circlet_count":0,"master_deck":["AscendersBane","Strike_R+1","Strike_R+1","Strike_R","Strike_R","Defend_R","Defend_R","Defend_R","Defend_R","Bash","Carnage+1","Headbutt","Anger","Metallicize","Battle Trance","Uppercut","hubris:StunningStrike"],"relics":["Burning Blood","NeowsBlessing","Bottled Flame","Sundial","StrikeDummy","hubris:Towel","Cursed Key"],"acts_visited":["Exordium","TheCity"],"potions_floor_usage":[],"damage_taken":[{"damage":0,"enemies":"Jaw Worm","floor":1,"turns":1},{"damage":0,"enemies":"Gremlin Nob","floor":7,"turns":1},{"damage":0,"enemies":"Small Slimes","floor":8,"turns":1},{"damage":25,"enemies":"3 Sentries","floor":11,"turns":7},{"damage":0,"enemies":"Cultist","floor":12,"turns":3},{"damage":16,"enemies":"Exordium Wildlife","floor":13,"turns":3},{"damage":28,"enemies":"Slime Boss","floor":16,"turns":10},{"damage":10,"enemies":"3 Byrds","floor":18,"turns":2}],"seed_played":"-5733340463189856717","potions_obtained":[{"floor":1,"key":"SpeedPotion"},{"floor":12,"key":"HeartOfIron"}],"is_trial":false,"path_per_floor":["M","?","?","$","?","R","E","M","T","$","E","M","M","?","R","B",null,"M"],"character_chosen":"IRONCLAD","items_purchased":["Metallicize"],"campfire_rested":1,"item_purchase_floors":[10],"current_hp_per_floor":[74,74,51,51,44,44,50,56,56,56,37,43,33,33,55,33,65,55,55],"gold":225,"neow_bonus":"THREE_ENEMY_KILL","is_daily":false,"chose_seed":false,"campfire_upgraded":1,"win_rate":0.0,"timestamp":1611647335,"path_taken":["M","?","?","$","?","R","E","M","T","?","E","M","?","?","R","BOSS","M"],"items_purchased_type":["Card"],"build_version":"2020-12-22","purchased_purges":0,"victory":false,"max_hp_per_floor":[75,75,75,75,75,75,75,75,75,75,75,75,75,75,75,75,75,75,75],"card_choices":[{"not_picked":["Sentinel","Armaments"],"picked":"Carnage","floor":1},{"not_picked":["Combust","Armaments","True Grit"],"picked":"SKIP","floor":7},{"not_picked":["Twin Strike","Body Slam"],"picked":"Anger","floor":8},{"not_picked":["Infernal Blade","Heavy Blade"],"picked":"Battle Trance","floor":11},{"not_picked":["Entrench","Headbutt"],"picked":"Uppercut","floor":12},{"not_picked":["Warcry","Wild Strike","Flex"],"picked":"SKIP","floor":13},{"not_picked":["Barricade","Brutality"],"picked":"hubris:StunningStrike","floor":16}],"player_experience":974317,"relics_obtained":[{"floor":7,"key":"Bottled Flame"},{"floor":9,"key":"Sundial"},{"floor":11,"key":"StrikeDummy"}],"event_choices":[{"damage_healed":0,"gold_gain":0,"player_choice":"Entered Light","damage_taken":23,"max_hp_gain":0,"max_hp_loss":0,"event_name":"Shining Light","floor":3,"gold_loss":0,"cards_upgraded":["Strike_R","Strike_R"]},{"cards_removed":["Strike_R"],"damage_healed":0,"gold_gain":0,"player_choice":"Card Removal","damage_taken":7,"max_hp_gain":0,"max_hp_loss":0,"event_name":"Golden Wing","floor":5,"gold_loss":0}],"is_beta":false,"boss_relics":[{"not_picked":["Velvet Choker","Sozu"],"picked":"Cursed Key"}],"items_purged_floors":[],"is_endless":false,"potions_floor_spawned":[1,12,16],"killed_by":"3 Byrds","ascension_level":20}}