{"host":"6xsbn6ynqlzwllfm","time":1611687223,"event":{"mods":["2.2 Compatiblity","BaseMod","Bestiary","Colored Map","Colored Powertips","Curses Come First","Highlight Path","Keyboard Shortcuts","Minty Spire (QoL Compilation)","Relic Stats","Slay the Relics Exporter","StSLib","SuperFastMode"],"gold_per_floor":[119,119,119,134,46,46,46,46],"floor_reached":7,"language":"ENG","playtime":281,"items_purged":[],"score":72,"play_id":"73cd33b9-0ce7-4113-afa3-a0ac4725769f","local_time":"20210126135343","is_ascension_mode":true,"campfire_choices":[{"data":"Doom and Gloom","floor":6,"key":"SMITH"}],"circlet_count":0,"master_deck":["AscendersBane","Strike_B","Strike_B","Strike_B","Defend_B","Defend_B","Defend_B","Defend_B","Zap","Dualcast","Conserve Battery","Double Energy","Doom and Gloom+1"],"relics":["Snecko Eye","Golden Idol"],"acts_visited":["Exordium"],"potions_floor_usage":[],"damage_taken":[{"damage":9,"enemies":"Jaw Worm","floor":1,"turns":4},{"damage":10,"enemies":"Small Slimes","floor":4,"turns":5},{"damage":46,"enemies":"Lagavulin","floor":7,"turns":7}],"seed_played":"-5405709611746627901","potions_obtained":[],"is_trial":false,"path_per_floor":["M","?","?","M","$","R","E"],"character_chosen":"DEFECT","items_purchased":["Doom and Gloom"],"campfire_rested":0,"item_purchase_floors":[5],"current_hp_per_floor":[55,48,48,38,38,38,0,0],"gold":46,"neow_bonus":"BOSS_RELIC","is_daily":false,"chose_seed":false,"campfire_upgraded":1,"win_rate":0.0,"timestamp":1611687223,"path_taken":["M","?","?","M","?","R","E"],"items_purchased_type":["Card"],"build_version":"2020-12-22","purchased_purges":0,"victory":false,"max_hp_per_floor":[71,71,64,64,64,64,64,64],"relic_stats":{"counters":[3,16],"Golden Idol":3,"Snecko Eye":[20,30,22,37],"obtain_stats":[{"Golden Idol":3,"Snecko Eye":0,"Cracked Core":0},{"Golden Idol":1,"Snecko Eye":0,"Cracked Core":0},{"Golden Idol":4,"Snecko Eye":0,"Cracked Core":0}]},"card_choices":[{"not_picked":["Redo","Cold Snap"],"picked":"Conserve Battery","floor":1},{"not_picked":["Rebound","Auto Shields"],"picked":"Double Energy","floor":4}],"player_experience":1133999,"relics_obtained":[],"event_choices":[{"cards_removed":["Strike_B"],"damage_healed":0,"gold_gain":0,"player_choice":"Card Removal","damage_taken":7,"max_hp_gain":0,"max_hp_loss":0,"event_name":"Golden Wing","floor":2,"gold_loss":0},{"damage_healed":0,"gold_gain":0,"player_choice":"Lose Max HP","damage_taken":0,"relics_obtained":["Golden Idol"],"max_hp_gain":0,"max_hp_loss":7,"event_name":"Golden Idol","floor":3,"gold_loss":0}],"is_beta":false,"boss_relics":[],"items_purged_floors":[],"is_endless":false,"potions_floor_spawned":[],"killed_by":"Lagavulin","ascension_level":17}}