{"host":"jhy70w0yh8dayqay","time":1611662213,"event":{"mods":["AchievementEnabler","BaseMod","Colored Map","Colored Powertips","DeckTracker","Minty Spire (QoL Compilation)","Permanent Neow","SuperFastMode"],"gold_per_floor":[116,133,208,42,56,56,90,90,90,123,123,143,143,160,160,160,160],"floor_reached":16,"language":"KOR","playtime":464,"items_purged":["Defend_R"],"score":171,"play_id":"a9512529-d0eb-48ac-bd9f-b3781ba047fa","local_time":"20210126205653","is_ascension_mode":true,"campfire_choices":[{"data":"Clothesline","floor":6,"key":"SMITH"},{"data":"Wild Strike","floor":8,"key":"SMITH"},{"floor":15,"key":"REST"}],"circlet_count":0,"master_deck":["AscendersBane","Strike_R","Strike_R","Strike_R","Defend_R","Defend_R","Defend_R","Bash","Clothesline+1","Fire Breathing","Anger","Wild Strike+1","Infernal Blade+1","Burning Pact","Disarm"],"relics":["Burning Blood","Bottled Flame","Tiny Chest","Juzu Bracelet"],"acts_visited":["Exordium"],"potions_floor_usage":[10,12],"damage_taken":[{"damage":9,"enemies":"Jaw Worm","floor":1,"turns":4},{"damage":6,"enemies":"2 Louse","floor":2,"turns":3},{"damage":4,"enemies":"Small Slimes","floor":5,"turns":4},{"damage":30,"enemies":"3 Sentries","floor":7,"turns":5},{"damage":26,"enemies":"Lagavulin","floor":10,"turns":6},{"damage":8,"enemies":"Looter","floor":12,"turns":2},{"damage":6,"enemies":"2 Fungi Beasts","floor":14,"turns":3},{"damage":40,"enemies":"Slime Boss","floor":16,"turns":5}],"seed_played":"15563694811469688","potions_obtained":[{"floor":5,"key":"BlessingOfTheForge"},{"floor":7,"key":"Ancient Potion"},{"floor":10,"key":"Explosive Potion"}],"is_trial":false,"path_per_floor":["M","M","?","$","M","R","E","R","T","E","?","M","?","M","R","B"],"character_chosen":"IRONCLAD","items_purchased":["Fire Breathing","Fire Potion"],"campfire_rested":1,"item_purchase_floors":[4,4],"current_hp_per_floor":[69,69,58,58,60,60,36,36,36,16,9,7,7,7,31,0,0],"gold":160,"neow_bonus":"REMOVE_CARD","is_daily":false,"chose_seed":false,"campfire_upgraded":2,"win_rate":0.0,"timestamp":1611662213,"path_taken":["M","M","?","$","M","R","E","R","T","E","?","M","?","M","R","BOSS"],"items_purchased_type":["Card","Potion"],"build_version":"2020-12-22","purchased_purges":1,"victory":false,"max_hp_per_floor":[80,80,80,80,80,80,80,80,80,80,80,80,80,80,80,80,80],"card_choices":[{"not_picked":["Havoc","Iron Wave"],"picked":"Clothesline","floor":1},{"not_picked":["Seeing Red","Perfected Strike","Metallicize"],"picked":"SKIP","floor":2},{"not_picked":["Impervious","Bloodletting"],"picked":"Anger","floor":5},{"not_picked":["Anger","Sword Boomerang"],"picked":"Wild Strike","floor":7},{"not_picked":["Anger","Uppercut"],"picked":"Infernal Blade","floor":10},{"not_picked":["True Grit","Whirlwind"],"picked":"Burning Pact","floor":12},{"not_picked":["Anger","Heavy Blade"],"picked":"Disarm","floor":14}],"player_experience":429469,"relics_obtained":[{"floor":7,"key":"Bottled Flame"},{"floor":9,"key":"Tiny Chest"},{"floor":10,"key":"Juzu Bracelet"}],"event_choices":[{"damage_healed":0,"gold_gain":75,"player_choice":"Gather Gold","damage_taken":11,"max_hp_gain":0,"max_hp_loss":0,"event_name":"World of Goop","floor":3,"gold_loss":0},{"cards_removed":["Strike_R"],"damage_healed":0,"gold_gain":0,"player_choice":"Card Removal","damage_taken":7,"max_hp_gain":0,"max_hp_loss":0,"event_name":"Golden Wing","floor":11,"gold_loss":0},{"damage_healed":0,"gold_gain":0,"player_choice":"Grow","damage_taken":0,"max_hp_gain":0,"max_hp_loss":0,"event_name":"Living Wall","floor":13,"gold_loss":0,"cards_upgraded":["Infernal Blade"]}],"is_beta":false,"boss_relics":[],"items_purged_floors":[4],"is_endless":false,"potions_floor_spawned":[5,7,10],"killed_by":"Slime Boss","ascension_level":11}}