{"host":"1tl36azeqm6yhdgj","time":1611664297,"event":{"mods":["AchievementEnabler","BaseMod","Minty Spire (QoL Compilation)","StSLib","The IronCluck","everything is the same but u backflip on backflip"],"gold_per_floor":[116,116,126,141,291,320,336,336,413,413,90,90,103,123,123,200,200,210,228,245,245,245,245,271,271,271,304,304,336,336,336],"floor_reached":30,"language":"ENG","playtime":936,"items_purged":["Regret"],"score":576,"play_id":"8533f1d0-818d-4367-86e4-547b033b1483","local_time":"20210126073137","is_ascension_mode":true,"campfire_choices":[{"data":"Uppercut","floor":10.0,"key":"SMITH"},{"data":"Flame Barrier","floor":12.0,"key":"SMITH"},{"data":"Bludgeon","floor":15.0,"key":"SMITH"},{"floor":23.0,"key":"RECALL"},{"floor":25.0,"key":"REST"},{"data":"Barricade","floor":28.0,"key":"SMITH"}],"circlet_count":0,"master_deck":["AscendersBane","Strike_R","Strike_R","Defend_R","Defend_R","Defend_R","Defend_R","Bash","Rage","Anger","Dropkick","Uppercut+1","Flame Barrier+1","Swift Strike","Pommel Strike","Bludgeon+1","Barricade+1","Flex","Rupture","Ghostly Armor","Carnage+1","Reaper","Feed"],"relics":["Burning Blood","PreservedInsect","Thread and Needle","Smiling Mask","Pantograph","Centennial Puzzle","Empty Cage","Gambling Chip","Lizard Tail","Frozen Egg 2","Matryoshka"],"acts_visited":["Exordium","TheCity"],"potions_floor_usage":[],"damage_taken":[{"damage":6.0,"enemies":"2 Louse","floor":1.0,"turns":4.0},{"damage":4.0,"enemies":"Small Slimes","floor":3.0,"turns":5.0},{"damage":2.0,"enemies":"Cultist","floor":4.0,"turns":4.0},{"damage":23.0,"enemies":"3 Sentries","floor":6.0,"turns":9.0},{"damage":11.0,"enemies":"Looter","floor":7.0,"turns":3.0},{"damage":2.0,"enemies":"3 Louse","floor":13.0,"turns":3.0},{"damage":3.0,"enemies":"Large Slime","floor":14.0,"turns":5.0},{"damage":32.0,"enemies":"The Guardian","floor":16.0,"turns":9.0},{"damage":0.0,"enemies":"3 Byrds","floor":18.0,"turns":1.0},{"damage":19.0,"enemies":"2 Thieves","floor":19.0,"turns":5.0},{"damage":0.0,"enemies":"Centurion and Healer","floor":20.0,"turns":6.0},{"damage":9.0,"enemies":"Book of Stabbing","floor":24.0,"turns":4.0},{"damage":14.0,"enemies":"Slavers","floor":27.0,"turns":5.0},{"damage":100.0,"enemies":"Gremlin Leader","floor":29.0,"turns":10.0},{"damage":21,"enemies":"Colosseum Slavers","floor":30,"turns":4}],"seed_played":"7660388209147499533","potions_obtained":[{"floor":1.0,"key":"ElixirPotion"},{"floor":8.0,"key":"BloodPotion"},{"floor":8.0,"key":"Strength Potion"},{"floor":13.0,"key":"Energy Potion"},{"floor":16.0,"key":"LiquidMemories"},{"floor":19.0,"key":"FearPotion"},{"floor":27.0,"key":"SkillPotion"}],"is_trial":false,"path_per_floor":["M","?","M","M","?","E","M","?","T","R","$","R","M","M","R","B",null,"M","M","M","?","?","R","E","R","T","E","R","E","?"],"character_chosen":"IRONCLAD","items_purchased":["Centennial Puzzle","Swift Strike"],"campfire_rested":1,"item_purchase_floors":[11,11],"current_hp_per_floor":[68,68,70,74,74,57,52,52,52,52,52,52,71,74,74,49,69,75,62,68,47,47,47,44,68,68,60,60,17,0,0],"gold":336,"neow_bonus":"RANDOM_COMMON_RELIC","is_daily":false,"chose_seed":false,"campfire_upgraded":4,"win_rate":0.0,"timestamp":1611664297,"path_taken":["M","?","M","M","?","E","M","?","T","R","$","R","M","M","R","BOSS","BOSS","M","?","M","?","?","R","E","R","T","E","R","E","?"],"items_purchased_type":["Relic","Card"],"build_version":"2020-12-22","purchased_purges":1,"victory":false,"max_hp_per_floor":[75,75,75,75,75,75,75,75,75,75,75,75,75,75,75,75,75,75,75,75,80,80,80,80,80,80,80,80,80,80,80],"card_choices":[{"not_picked":["Bloodletting","Clothesline"],"picked":"Rage","floor":1.0},{"not_picked":["Heavy Blade","Clothesline"],"picked":"Anger","floor":3.0},{"not_picked":["Headbutt","Ghostly Armor"],"picked":"Dropkick","floor":4.0},{"not_picked":["Body Slam","Ghostly Armor"],"picked":"Uppercut","floor":6.0},{"not_picked":["Sword Boomerang","Havoc"],"picked":"Flame Barrier","floor":7.0},{"not_picked":["Heavy Blade","Wild Strike"],"picked":"Pommel Strike","floor":13.0},{"not_picked":["Blood for Blood","Anger"],"picked":"Bludgeon","floor":14.0},{"not_picked":["Corruption","Reaper"],"picked":"Barricade","floor":16.0},{"not_picked":["Thunderclap","Iron Wave","Intimidate"],"picked":"SKIP","floor":18.0},{"not_picked":["Rage","Intimidate"],"picked":"Flex","floor":19.0},{"not_picked":["Hemokinesis","Warcry","True Grit"],"picked":"SKIP","floor":20.0},{"not_picked":["Heavy Blade","Entrench"],"picked":"Carnage+1","floor":24.0},{"not_picked":["Perfected Strike","Hemokinesis"],"picked":"Reaper","floor":27.0},{"not_picked":["Warcry","Uppercut"],"picked":"Feed","floor":29.0}],"player_experience":2056124,"relics_obtained":[{"floor":6.0,"key":"Smiling Mask"},{"floor":9.0,"key":"Pantograph"},{"floor":24.0,"key":"Gambling Chip"},{"floor":26.0,"key":"Lizard Tail"},{"floor":27.0,"key":"Frozen Egg 2"},{"floor":29.0,"key":"Matryoshka"}],"event_choices":[{"damage_healed":0.0,"max_hp_gain":0.0,"max_hp_loss":0.0,"gold_gain":0.0,"event_name":"Big Fish","player_choice":"Box","floor":2.0,"gold_loss":0.0,"damage_taken":0.0,"relics_obtained":["Thread and Needle"],"cards_obtained":["Regret"]},{"damage_healed":0.0,"max_hp_gain":0.0,"max_hp_loss":0.0,"gold_gain":150.0,"event_name":"Liars Game","player_choice":"AGREE","floor":5.0,"gold_loss":0.0,"damage_taken":0.0,"cards_obtained":["Doubt"]},{"damage_healed":0.0,"max_hp_gain":0.0,"max_hp_loss":0.0,"gold_gain":0.0,"event_name":"Lab","player_choice":"Got Potions","floor":8.0,"gold_loss":0.0,"damage_taken":0.0},{"damage_healed":0.0,"max_hp_gain":5.0,"max_hp_loss":0.0,"gold_gain":0.0,"event_name":"Forgotten Altar","player_choice":"Shed Blood","floor":21.0,"gold_loss":0.0,"damage_taken":26.0},{"damage_healed":0.0,"max_hp_gain":0.0,"max_hp_loss":0.0,"gold_gain":0.0,"cards_transformed":["Strike_R","Strike_R"],"event_name":"Drug Dealer","player_choice":"Became Test Subject","floor":22.0,"gold_loss":0.0,"damage_taken":0.0,"cards_obtained":["Rupture","Ghostly Armor"]},{"damage_healed":0,"gold_gain":0,"player_choice":"Fight","damage_taken":0,"max_hp_gain":0,"max_hp_loss":0,"event_name":"Colosseum","floor":30,"gold_loss":0}],"is_beta":false,"boss_relics":[{"not_picked":["SacredBark","Philosopher\u0027s Stone"],"picked":"Empty Cage"}],"items_purged_floors":[11],"is_endless":false,"potions_floor_spawned":[1,13,14,16,19,27],"killed_by":"Colosseum Slavers","ascension_level":20}}