{"host":"mj8akmyfd5lo602f","time":1611623949,"event":{"mods":["2.2 Compatiblity","Act Like it!","BaseMod","Bestiary","BshForSts","Colored Map","Colored Powertips","DeckTracker","Downfall","Minty Spire (QoL Compilation)","Relic Stats","StSLib"],"gold_per_floor":[99,117,137,151,166,166,166,179,179,279,338,338,372,385,395,395,395,395],"floor_reached":16,"language":"ENG","playtime":1061,"items_purged":[],"score":104,"play_id":"02710552-ef19-468a-a84f-013c810bf730","local_time":"20210126011909","is_ascension_mode":false,"campfire_choices":[{"floor":1.0,"key":"RECALL"},{"data":"bronze:MaxOutput","floor":6.0,"key":"SMITH"},{"data":"bronze:Flail","floor":9.0,"key":"SMITH"}],"circlet_count":0,"master_deck":["bronze:Strike","bronze:Strike","bronze:Strike","bronze:Strike","bronze:Defend","bronze:Defend","bronze:Defend","bronze:Defend","bronze:Replicate+1","bronze:Goto+1","bronze:Repair","bronze:MaxOutput+1","bronze:FollowUp","bronze:Flail+1","bronze:Shell+1","bronze:CleanCode+1","bronze:ItsAFeature+1"],"relics":["bronze:BronzeCore","Regal Pillow","Frozen Egg 2","Pear","Bird Faced Urn"],"acts_visited":["Exordium"],"potions_floor_usage":[16,16],"damage_taken":[{"damage":5.0,"enemies":"Small Slimes","floor":2.0,"turns":4.0},{"damage":0.0,"enemies":"2 Louse","floor":3.0,"turns":4.0},{"damage":0.0,"enemies":"Cultist","floor":4.0,"turns":4.0},{"damage":7.0,"enemies":"Blue Slaver","floor":5.0,"turns":5.0},{"damage":7.0,"enemies":"Exordium Wildlife","floor":8.0,"turns":5.0},{"damage":32.0,"enemies":"Gremlin Nob","floor":11.0,"turns":5.0},{"damage":15,"enemies":"Lagavulin","floor":13,"turns":6},{"damage":11,"enemies":"Red Slaver","floor":14,"turns":6},{"damage":3,"enemies":"Gremlin Gang","floor":15,"turns":3},{"damage":82,"enemies":"WA_ARCHETYPE_RETAIN","floor":16,"turns":10}],"seed_played":"-5027464852578715434","potions_obtained":[{"floor":2.0,"key":"DistilledChaos"},{"floor":4.0,"key":"AttackPotion"},{"floor":8.0,"key":"AttackPotion"},{"floor":13,"key":"bronze:CleanCodePotion"},{"floor":15,"key":"LiquidBronze"}],"is_trial":false,"path_per_floor":["R","M","M","M","M","R","T","M","R","?","?","?","E","M","M","B"],"character_chosen":"THE_AUTOMATON","items_purchased":[],"campfire_rested":0,"item_purchase_floors":[],"current_hp_per_floor":[70,65,70,70,70,70,70,70,70,70,48,48,40,40,48,0,0,0],"gold":395,"neow_bonus":"RANDOM_COMMON_RELIC","is_daily":false,"chose_seed":false,"campfire_upgraded":2,"win_rate":0.0,"timestamp":1611623949,"path_taken":["R","M","M","M","M","R","T","M","R","?","?","?","E","?","M","BOSS"],"items_purchased_type":[],"build_version":"2020-12-22","purchased_purges":0,"victory":false,"max_hp_per_floor":[70,70,70,70,70,70,70,70,70,70,80,80,80,80,80,80,80,80],"relic_stats":{"Regal Pillow":0,"counters":[10,52],"Bird Faced Urn":[14],"obtain_stats":[{"Regal Pillow":0,"bronze:BronzeCore":0,"Pear":11,"Bird Faced Urn":13,"Frozen Egg 2":7},{"Regal Pillow":0,"bronze:BronzeCore":0,"Pear":6,"Bird Faced Urn":7,"Frozen Egg 2":4},{"Regal Pillow":0,"bronze:BronzeCore":0,"Pear":27,"Bird Faced Urn":33,"Frozen Egg 2":17}]},"card_choices":[{"not_picked":["bronze:BitShift","bronze:Allocate"],"picked":"bronze:Repair","floor":2.0},{"not_picked":["bronze:ForceShield","bronze:DelayedSlice","bronze:Philosophize"],"picked":"SKIP","floor":3.0},{"not_picked":["bronze:OilSpill","bronze:ChosenStrike"],"picked":"bronze:MaxOutput","floor":4.0},{"not_picked":["bronze:Constructor","bronze:BronzeArmor"],"picked":"bronze:FollowUp","floor":5.0},{"not_picked":["bronze:Invalidate","bronze:Separator"],"picked":"bronze:Flail","floor":8.0},{"not_picked":["bronze:FollowUp","bronze:ForceShield"],"picked":"bronze:Shell","floor":11.0},{"not_picked":["bronze:Allocate","bronze:NullPointer"],"picked":"bronze:CleanCode+1","floor":13},{"not_picked":["bronze:BitShift","bronze:Boost"],"picked":"bronze:ItsAFeature+1","floor":14},{"not_picked":["bronze:Constructor","bronze:Turbo","bronze:DelayedSlice"],"picked":"SKIP","floor":15}],"player_experience":431516,"relics_obtained":[{"floor":7.0,"key":"Frozen Egg 2"},{"floor":11.0,"key":"Pear"},{"floor":13,"key":"Bird Faced Urn"}],"event_choices":[],"is_beta":false,"boss_relics":[],"items_purged_floors":[],"is_endless":false,"potions_floor_spawned":[2,4,8,13,15],"killed_by":"WA_ARCHETYPE_RETAIN","ascension_level":0}}