{"host":"a3oe3gstxz77c7qu","time":1611693336,"event":{"mods":["2.2 Compatiblity","Act Like it!","Astrologer","BaseMod","Bestiary","Better Altar","Better Match","Better Note","Better Skull","Better Third Choice","Block Reminder","Curses Come First","Custom Start","Dark Map","Downfall","Fox Events","Friendly Minions","GifTheSpireLib","Hallownest","Hermit","Jorbs\u0027s Wanderer Trilogy","Lobotomy","LobotomyExtend","Marisa????????","Minty Spire (QoL Compilation)","Permanent Neow","Quick Restart","Relic Stats","Spire Arcade","StSLib","The Bug Knight","The Cursed","The Disciple","The Jungle","Uncapped","Unknown Chances","Wandering Minibosses"],"gold_per_floor":[113,388,403,104,123,123,148,148,173,204,219,248,248,259,259,361,361,371,388,68,85,101,134,134,134,134,162,162,194,194,194,194,299,299,299,299],"floor_reached":35,"language":"ENG","playtime":2603,"items_purged":["TheCursedMod:Strike_TheCursed"],"score":545,"play_id":"5f29474f-2247-4499-92d6-97429d703de8","local_time":"20210126203536","is_ascension_mode":true,"campfire_choices":[{"data":"TheCursedMod:SoulReap","floor":6.0,"key":"SMITH"},{"floor":8.0,"key":"REST"},{"floor":15.0,"key":"REST"},{"data":"TheCursedMod:CursedBlade","floor":24.0,"key":"SMITH"},{"data":"TheCursedMod:NeowsMight","floor":28.0,"key":"SMITH"},{"data":"TheCursedMod:SmokeScreen","floor":32.0,"key":"SMITH"}],"circlet_count":0,"master_deck":["TheCursedMod:Strike_TheCursed","TheCursedMod:Strike_TheCursed","TheCursedMod:Strike_TheCursed","TheCursedMod:Defend_TheCursed+1","TheCursedMod:Defend_TheCursed","TheCursedMod:Defend_TheCursed","TheCursedMod:Defend_TheCursed+1","TheCursedMod:CursedWand","TheCursedMod:CleanUpWorkshop","TheCursedMod:Dregs","TheCursedMod:Wield","WallGazer","TheCursedMod:SurpriseAttack","TheCursedMod:ManaBullet","TheCursedMod:SoulReap+1","Scarecrow","TheCursedMod:CursedBlade+1","TheCursedMod:CircleOfBlood","OSAHOGD","TheCursedMod:ReleasedKnowledge","Variant","TheCursedMod:SmokeScreen+1","TheCursedMod:CursedAmulet","TheCursedMod:VoidForm","TheCursedMod:SpitefulPlan","TheCursedMod:CircleOfCorruption","TheCursedMod:CircleOfFlame+1","TheCursedMod:CircleOfCorruption+1","TheCursedMod:CursedBlade+1","TheCursedMod:NeowsMight+1","CurseOfTheBell"],"relics":["TheCursedMod:BlackMagic101","CogitoBucket","RabbitCall","LetterFromLob","Potion Belt","Guardian:PocketSentry","War Paint","Bottled Flame","AspirationHeart","Thread and Needle","Coffee Dripper","TreeSap","Anchor","ClockworkSouvenir","Molten Egg 2","HollowMod:LifeEnderRelic","Bird Faced Urn","betterAltar:BloodRelic","Bloody Idol","Calling Bell","Strawberry","Letter Opener","Shovel"],"acts_visited":["Exordium","TheCity","TheBeyond"],"potions_floor_usage":[],"damage_taken":[{"damage":2.0,"enemies":"Jaw Worm","floor":1.0,"turns":5.0},{"damage":4.0,"enemies":"Cultist","floor":3.0,"turns":4.0},{"damage":6.0,"enemies":"2 Louse","floor":5.0,"turns":2.0},{"damage":49.0,"enemies":"Gremlin Nob","floor":7.0,"turns":7.0},{"damage":26.0,"enemies":"3 Sentries","floor":10.0,"turns":6.0},{"damage":19.0,"enemies":"Looter","floor":11.0,"turns":3.0},{"damage":23.0,"enemies":"Gremlin Nob","floor":12.0,"turns":4.0},{"damage":2.0,"enemies":"3 Louse","floor":14.0,"turns":2.0},{"damage":7.0,"enemies":"Slime Boss","floor":16.0,"turns":14.0},{"damage":2.0,"enemies":"3 Byrds","floor":18.0,"turns":5.0},{"damage":2.0,"enemies":"Shell Parasite","floor":19.0,"turns":8.0},{"damage":4.0,"enemies":"Cultist and Chosen","floor":21.0,"turns":5.0},{"damage":13.0,"enemies":"3 Cultists","floor":22.0,"turns":5.0},{"damage":8.0,"enemies":"HollowMod:Nosk","floor":23.0,"turns":8.0},{"damage":10.0,"enemies":"Book of Stabbing","floor":27.0,"turns":6.0},{"damage":7.0,"enemies":"HollowMod:Nosk","floor":29.0,"turns":5.0},{"damage":41.0,"enemies":"Automaton","floor":33.0,"turns":8.0},{"damage":14,"enemies":"3 Shapes","floor":35,"turns":3}],"seed_played":"1579694694664767636","potions_obtained":[{"floor":5.0,"key":"Guardian:BlockOnCardUsePotion"},{"floor":11.0,"key":"Weak Potion"},{"floor":14.0,"key":"hexamod:SoulburnPotion"},{"floor":18.0,"key":"Swift Potion"},{"floor":19.0,"key":"Explosive Potion"},{"floor":22.0,"key":"Swift Potion"},{"floor":23.0,"key":"BlessingOfTheForge"}],"is_trial":false,"path_per_floor":["M","?","M","$","M","R","E","R","T","E","M","E","?","M","R","B",null,"M","M","$","M","M","E","R","?","T","E","R","E","?","?","R","B",null,"M"],"character_chosen":"THE_CURSED","items_purchased":["TheCursedMod:ManaBullet","Potion Belt","Anchor","ClockworkSouvenir","TheCursedMod:CircleOfCorruption"],"campfire_rested":2,"item_purchase_floors":[4,4,20,20,20],"current_hp_per_floor":[73,73,69,69,63,63,21,43,43,24,28,18,11,9,34,40,85,85,85,85,85,75,80,80,80,80,78,78,80,13,13,13,11,92,78,78],"gold":299,"neow_bonus":"","is_daily":false,"chose_seed":false,"campfire_upgraded":4,"win_rate":0.0,"timestamp":1611693336,"path_taken":["M","?","M","$","M","R","E","R","T","E","M","E","?","M","R","BOSS","M","M","$","M","M","E","R","?","T","E","R","E","?","?","R","BOSS","M"],"items_purchased_type":["Card","Relic","Relic","Relic","Card"],"build_version":"2020-12-22","purchased_purges":1,"victory":false,"max_hp_per_floor":[75,75,75,75,75,75,75,75,75,75,85,85,85,85,85,85,85,85,85,85,85,85,85,85,85,85,85,85,85,85,85,85,85,92,92,92],"relic_stats":{"Shovel":0,"counters":[21,99],"Bird Faced Urn":[6],"Bloody Idol":5,"Letter Opener":[0],"War Paint":["TheCursedMod:Defend_TheCursed","TheCursedMod:Defend_TheCursed"],"obtain_stats":[{"Potion Belt":4,"TheCursedMod:BlackMagic101":0,"RabbitCall":0,"HollowMod:LifeEnderRelic":26,"betterAltar:BloodRelic":30,"AspirationHeart":11,"Thread and Needle":12,"Guardian:PocketSentry":7,"Letter Opener":34,"War Paint":9,"ClockworkSouvenir":20,"Blood Vial":29,"Calling Bell":34,"CogitoBucket":0,"Bottled Flame":10,"Anchor":20,"Shovel":34,"TreeSap":19,"Bird Faced Urn":27,"Bloody Idol":30,"Strawberry":34,"Molten Egg 2":23,"LetterFromLob":1,"Coffee Dripper":17},{"Potion Belt":2,"TheCursedMod:BlackMagic101":0,"RabbitCall":0,"HollowMod:LifeEnderRelic":16,"betterAltar:BloodRelic":18,"AspirationHeart":7,"Thread and Needle":8,"Guardian:PocketSentry":4,"Letter Opener":19,"War Paint":4,"ClockworkSouvenir":13,"Blood Vial":18,"Calling Bell":19,"CogitoBucket":0,"Bottled Flame":5,"Anchor":13,"Shovel":19,"TreeSap":13,"Bird Faced Urn":17,"Bloody Idol":18,"Strawberry":19,"Molten Egg 2":16,"LetterFromLob":1,"Coffee Dripper":10},{"Potion Belt":9,"TheCursedMod:BlackMagic101":0,"RabbitCall":0,"HollowMod:LifeEnderRelic":76,"betterAltar:BloodRelic":87,"AspirationHeart":27,"Thread and Needle":30,"Guardian:PocketSentry":18,"Letter Opener":95,"War Paint":18,"ClockworkSouvenir":59,"Blood Vial":87,"Calling Bell":95,"CogitoBucket":0,"Bottled Flame":23,"Anchor":59,"Shovel":95,"TreeSap":59,"Bird Faced Urn":82,"Bloody Idol":87,"Strawberry":95,"Molten Egg 2":76,"LetterFromLob":5,"Coffee Dripper":45}]},"card_choices":[{"not_picked":["TheCursedMod:CursedAmulet","TheCursedMod:SaltUponWound"],"picked":"TheCursedMod:Wield","floor":1.0},{"not_picked":["CherryBlossoms","LittlePrince"],"picked":"WallGazer","floor":1.0},{"not_picked":["TheCursedMod:SpitefulPlan","TheCursedMod:CursedShiv"],"picked":"TheCursedMod:SurpriseAttack","floor":3.0},{"not_picked":["Wellcheers","MeatLantern","UniverseFragment"],"picked":"Singing Bowl","floor":3.0},{"not_picked":["TheCursedMod:Stigma","TheCursedMod:CircleOfWindfury"],"picked":"TheCursedMod:SoulReap","floor":5.0},{"not_picked":["QueenBee","Wellcheers"],"picked":"Scarecrow","floor":5.0},{"not_picked":["TheCursedMod:HellfireBreathing","TheCursedMod:LuckyCharm"],"picked":"TheCursedMod:CursedBlade","floor":7.0},{"not_picked":["Alriune","Freischutz","WhitesApple"],"picked":"Singing Bowl","floor":7.0},{"not_picked":["TheCursedMod:SpitefulPlan","TheCursedMod:Obscuration"],"picked":"TheCursedMod:CircleOfBlood","floor":10.0},{"not_picked":["Murderer","Yin","FairyFestival"],"picked":"Singing Bowl","floor":10.0},{"not_picked":["SpiderBud","VoidDream"],"picked":"OSAHOGD","floor":10.0},{"not_picked":["TheCursedMod:SpitefulPray","TheCursedMod:RavingStaff"],"picked":"TheCursedMod:ReleasedKnowledge","floor":11.0},{"not_picked":["WhitesApple","ShyLook","Woodsman"],"picked":"Singing Bowl","floor":11.0},{"not_picked":["Murderer","PunishingBird"],"picked":"Variant","floor":12.0},{"not_picked":["TheCursedMod:AntiAging","TheCursedMod:SpreadPlague"],"picked":"TheCursedMod:SmokeScreen","floor":12.0},{"not_picked":["TheCursedMod:VitalStrike","TheCursedMod:CursedMace"],"picked":"TheCursedMod:CursedAmulet","floor":14.0},{"not_picked":["BigBadWolf","Wellcheers","RedShoes"],"picked":"Singing Bowl","floor":14.0},{"not_picked":["TheCursedMod:DemonicPact","TheCursedMod:StunningStrike"],"picked":"TheCursedMod:VoidForm","floor":16.0},{"not_picked":["Wellcheers","VoidDream","MeatLantern"],"picked":"Singing Bowl","floor":16.0},{"not_picked":["TheCursedMod:Stigma","TheCursedMod:CircleOfCorruption+1"],"picked":"TheCursedMod:SpitefulPlan","floor":18.0},{"not_picked":["Bloodbath","Mercenary","WhitesApple"],"picked":"Singing Bowl","floor":18.0},{"not_picked":["Freischutz","Wellcheers","Rudolta"],"picked":"Singing Bowl","floor":19.0},{"not_picked":["TheCursedMod:RavingStaff","TheCursedMod:TacticalStrike+1","TheCursedMod:CircleOfAmplification"],"picked":"SKIP","floor":19.0},{"not_picked":["TheCursedMod:TacticalStrike+1","TheCursedMod:Stretching"],"picked":"TheCursedMod:CircleOfFlame+1","floor":21.0},{"not_picked":["BigBadWolf","Porccubus","WhitesApple"],"picked":"Singing Bowl","floor":21.0},{"not_picked":["TheCursedMod:RapidMovement","TheCursedMod:CursedShiv"],"picked":"TheCursedMod:CircleOfCorruption+1","floor":22.0},{"not_picked":["VoidDream","Funeral","LittlePrince"],"picked":"Singing Bowl","floor":22.0},{"not_picked":["NakedNest","CherryBlossoms","GalaxyChild"],"picked":"Singing Bowl","floor":23.0},{"not_picked":["TheCursedMod:AntiAging","TheCursedMod:Wield+1","TheCursedMod:Stigma+1"],"picked":"SKIP","floor":23.0},{"not_picked":["TheCursedMod:Stigma+1","TheCursedMod:FleshFromBone+1"],"picked":"TheCursedMod:NeowsMight","floor":27.0},{"not_picked":["SpiderBud","Scorched","MHz"],"picked":"Singing Bowl","floor":27.0},{"not_picked":["ShyLook","WhitesApple","CENSORED"],"picked":"Singing Bowl","floor":29.0},{"not_picked":["TheCursedMod:DoubleShield","TheCursedMod:CircleOfWindfury+1","TheCursedMod:SoulCrush+1"],"picked":"SKIP","floor":29.0},{"not_picked":["CherryBlossoms","WhitesApple","NothingThere"],"picked":"Singing Bowl","floor":33.0}],"player_experience":1093025,"relics_obtained":[{"floor":1.0,"key":"LetterFromLob"},{"floor":7.0,"key":"Guardian:PocketSentry"},{"floor":9.0,"key":"War Paint"},{"floor":10.0,"key":"Bottled Flame"},{"floor":12.0,"key":"Thread and Needle"},{"floor":23.0,"key":"Molten Egg 2"},{"floor":26.0,"key":"HollowMod:LifeEnderRelic"},{"floor":27.0,"key":"Bird Faced Urn"},{"floor":29.0,"key":"Blood Vial"},{"floor":34.0,"key":"Strawberry"},{"floor":34.0,"key":"Letter Opener"},{"floor":34.0,"key":"Shovel"}],"event_choices":[{"damage_healed":0.0,"max_hp_gain":0.0,"max_hp_loss":0.0,"gold_gain":275.0,"event_name":"Golden Shrine","player_choice":"Desecrate","floor":2.0,"gold_loss":0.0,"damage_taken":0.0,"cards_obtained":["Regret"]},{"cards_removed":["Regret"],"damage_healed":0.0,"max_hp_gain":0.0,"max_hp_loss":0.0,"gold_gain":0.0,"event_name":"Golden Wing","player_choice":"Card Removal","floor":13.0,"gold_loss":0.0,"damage_taken":7.0},{"damage_healed":0.0,"max_hp_gain":0.0,"max_hp_loss":0.0,"gold_gain":0.0,"event_name":"The Library","player_choice":"Read","floor":25.0,"gold_loss":0.0,"damage_taken":0.0,"cards_obtained":["TheCursedMod:CursedBlade"]},{"damage_healed":0.0,"max_hp_gain":80.0,"max_hp_loss":13.0,"gold_gain":0.0,"event_name":"betterAltar:BetterAltar","player_choice":" RottenVial Idol Potion ","floor":30.0,"potions_obtained":["betterAltar:AltarPotion"],"relics_lost":["Blood Vial"],"gold_loss":0.0,"damage_taken":67.0,"relics_obtained":["betterAltar:BloodRelic","Bloody Idol"]},{"damage_healed":0.0,"max_hp_gain":0.0,"max_hp_loss":0.0,"gold_gain":0.0,"event_name":"The Woman in Blue","player_choice":"Bought 0 Potions","floor":31.0,"gold_loss":0.0,"damage_taken":0.0}],"is_beta":false,"boss_relics":[{"not_picked":["Fusion Hammer","bronze:MakeshiftBattery"],"picked":"Coffee Dripper"},{"not_picked":["TheCursedMod:BlackMagicAdvanced","Empty Cage"],"picked":"Calling Bell"}],"items_purged_floors":[4],"is_endless":false,"potions_floor_spawned":[5,11,14,18,19,22,23],"killed_by":"3 Shapes","ascension_level":4}}