{"host":"vddkjx04kiwje1tk","time":1611670558,"event":{"mods":["AchievementEnabler","BaseMod","Colored Map","Minty Spire (QoL Compilation)","Quick Restart","SuperFastMode"],"gold_per_floor":[112,112,37,37,37,37,2,2,27,27,27,71,71,96,96,221,221,239,239,239,139,139,173,173,192,218,254,254,290,290,116,116,246,246,261,1260,1260,1319,1319,1319,1343,1374,1374,1389,610,610,650,56,56,56],"floor_reached":51,"language":"KOR","playtime":2081,"items_purged":["Strike_B","Steam","Strike_B","Normality","Strike_B+1"],"score":1049,"play_id":"38333afb-4a1e-42e1-8eea-36bdea4e022d","local_time":"20210126231558","is_ascension_mode":true,"campfire_choices":[{"data":"Dualcast","floor":6,"key":"SMITH"},{"data":"Defragment","floor":8,"key":"SMITH"},{"data":"Zap","floor":11,"key":"SMITH"},{"data":"Static Discharge","floor":15,"key":"SMITH"},{"data":"Defragment","floor":24,"key":"SMITH"},{"floor":32,"key":"REST"},{"floor":40,"key":"REST"},{"floor":49,"key":"REST"}],"circlet_count":0,"master_deck":["Defend_B+1","Zap+1","Dualcast+1","Defragment+1","Glacier","Static Discharge+1","Echo Form","Defragment+1","Coolheaded","Creative AI","Double Energy+1","Redo+1","Chaos+1","Self Repair+1","Defragment"],"relics":["Cracked Core","NeowsBlessing","CultistMask","Golden Idol","Juzu Bracelet","DataDisk","Black Star","Anchor","Potion Belt","Blood Vial","Akabeko","Omamori","Nunchaku","Pen Nib","Blue Candle","Calling Bell","PreservedInsect","Cables","Thread and Needle","Prayer Wheel","Dream Catcher","Turnip","Mummified Hand","FossilizedHelix","MealTicket","Bag of Preparation","InkBottle","HornCleat"],"acts_visited":["Exordium","TheCity","TheBeyond"],"potions_floor_usage":[27,33,33,38,38,42,44,44,50,50],"damage_taken":[{"damage":0,"enemies":"Small Slimes","floor":1,"turns":1},{"damage":0,"enemies":"Gremlin Nob","floor":12,"turns":1},{"damage":0,"enemies":"Cultist","floor":14,"turns":1},{"damage":30,"enemies":"Hexaghost","floor":16,"turns":11},{"damage":0,"enemies":"Spheric Guardian","floor":18,"turns":4},{"damage":19,"enemies":"Gremlin Leader","floor":23,"turns":7},{"damage":5,"enemies":"Shell Parasite","floor":25,"turns":5},{"damage":16,"enemies":"Book of Stabbing","floor":27,"turns":3},{"damage":39,"enemies":"Gremlin Leader","floor":29,"turns":6},{"damage":17,"enemies":"Champ","floor":33,"turns":13},{"damage":0,"enemies":"3 Shapes","floor":35,"turns":6},{"damage":59,"enemies":"2 Orb Walkers","floor":38,"turns":7},{"damage":12,"enemies":"3 Darklings","floor":41,"turns":3},{"damage":28,"enemies":"Reptomancer","floor":42,"turns":4},{"damage":0,"enemies":"Transient","floor":44,"turns":5},{"damage":0,"enemies":"Giant Head","floor":47,"turns":8},{"damage":13,"enemies":"Awakened One","floor":50,"turns":12}],"seed_played":"1997669063344894242","potions_obtained":[{"floor":1,"key":"Dexterity Potion"},{"floor":12,"key":"Swift Potion"},{"floor":14,"key":"SneckoOil"},{"floor":18,"key":"Block Potion"},{"floor":23,"key":"BlessingOfTheForge"},{"floor":33,"key":"Strength Potion"},{"floor":35,"key":"ColorlessPotion"},{"floor":41,"key":"FocusPotion"},{"floor":42,"key":"Fire Potion"}],"is_trial":false,"path_per_floor":["M","?","$","?","?","R","$","R","T","?","R","E","?","M","R","B",null,"M","?","?","$","?","E","R","M","T","E","?","E","?","$","R","B",null,"M","?","?","?","?","R","M","E","T","M","$","?","E","$","R","B",null],"character_chosen":"DEFECT","items_purchased":["Defragment","Coolheaded","FossilizedHelix","MealTicket","EssenceOfSteel","SteroidPotion","Explosive Potion","Defragment","EssenceOfDarkness","HornCleat"],"campfire_rested":3,"item_purchase_floors":[7,31,45,45,45,45,45,48,48,48],"current_hp_per_floor":[75,75,75,57,42,42,42,42,42,35,35,35,60,60,60,30,75,75,75,75,75,75,56,56,51,51,37,62,25,25,25,47,32,75,75,75,75,16,16,38,28,2,2,4,4,4,16,31,53,52],"gold":56,"neow_bonus":"THREE_ENEMY_KILL","is_daily":false,"chose_seed":false,"campfire_upgraded":5,"win_rate":0.0,"timestamp":1611670558,"path_taken":["M","?","?","?","?","R","?","R","T","?","R","E","?","M","R","BOSS","M","?","?","$","?","E","R","M","T","E","?","E","?","$","R","BOSS","M","?","?","?","?","R","M","E","T","M","$","?","E","$","R","BOSS"],"items_purchased_type":["Card","Card","Relic","Relic","Potion","Potion","Potion","Card","Potion","Relic"],"build_version":"2020-12-22","purchased_purges":5,"victory":true,"max_hp_per_floor":[75,75,75,75,75,75,75,75,75,75,75,75,75,75,75,75,75,75,75,75,75,75,75,75,75,75,75,75,75,75,75,75,75,75,75,75,75,75,75,75,75,75,75,75,75,75,75,75,75,75],"card_choices":[{"not_picked":["Scrape","Force Field","Reprogram"],"picked":"SKIP","floor":1},{"not_picked":["Gash","Stack"],"picked":"Glacier","floor":12},{"not_picked":["Leap","Go for the Eyes"],"picked":"Static Discharge","floor":14},{"not_picked":["Reboot","Thunder Strike"],"picked":"Echo Form","floor":16},{"not_picked":["Sweeping Beam","Melter"],"picked":"Defragment","floor":18},{"not_picked":["Scrape+1","Heatsinks","Steam"],"picked":"SKIP","floor":23},{"not_picked":["Rip and Tear+1","Barrage","Chill"],"picked":"SKIP","floor":25},{"not_picked":["Go for the Eyes","Storm","Barrage"],"picked":"SKIP","floor":27},{"not_picked":["Heatsinks","Leap"],"picked":"Storm+1","floor":29},{"not_picked":["Core Surge","Electrodynamics"],"picked":"Creative AI","floor":33},{"not_picked":["Undo+1","Hologram"],"picked":"Double Energy+1","floor":35},{"not_picked":["Cold Snap+1","Beam Cell"],"picked":"Redo+1","floor":41},{"not_picked":["Doom and Gloom","Redo+1","Cold Snap"],"picked":"SKIP","floor":41},{"not_picked":["Glacier+1","Doom and Gloom+1"],"picked":"Chaos+1","floor":42},{"not_picked":["BootSequence","Ball Lightning+1"],"picked":"Self Repair+1","floor":44},{"not_picked":["Conserve Battery","Go for the Eyes+1","Leap"],"picked":"SKIP","floor":44},{"not_picked":["Reinforced Body","Biased Cognition","Hello World"],"picked":"SKIP","floor":47}],"player_experience":216487,"relics_obtained":[{"floor":9,"key":"Juzu Bracelet"},{"floor":12,"key":"DataDisk"},{"floor":23,"key":"Anchor"},{"floor":23,"key":"Potion Belt"},{"floor":26,"key":"Blood Vial"},{"floor":27,"key":"Akabeko"},{"floor":27,"key":"Omamori"},{"floor":29,"key":"Nunchaku"},{"floor":29,"key":"Pen Nib"},{"floor":34,"key":"PreservedInsect"},{"floor":34,"key":"Cables"},{"floor":34,"key":"Thread and Needle"},{"floor":38,"key":"Prayer Wheel"},{"floor":42,"key":"Dream Catcher"},{"floor":42,"key":"Turnip"},{"floor":43,"key":"Mummified Hand"},{"floor":47,"key":"Bag of Preparation"},{"floor":47,"key":"InkBottle"}],"event_choices":[{"damage_healed":0,"gold_gain":0,"player_choice":"Trade","damage_taken":0,"relics_obtained":["CultistMask"],"max_hp_gain":0,"max_hp_loss":0,"event_name":"FaceTrader","floor":2,"gold_loss":0},{"damage_healed":0,"gold_gain":0,"player_choice":"Take Damage","damage_taken":18,"relics_obtained":["Golden Idol"],"max_hp_gain":0,"max_hp_loss":0,"event_name":"Golden Idol","floor":4,"gold_loss":0},{"damage_healed":0,"gold_gain":0,"player_choice":"Entered Light","damage_taken":15,"max_hp_gain":0,"max_hp_loss":0,"event_name":"Shining Light","floor":5,"gold_loss":0,"cards_upgraded":["Defend_B","Strike_B"]},{"cards_removed":["Defend_B"],"damage_healed":0,"gold_gain":0,"player_choice":"Card Removal","damage_taken":7,"max_hp_gain":0,"max_hp_loss":0,"event_name":"Golden Wing","floor":10,"gold_loss":0},{"damage_healed":25,"gold_gain":0,"player_choice":"Banana","damage_taken":0,"max_hp_gain":0,"max_hp_loss":0,"event_name":"Big Fish","floor":13,"gold_loss":0},{"damage_healed":0,"gold_gain":0,"player_choice":"Ignored","damage_taken":0,"max_hp_gain":0,"max_hp_loss":0,"event_name":"Vampires","floor":19,"gold_loss":0},{"damage_healed":0,"gold_gain":0,"cards_transformed":["Strike_B","Defend_B"],"player_choice":"Became Test Subject","damage_taken":0,"max_hp_gain":0,"max_hp_loss":0,"event_name":"Drug Dealer","floor":20,"gold_loss":0,"cards_obtained":["Steam","Rip and Tear"]},{"cards_removed":["Defend_B"],"damage_healed":0,"gold_gain":0,"player_choice":"Elegance","damage_taken":0,"max_hp_gain":0,"max_hp_loss":0,"event_name":"Back to Basics","floor":22,"gold_loss":0},{"damage_healed":25,"gold_gain":0,"player_choice":"Heal","damage_taken":0,"max_hp_gain":0,"max_hp_loss":0,"event_name":"The Library","floor":28,"gold_loss":0},{"cards_removed":["Storm"],"damage_healed":0,"gold_gain":0,"player_choice":"Gave Card","damage_taken":0,"relics_obtained":["Blue Candle"],"max_hp_gain":0,"max_hp_loss":0,"event_name":"WeMeetAgain","floor":30,"gold_loss":0},{"damage_healed":0,"gold_gain":999,"player_choice":"Gold","damage_taken":0,"max_hp_gain":0,"max_hp_loss":0,"event_name":"MindBloom","floor":36,"gold_loss":0,"cards_obtained":["Normality","Normality"]},{"cards_removed":["Rip and Tear"],"damage_healed":0,"gold_gain":0,"player_choice":"Removed Attack","damage_taken":0,"max_hp_gain":0,"max_hp_loss":0,"event_name":"Falling","floor":37,"gold_loss":0},{"damage_healed":0,"gold_gain":0,"player_choice":"Fight","damage_taken":0,"max_hp_gain":0,"max_hp_loss":0,"event_name":"Mysterious Sphere","floor":38,"gold_loss":0},{"damage_healed":0,"gold_gain":0,"player_choice":"Ignored","damage_taken":0,"max_hp_gain":0,"max_hp_loss":0,"event_name":"Tomb of Lord Red Mask","floor":39,"gold_loss":0},{"damage_healed":0,"gold_gain":0,"player_choice":"Memory 1","damage_taken":0,"max_hp_gain":0,"max_hp_loss":0,"event_name":"SensoryStone","floor":46,"gold_loss":0}],"is_beta":false,"boss_relics":[{"not_picked":["Philosopher\u0027s Stone","Nuclear Battery"],"picked":"Black Star"},{"not_picked":["Runic Pyramid","Tiny House"],"picked":"Calling Bell"}],"items_purged_floors":[3,21,31,45,48],"is_endless":false,"potions_floor_spawned":[1,12,14,18,23,33,35,41,42],"ascension_level":4}}