{"host":"April","time":1611648952,"event":{"mods":["BaseMod","Minty Spire (QoL Compilation)"],"gold_per_floor":[216,234,248,0,0,0,35,55,82,116,133,145,174,192,192,292,292,306,306,306,381,21,21,59,59,59,94,118,144,165,194,203,312,321,343,365,13,42,56,93,93,93],"floor_reached":41,"language":"ENG","playtime":2739,"items_purged":[],"score":588,"play_id":"100176f5-98c5-4bf8-9640-533e5d1fdecf","local_time":"20210126001552","is_ascension_mode":true,"campfire_choices":[{"data":"Barricade","floor":6.0,"key":"SMITH"},{"data":"Infernal Blade","floor":15.0,"key":"SMITH"},{"data":"Limit Break","floor":23.0,"key":"SMITH"},{"data":"Body Slam","floor":25.0,"key":"SMITH"},{"floor":32.0,"key":"REST"}],"circlet_count":0,"master_deck":["Strike_R","Strike_R","Strike_R","Strike_R","Strike_R","Defend_R","Defend_R+1","Defend_R+1","Defend_R","Bash","Infernal Blade+1","Pommel Strike","Barricade+1","Pain","Uppercut","Rupture","Evolve","Body Slam+1","Power Through","Metallicize","Disarm","Limit Break+1","Reckless Charge","Fire Breathing","Immolate","Power Through","Second Wind","Twin Strike","True Grit","Double Tap","Armaments+1","Offering","CurseOfTheBell","Dual Wield","Entrench+1","Shrug It Off","True Grit+1","Body Slam+1"],"relics":["Burning Blood","Eternal Feather","WarpedTongs","Dream Catcher","Lantern","Akabeko","War Paint","Sozu","CeramicFish","HandDrill","Paper Frog","Self Forming Clay","HornCleat","Calling Bell","PreservedInsect","Gremlin Horn","Torii","Bird Faced Urn","Mummified Hand"],"acts_visited":["Exordium","TheCity","TheBeyond"],"potions_floor_usage":[],"damage_taken":[{"damage":10.0,"enemies":"Small Slimes","floor":1.0,"turns":4.0},{"damage":1.0,"enemies":"Cultist","floor":2.0,"turns":3.0},{"damage":6.0,"enemies":"Jaw Worm","floor":3.0,"turns":3.0},{"damage":30.0,"enemies":"Gremlin Nob","floor":7.0,"turns":5.0},{"damage":16.0,"enemies":"Large Slime","floor":8.0,"turns":7.0},{"damage":14.0,"enemies":"Lagavulin","floor":10.0,"turns":6.0},{"damage":11.0,"enemies":"2 Fungi Beasts","floor":11.0,"turns":3.0},{"damage":8.0,"enemies":"Red Slaver","floor":12.0,"turns":2.0},{"damage":6.0,"enemies":"Gremlin Nob","floor":13.0,"turns":5.0},{"damage":12.0,"enemies":"Blue Slaver","floor":14.0,"turns":2.0},{"damage":8.0,"enemies":"Hexaghost","floor":16.0,"turns":8.0},{"damage":8.0,"enemies":"2 Thieves","floor":18.0,"turns":3.0},{"damage":25.0,"enemies":"Book of Stabbing","floor":24.0,"turns":7.0},{"damage":6.0,"enemies":"Gremlin Leader","floor":27.0,"turns":6.0},{"damage":7.0,"enemies":"3 Byrds","floor":28.0,"turns":6.0},{"damage":28.0,"enemies":"Centurion and Healer","floor":29.0,"turns":6.0},{"damage":13.0,"enemies":"Snecko","floor":30.0,"turns":6.0},{"damage":9.0,"enemies":"Sentry and Sphere","floor":31.0,"turns":6.0},{"damage":62.0,"enemies":"Collector","floor":33.0,"turns":9.0},{"damage":9.0,"enemies":"Orb Walker","floor":35.0,"turns":4.0},{"damage":0.0,"enemies":"3 Darklings","floor":36.0,"turns":3.0},{"damage":13.0,"enemies":"Spire Growth","floor":38.0,"turns":3.0},{"damage":13.0,"enemies":"Jaw Worm Horde","floor":39.0,"turns":5.0},{"damage":33.0,"enemies":"Reptomancer","floor":40.0,"turns":5.0},{"damage":87,"enemies":"Transient","floor":41,"turns":5}],"seed_played":"5465909501055906020","potions_obtained":[{"floor":3.0,"key":"SteroidPotion"},{"floor":7.0,"key":"EssenceOfSteel"},{"floor":10.0,"key":"LiquidMemories"},{"floor":11.0,"key":"DistilledChaos"},{"floor":13.0,"key":"Explosive Potion"},{"floor":14.0,"key":"Fire Potion"}],"is_trial":false,"path_per_floor":["M","M","M","$","?","R","E","M","T","E","M","M","E","M","R","B",null,"M","?","?","?","$","R","E","R","T","E","M","M","M","M","R","B",null,"M","M","$","M","M","E","M"],"character_chosen":"IRONCLAD","items_purchased":["Eternal Feather","CeramicFish","HandDrill","Fire Breathing","Bird Faced Urn","Shrug It Off"],"campfire_rested":1,"item_purchase_floors":[4,22,22,22,37,37],"current_hp_per_floor":[76,80,80,80,80,80,56,46,46,38,33,31,31,25,37,35,80,78,63,63,55,55,67,48,63,63,63,62,40,33,30,73,17,85,82,85,85,80,79,62,0,0],"gold":93,"neow_bonus":"HUNDRED_GOLD","is_daily":false,"chose_seed":false,"campfire_upgraded":4,"win_rate":0.0,"timestamp":1611648952,"path_taken":["M","M","M","$","?","R","E","M","T","E","M","?","E","M","R","BOSS","M","?","?","?","$","R","E","R","T","E","?","M","M","M","R","BOSS","M","M","$","M","M","E","M"],"items_purchased_type":["Relic","Relic","Relic","Card","Relic","Card"],"build_version":"2020-12-18","purchased_purges":0,"victory":false,"max_hp_per_floor":[80,80,80,80,80,80,80,80,80,80,80,80,80,80,80,80,80,80,85,85,85,85,85,85,85,85,85,85,85,85,85,85,85,85,85,85,85,85,85,85,85,85],"card_choices":[{"not_picked":["Sword Boomerang","Metallicize"],"picked":"Infernal Blade","floor":1.0},{"not_picked":["Thunderclap","Armaments"],"picked":"Pommel Strike","floor":2.0},{"not_picked":["Second Wind","True Grit"],"picked":"Barricade","floor":3.0},{"not_picked":["Wild Strike","Infernal Blade"],"picked":"Uppercut","floor":7.0},{"not_picked":["Armaments","Entrench"],"picked":"Rupture","floor":8.0},{"not_picked":["Havoc","Ghostly Armor"],"picked":"Evolve","floor":10.0},{"not_picked":["Rampage","Perfected Strike"],"picked":"Body Slam","floor":11.0},{"not_picked":["Thunderclap","Entrench"],"picked":"Power Through","floor":12.0},{"not_picked":["Clash","Body Slam"],"picked":"Metallicize","floor":13.0},{"not_picked":["Cleave","Clash"],"picked":"Disarm","floor":14.0},{"not_picked":["Juggernaut","Double Tap"],"picked":"Limit Break","floor":16.0},{"not_picked":["Whirlwind","Metallicize"],"picked":"Reckless Charge","floor":18.0},{"not_picked":["Burning Pact","Bloodletting+1"],"picked":"Immolate","floor":24.0},{"not_picked":["Rupture","Warcry"],"picked":"Power Through","floor":27.0},{"not_picked":["Wild Strike+1","Dual Wield+1"],"picked":"Second Wind","floor":28.0},{"not_picked":["Inflame","Sentinel"],"picked":"Twin Strike","floor":29.0},{"not_picked":["Flex","Searing Blow"],"picked":"True Grit","floor":30.0},{"not_picked":["Thunderclap+1","Body Slam+1"],"picked":"Double Tap","floor":31.0},{"not_picked":["Cleave","Clash"],"picked":"Armaments+1","floor":32.0},{"not_picked":["Demon Form","Immolate"],"picked":"Offering","floor":33.0},{"not_picked":["Twin Strike","Infernal Blade+1"],"picked":"Dual Wield","floor":35.0},{"not_picked":["Anger+1","Flex"],"picked":"Entrench+1","floor":36.0},{"not_picked":["Dual Wield+1","Pommel Strike+1"],"picked":"True Grit+1","floor":38.0},{"not_picked":["Bludgeon","Body Slam","True Grit"],"picked":"SKIP","floor":39.0},{"not_picked":["Heavy Blade","Flex"],"picked":"Body Slam+1","floor":40.0}],"player_experience":2611814,"relics_obtained":[{"floor":7.0,"key":"Dream Catcher"},{"floor":9.0,"key":"Lantern"},{"floor":10.0,"key":"Akabeko"},{"floor":13.0,"key":"War Paint"},{"floor":24.0,"key":"Paper Frog"},{"floor":26.0,"key":"Self Forming Clay"},{"floor":27.0,"key":"HornCleat"},{"floor":34.0,"key":"PreservedInsect"},{"floor":34.0,"key":"Gremlin Horn"},{"floor":34.0,"key":"Torii"},{"floor":40.0,"key":"Mummified Hand"}],"event_choices":[{"damage_healed":0.0,"max_hp_gain":0.0,"max_hp_loss":0.0,"gold_gain":0.0,"event_name":"Accursed Blacksmith","player_choice":"Rummage","floor":5.0,"gold_loss":0.0,"damage_taken":0.0,"relics_obtained":["WarpedTongs"],"cards_obtained":["Pain"]},{"damage_healed":0.0,"max_hp_gain":5.0,"max_hp_loss":0.0,"gold_gain":0.0,"event_name":"Forgotten Altar","player_choice":"Shed Blood","floor":19.0,"gold_loss":0.0,"damage_taken":20.0},{"damage_healed":0.0,"max_hp_gain":0.0,"max_hp_loss":0.0,"gold_gain":0.0,"event_name":"Ghosts","player_choice":"Ignored","floor":20.0,"gold_loss":0.0,"damage_taken":0.0},{"damage_healed":0.0,"max_hp_gain":0.0,"max_hp_loss":0.0,"gold_gain":75.0,"event_name":"FaceTrader","player_choice":"Touch","floor":21.0,"gold_loss":0.0,"damage_taken":8.0}],"is_beta":true,"boss_relics":[{"not_picked":["Astrolabe","Black Star"],"picked":"Sozu"},{"not_picked":["SacredBark","Busted Crown"],"picked":"Calling Bell"}],"items_purged_floors":[],"is_endless":false,"potions_floor_spawned":[3,7,10,11,13,14,18,27,29,31,35,39,40],"killed_by":"Transient","ascension_level":1}}