{"host":"l5zfpd2l2htson6l","time":1611689639,"event":{"mods":["AchievementEnabler","BaseMod","Colored Map","Colored Powertips","Minty Spire (QoL Compilation)","Permanent Neow","Quick Restart","Rare Cards Sparkle","Relic Stats","SuperFastMode"],"gold_per_floor":[114,131,59,75,75,103,278,278,303,329,343,3,28,28,28,127,127,138,38,38,38,52,52,52,79,79,104,104,115,115,127,127,227,227,243,292,302,302,302,337,337,365,365,400,400,410,102,113,113,113,113,113,62,91,91],"floor_reached":56,"language":"ENG","playtime":5134,"items_purged":["Strike_R","Strike_R","Strike_R"],"score":1592,"play_id":"126bdb62-172f-415b-a431-bf5155336369","local_time":"20210126113359","is_ascension_mode":true,"campfire_choices":[{"data":"Uppercut","floor":8.0,"key":"SMITH"},{"data":"Bash","floor":15.0,"key":"SMITH"},{"data":"Sword Boomerang","floor":23.0,"key":"SMITH"},{"data":"Spot Weakness","floor":28.0,"key":"SMITH"},{"data":"Battle Trance","floor":30.0,"key":"SMITH"},{"data":"Limit Break","floor":32.0,"key":"SMITH"},{"data":"Second Wind","floor":41.0,"key":"SMITH"},{"data":"Power Through","floor":45.0,"key":"SMITH"},{"floor":49.0,"key":"RECALL"},{"data":"Feel No Pain","floor":52,"key":"SMITH"}],"circlet_count":0,"master_deck":["Strike_R","Strike_R","Defend_R","Defend_R","Defend_R","Defend_R","Bash+1","Uppercut+1","Iron Wave","Power Through+1","Inflame","Second Wind+1","Doubt","Reaper","Battle Trance+1","Sword Boomerang+1","Spot Weakness+1","Sentinel","Limit Break+1","Shame","Rage","Headbutt+1","Wild Strike","Immolate","Pummel+1","Feel No Pain+1","Clothesline"],"relics":["Burning Blood","NeowsBlessing","Art of War","MealTicket","InkBottle","Bag of Preparation","Pen Nib","Busted Crown","Self Forming Clay","Question Card","Kunai","Pear","Bag of Marbles","Black Star","Dead Branch","Strawberry","Pocketwatch","HornCleat","Turnip","Pantograph","Bottled Lightning","OrangePellets","Blood Vial","Toy Ornithopter"],"acts_visited":["Exordium","TheCity","TheBeyond","TheEnding"],"potions_floor_usage":[50,55,55,55],"damage_taken":[{"damage":0.0,"enemies":"Cultist","floor":1.0,"turns":1.0},{"damage":0.0,"enemies":"Jaw Worm","floor":2.0,"turns":1.0},{"damage":0.0,"enemies":"2 Louse","floor":4.0,"turns":1.0},{"damage":3.0,"enemies":"Gremlin Nob","floor":6.0,"turns":4.0},{"damage":40.0,"enemies":"3 Sentries","floor":10.0,"turns":11.0},{"damage":25.0,"enemies":"Exordium Wildlife","floor":11.0,"turns":10.0},{"damage":6.0,"enemies":"Gremlin Nob","floor":13.0,"turns":4.0},{"damage":23.0,"enemies":"Slime Boss","floor":16.0,"turns":7.0},{"damage":19.0,"enemies":"2 Thieves","floor":18.0,"turns":4.0},{"damage":0.0,"enemies":"Shell Parasite","floor":22.0,"turns":2.0},{"damage":3.0,"enemies":"Book of Stabbing","floor":25.0,"turns":4.0},{"damage":39.0,"enemies":"Gremlin Leader","floor":27.0,"turns":8.0},{"damage":24.0,"enemies":"Snake Plant","floor":29.0,"turns":4.0},{"damage":9.0,"enemies":"3 Cultists","floor":31.0,"turns":4.0},{"damage":19.0,"enemies":"Collector","floor":33.0,"turns":5.0},{"damage":38.0,"enemies":"3 Darklings","floor":35.0,"turns":5.0},{"damage":0.0,"enemies":"2 Orb Walkers","floor":36.0,"turns":1.0},{"damage":7.0,"enemies":"Orb Walker","floor":37.0,"turns":3.0},{"damage":43.0,"enemies":"Giant Head","floor":40.0,"turns":7.0},{"damage":36.0,"enemies":"Nemesis","floor":42.0,"turns":5.0},{"damage":0.0,"enemies":"Giant Head","floor":44.0,"turns":5.0},{"damage":6.0,"enemies":"Jaw Worm Horde","floor":46.0,"turns":4.0},{"damage":11.0,"enemies":"Sphere and 2 Shapes","floor":48.0,"turns":4.0},{"damage":40,"enemies":"Donu and Deca","floor":50,"turns":7},{"damage":60,"enemies":"Shield and Spear","floor":54,"turns":6},{"damage":136,"enemies":"The Heart","floor":55,"turns":10}],"seed_played":"1078601967569534434","potions_obtained":[{"floor":2.0,"key":"Block Potion"},{"floor":11.0,"key":"BloodPotion"},{"floor":13.0,"key":"Fire Potion"},{"floor":16.0,"key":"Block Potion"},{"floor":22.0,"key":"BlessingOfTheForge"},{"floor":27.0,"key":"PowerPotion"},{"floor":29.0,"key":"Explosive Potion"},{"floor":35.0,"key":"DuplicationPotion"},{"floor":36.0,"key":"Energy Potion"},{"floor":39.0,"key":"SkillPotion"},{"floor":40.0,"key":"PowerPotion"}],"is_trial":false,"path_per_floor":["M","M","$","M","?","E","?","R","T","E","M","$","E","$","R","B",null,"M","$","?","?","M","R","T","E","T","E","R","M","R","M","R","B",null,"M","?","M","?","?","E","R","E","T","E","R","M","$","M","R","B",null,"R","$","E","B",null],"character_chosen":"IRONCLAD","items_purchased":["Power Through","Bag of Preparation","Sword Boomerang","Spot Weakness","Feel No Pain","OrangePellets","SkillPotion"],"campfire_rested":0,"item_purchase_floors":[3,12,12,12,47,47,53],"current_hp_per_floor":[80,80,80,80,85,85,85,85,85,51,32,47,47,62,62,81,85,72,85,85,85,85,85,85,85,95,62,62,56,56,71,71,95,95,75,81,80,80,80,81,81,51,51,102,102,102,102,97,97,68,102,102,102,64,20],"gold":91,"neow_bonus":"THREE_ENEMY_KILL","is_daily":false,"chose_seed":false,"campfire_upgraded":9,"win_rate":0.0,"timestamp":1611689639,"path_taken":["M","M","$","?","?","E","?","R","T","E","M","$","E","?","R","BOSS","M","$","?","?","M","R","?","E","T","E","R","?","R","M","R","BOSS","M","?","M","?","?","E","R","E","T","E","R","M","$","M","R","BOSS","R","$","E","BOSS"],"items_purchased_type":["Card","Relic","Card","Card","Card","Relic","Potion"],"build_version":"2020-12-22","purchased_purges":3,"victory":true,"max_hp_per_floor":[80,80,80,80,85,85,85,85,85,85,85,85,85,85,85,85,85,85,85,85,85,85,85,85,85,95,95,95,95,95,95,95,95,95,95,95,95,95,95,102,102,102,102,102,102,102,102,102,102,102,102,102,102,102,102],"relic_stats":{"counters":[26,127],"Self Forming Clay":[219],"Dead Branch":[50],"Pen Nib":[16],"Bag of Preparation":[40],"Question Card":15,"Burning Blood":115,"Blood Vial":2,"OrangePellets":[8],"Busted Crown":34,"Pantograph":30,"MealTicket":43,"Turnip":[13],"Art of War":[12],"Black Star":4,"Kunai":[17],"obtain_stats":[{"Pear":26,"NeowsBlessing":0,"Self Forming Clay":20,"Dead Branch":36,"Pen Nib":13,"Bag of Preparation":12,"Question Card":24,"Burning Blood":0,"Blood Vial":54,"OrangePellets":47,"Busted Crown":17,"HornCleat":42,"Strawberry":40,"Pantograph":44,"MealTicket":9,"Turnip":42,"Art of War":6,"Bag of Marbles":27,"Black Star":34,"Kunai":25,"Bottled Lightning":44,"InkBottle":10,"Toy Ornithopter":54,"Pocketwatch":40},{"Pear":11,"NeowsBlessing":0,"Self Forming Clay":9,"Dead Branch":17,"Pen Nib":7,"Bag of Preparation":6,"Question Card":10,"Burning Blood":0,"Blood Vial":25,"OrangePellets":22,"Busted Crown":8,"HornCleat":20,"Strawberry":19,"Pantograph":21,"MealTicket":4,"Turnip":20,"Art of War":4,"Bag of Marbles":12,"Black Star":15,"Kunai":11,"Bottled Lightning":21,"InkBottle":5,"Toy Ornithopter":25,"Pocketwatch":19},{"Pear":49,"NeowsBlessing":0,"Self Forming Clay":43,"Dead Branch":76,"Pen Nib":32,"Bag of Preparation":28,"Question Card":45,"Burning Blood":0,"Blood Vial":117,"OrangePellets":100,"Busted Crown":39,"HornCleat":91,"Strawberry":86,"Pantograph":96,"MealTicket":7,"Turnip":91,"Art of War":7,"Bag of Marbles":57,"Black Star":70,"Kunai":49,"Bottled Lightning":96,"InkBottle":18,"Toy Ornithopter":117,"Pocketwatch":86}],"InkBottle":[22],"Toy Ornithopter":15,"Pocketwatch":[33]},"card_choices":[{"not_picked":["Armaments","Sword Boomerang"],"picked":"Uppercut","floor":1.0},{"not_picked":["Entrench","Heavy Blade"],"picked":"Iron Wave","floor":2.0},{"not_picked":["Shockwave","Ghostly Armor"],"picked":"Inflame","floor":4.0},{"not_picked":["Clash","Cleave"],"picked":"Second Wind","floor":6.0},{"not_picked":["Dual Wield","Battle Trance"],"picked":"Reaper","floor":10.0},{"not_picked":["Heavy Blade","Burning Pact"],"picked":"Battle Trance","floor":11.0},{"not_picked":["Headbutt","Thunderclap"],"picked":"Sentinel","floor":13.0},{"not_picked":["Corruption","Juggernaut"],"picked":"Limit Break","floor":16.0},{"not_picked":["Pommel Strike"],"picked":"SKIP","floor":18.0},{"not_picked":["Flex"],"picked":"SKIP","floor":22.0},{"not_picked":["Perfected Strike+1"],"picked":"Rage","floor":25.0},{"not_picked":["Anger","Havoc"],"picked":"SKIP","floor":27.0},{"not_picked":["Hemokinesis"],"picked":"Headbutt+1","floor":29.0},{"not_picked":["Metallicize"],"picked":"Wild Strike","floor":31.0},{"not_picked":["Reaper"],"picked":"Immolate","floor":33.0},{"not_picked":["Twin Strike+1"],"picked":"Pummel+1","floor":35.0},{"not_picked":["Wild Strike","Body Slam+1"],"picked":"SKIP","floor":37.0},{"not_picked":["Flex+1","Headbutt"],"picked":"SKIP","floor":40.0},{"not_picked":["Pummel","Wild Strike+1"],"picked":"SKIP","floor":42.0},{"not_picked":["Armaments+1","Reckless Charge"],"picked":"SKIP","floor":44.0},{"not_picked":["Sword Boomerang","Bludgeon"],"picked":"SKIP","floor":46.0},{"not_picked":["Clash"],"picked":"Clothesline","floor":48.0},{"not_picked":["True Grit+1","Rupture"],"picked":"SKIP","floor":54}],"player_experience":695229,"relics_obtained":[{"floor":6.0,"key":"Art of War"},{"floor":9.0,"key":"MealTicket"},{"floor":10.0,"key":"InkBottle"},{"floor":13.0,"key":"Pen Nib"},{"floor":24.0,"key":"Question Card"},{"floor":25.0,"key":"Kunai"},{"floor":26.0,"key":"Pear"},{"floor":27.0,"key":"Bag of Marbles"},{"floor":36.0,"key":"Dead Branch"},{"floor":40.0,"key":"Strawberry"},{"floor":40.0,"key":"Pocketwatch"},{"floor":42.0,"key":"HornCleat"},{"floor":42.0,"key":"Turnip"},{"floor":44.0,"key":"Pantograph"},{"floor":44.0,"key":"Bottled Lightning"},{"floor":54,"key":"Blood Vial"},{"floor":54,"key":"Toy Ornithopter"}],"event_choices":[{"damage_healed":0.0,"max_hp_gain":5.0,"max_hp_loss":0.0,"gold_gain":0.0,"event_name":"Big Fish","player_choice":"Donut","floor":5.0,"gold_loss":0.0,"damage_taken":0.0},{"damage_healed":0.0,"max_hp_gain":0.0,"max_hp_loss":0.0,"gold_gain":175.0,"event_name":"Liars Game","player_choice":"AGREE","floor":7.0,"gold_loss":0.0,"damage_taken":0.0,"cards_obtained":["Doubt"]},{"damage_healed":0.0,"max_hp_gain":0.0,"max_hp_loss":0.0,"gold_gain":0.0,"event_name":"Addict","player_choice":"Stole Relic","floor":20.0,"gold_loss":0.0,"damage_taken":0.0,"relics_obtained":["Self Forming Clay"],"cards_obtained":["Shame"]},{"damage_healed":0.0,"max_hp_gain":0.0,"max_hp_loss":0.0,"gold_gain":0.0,"event_name":"Vampires","player_choice":"Ignored","floor":21.0,"gold_loss":0.0,"damage_taken":0.0},{"damage_healed":0.0,"max_hp_gain":0.0,"max_hp_loss":0.0,"gold_gain":0.0,"event_name":"Mysterious Sphere","player_choice":"Fight","floor":36.0,"gold_loss":0.0,"damage_taken":0.0},{"damage_healed":0.0,"max_hp_gain":0.0,"max_hp_loss":0.0,"gold_gain":0.0,"event_name":"SensoryStone","player_choice":"Memory 1","floor":38.0,"gold_loss":0.0,"damage_taken":0.0},{"damage_healed":0.0,"max_hp_gain":0.0,"max_hp_loss":0.0,"gold_gain":0.0,"event_name":"Lab","player_choice":"Got Potions","floor":39.0,"gold_loss":0.0,"damage_taken":0.0}],"is_beta":false,"boss_relics":[{"not_picked":["Ectoplasm","Snecko Eye"],"picked":"Busted Crown"},{"not_picked":["Empty Cage","Tiny House"],"picked":"Black Star"}],"items_purged_floors":[12,19,47],"is_endless":false,"potions_floor_spawned":[2,11,13,16,22,27,29,35,36,40,42,46],"ascension_level":4}}