{"host":"9qk11wtevf51xvhl","time":1611698588,"event":{"mods":["BaseMod","Minty Spire (QoL Compilation)"],"gold_per_floor":[116,131,131,131,206,206,247,274,274,274,317,332,332,332,332,332,332],"floor_reached":16,"language":"ENG","playtime":1302,"items_purged":[],"score":184,"play_id":"7479a101-d0b5-49ba-adbf-566a14df294d","local_time":"20210126230308","is_ascension_mode":true,"campfire_choices":[{"data":"Armaments","floor":6,"key":"SMITH"},{"floor":13,"key":"REST"},{"data":"True Grit","floor":15,"key":"SMITH"}],"circlet_count":0,"master_deck":["AscendersBane","Strike_R","Strike_R","Strike_R","Strike_R","Strike_R","Defend_R","Defend_R","Defend_R","Defend_R","Bash","Armaments+1","Clash","True Grit+1","Regret"],"relics":["Burning Blood","Golden Idol","Self Forming Clay","Toy Ornithopter","Calipers","Eternal Feather","Paper Frog","Mango"],"acts_visited":["Exordium"],"potions_floor_usage":[11,16],"damage_taken":[{"damage":12,"enemies":"2 Louse","floor":1,"turns":3},{"damage":18,"enemies":"Jaw Worm","floor":2,"turns":4},{"damage":42,"enemies":"3 Sentries","floor":7,"turns":13},{"damage":10,"enemies":"Lagavulin","floor":11,"turns":7},{"damage":5,"enemies":"Small Slimes","floor":12,"turns":4},{"damage":82,"enemies":"Hexaghost","floor":16,"turns":14}],"seed_played":"-4077376674704306863","potions_obtained":[{"floor":1,"key":"Strength Potion"},{"floor":2,"key":"Swift Potion"}],"is_trial":false,"path_per_floor":["M","M","?","?","?","R","E","T","T","T","E","M","R","?","R","B"],"character_chosen":"IRONCLAD","items_purchased":[],"campfire_rested":1,"item_purchase_floors":[],"current_hp_per_floor":[74,62,62,62,51,51,15,15,15,15,16,17,49,63,72,0,0],"gold":332,"neow_bonus":"TEN_PERCENT_HP_BONUS","is_daily":false,"chose_seed":false,"campfire_upgraded":2,"win_rate":0.0,"timestamp":1611698588,"path_taken":["M","M","?","?","?","R","E","?","T","?","E","M","R","?","R","BOSS"],"items_purchased_type":[],"build_version":"2020-12-22","purchased_purges":0,"victory":false,"max_hp_per_floor":[88,88,88,88,88,88,88,88,88,88,88,88,88,102,102,102,102],"card_choices":[{"not_picked":["Reckless Charge","Warcry"],"picked":"Armaments","floor":1},{"not_picked":["Heavy Blade","Warcry"],"picked":"Clash","floor":2},{"not_picked":["Sentinel","Sword Boomerang"],"picked":"True Grit","floor":7},{"not_picked":["Armaments","Shrug It Off","Perfected Strike"],"picked":"SKIP","floor":11},{"not_picked":["Headbutt","Clash","Iron Wave"],"picked":"SKIP","floor":12}],"player_experience":510345,"relics_obtained":[{"floor":7,"key":"Self Forming Clay"},{"floor":8,"key":"Toy Ornithopter"},{"floor":9,"key":"Calipers"},{"floor":10,"key":"Eternal Feather"},{"floor":11,"key":"Paper Frog"}],"event_choices":[{"damage_healed":0,"gold_gain":0,"player_choice":"Take Wound","damage_taken":0,"relics_obtained":["Golden Idol"],"max_hp_gain":0,"max_hp_loss":0,"event_name":"Golden Idol","floor":3,"gold_loss":0,"cards_obtained":["Injury"]},{"cards_removed":["Injury"],"damage_healed":0,"gold_gain":0,"player_choice":"Forget","damage_taken":0,"max_hp_gain":0,"max_hp_loss":0,"event_name":"Living Wall","floor":4,"gold_loss":0},{"damage_healed":0,"gold_gain":75,"player_choice":"Gather Gold","damage_taken":11,"max_hp_gain":0,"max_hp_loss":0,"event_name":"World of Goop","floor":5,"gold_loss":0},{"damage_healed":0,"gold_gain":0,"player_choice":"Box","damage_taken":0,"relics_obtained":["Mango"],"max_hp_gain":0,"max_hp_loss":0,"event_name":"Big Fish","floor":14,"gold_loss":0,"cards_obtained":["Regret"]}],"is_beta":false,"boss_relics":[],"items_purged_floors":[],"is_endless":false,"potions_floor_spawned":[1,2],"killed_by":"Hexaghost","ascension_level":10}}