{"host":"jbj9vjxoxc0v9q6j","time":1611698768,"event":{"mods":["BaseMod","Downfall","Hermit","Minty Spire (QoL Compilation)","Replay The Spire","Shop Mod","StSLib","The Disciple","The Runesmith"],"gold_per_floor":[113,124,50,50,11,46,56,73,73,73,86,115,115,138,138,253,253,281,281,281,313,335,335,376,376,376],"floor_reached":25,"language":"ENG","playtime":1887,"items_purged":[],"score":298,"play_id":"4904fa52-7b04-43ca-95d1-0a6acb968c57","local_time":"20210126170608","is_ascension_mode":false,"campfire_choices":[{"data":"LockedAnchor","floor":10.0,"key":"SMITH"},{"data":"ReapSow","floor":13.0,"key":"SMITH"},{"floor":23.0,"key":"REST"}],"circlet_count":0,"master_deck":["Strike_Br","Strike_Br","Defend_Br","SecondHand","PatternShift","ReapSow+2","Goo","LockedPlans","LockedAnchor","LockedAnchor+1","Backlash","HandsUpB","LockedUrn","LockedMawBank","SlimeSpray","PrimeTime","Pendulum","VestedLegacy+1","PrimeTime+1","LockedAnchor+1","LockedMedicine","LockedScales","BlueShift"],"relics":["Chronometer","NeowsBlessing","Lantern","ReplayTheSpireMod:TigerMarble","Blue Doll","Astrolabe","Bag of Preparation"],"acts_visited":["Exordium","TheCity"],"potions_floor_usage":[],"damage_taken":[{"damage":0.0,"enemies":"Jaw Worm","floor":1.0,"turns":1.0},{"damage":0.0,"enemies":"Cultist","floor":2.0,"turns":1.0},{"damage":0.0,"enemies":"3 Sentries","floor":6.0,"turns":1.0},{"damage":0.0,"enemies":"Small Slimes","floor":7.0,"turns":3.0},{"damage":0.0,"enemies":"Blue Slaver","floor":8.0,"turns":4.0},{"damage":0.0,"enemies":"Looter","floor":11.0,"turns":4.0},{"damage":2.0,"enemies":"3 Louse","floor":12.0,"turns":6.0},{"damage":0.0,"enemies":"Slime Boss","floor":16.0,"turns":7.0},{"damage":10.0,"enemies":"Chosen","floor":18.0,"turns":6.0},{"damage":21.0,"enemies":"Shell Parasite","floor":21.0,"turns":7.0},{"damage":19.0,"enemies":"Centurion and Healer","floor":22.0,"turns":8.0},{"damage":25.0,"enemies":"Slavers","floor":24.0,"turns":7.0}],"seed_played":"-7605610451898745476","potions_obtained":[{"floor":1.0,"key":"Adrenaline Potion"},{"floor":2.0,"key":"hexamod:SoulburnPotion"},{"floor":7.0,"key":"Explosive Potion"},{"floor":8.0,"key":"Block Potion"},{"floor":18.0,"key":"Elixir"},{"floor":22.0,"key":"sneckomod:MuddlingPotion"},{"floor":24.0,"key":"Fruit Juice"}],"is_trial":false,"path_per_floor":["M","M","$","?","$","E","M","M","T","R","M","M","R","T","R","B",null,"M","?","?","M","M","R","E","$"],"character_chosen":"CHRONO_CLASS","items_purchased":["LockedPlans","LockedAnchor"],"campfire_rested":1,"item_purchase_floors":[3,5],"current_hp_per_floor":[65,65,65,65,65,65,65,65,65,65,65,65,65,65,65,65,65,55,55,49,28,11,30,18,18,18],"gold":376,"neow_bonus":"THREE_ENEMY_KILL","is_daily":false,"chose_seed":false,"campfire_upgraded":2,"win_rate":0.0,"timestamp":1611698768,"path_taken":["M","M","$","?","?","E","?","M","T","R","M","M","R","?","R","BOSS","M","?","?","M","M","R","E","$"],"items_purchased_type":["Card","Card"],"build_version":"2020-12-22","purchased_purges":0,"victory":false,"max_hp_per_floor":[65,65,65,65,65,65,65,65,65,65,65,65,65,65,65,65,65,65,65,65,65,65,65,70,70,70],"card_choices":[{"not_picked":["HandsUpC","Tempo"],"picked":"ReapSow","floor":1.0},{"not_picked":["Keepsakes","Stagnate"],"picked":"Goo","floor":2.0},{"not_picked":["Goo","BiteCommand"],"picked":"Backlash","floor":6.0},{"not_picked":["WindUp","AlternateTimeline"],"picked":"HandsUpB","floor":7.0},{"not_picked":["LockedAnchor","OverTime"],"picked":"LockedUrn","floor":8.0},{"not_picked":["LockedThread","LockedUrn"],"picked":"LockedMawBank","floor":11.0},{"not_picked":["CrunchTime","LockedAnchor"],"picked":"SlimeSpray","floor":12.0},{"not_picked":["LockedAstrolabe","BackFourSeconds"],"picked":"Pendulum","floor":16.0},{"not_picked":["TiringSlam","ExoVibe+1"],"picked":"LockedMedicine","floor":18.0},{"not_picked":["LockedMedicine","Echoward+1"],"picked":"LockedScales","floor":21.0},{"not_picked":["Goo","ReapSow","LockedPlans"],"picked":"SKIP","floor":22.0},{"not_picked":["PrimeTime","LockedMedicine+1"],"picked":"BlueShift","floor":24.0}],"player_experience":1972851,"relics_obtained":[{"floor":6.0,"key":"Lantern"},{"floor":9.0,"key":"ReplayTheSpireMod:TigerMarble"},{"floor":14.0,"key":"Blue Doll"},{"floor":24.0,"key":"Bag of Preparation"}],"event_choices":[{"damage_healed":0.0,"max_hp_gain":0.0,"max_hp_loss":0.0,"gold_gain":0.0,"event_name":"Knowing Skull","player_choice":"","floor":20.0,"potions_obtained":[],"gold_loss":0.0,"damage_taken":6.0,"cards_obtained":[]}],"is_beta":false,"boss_relics":[{"not_picked":["SlaversCollar","Cursed Key"],"picked":"Astrolabe"}],"items_purged_floors":[],"is_endless":false,"potions_floor_spawned":[1,2,7,8,18,22,24],"ascension_level":0}}