{"host":"q8ewzd1tf4mqkgtb","time":1611649874,"event":{"mods":["BaseMod","Hermit","Marisa????????","Minty Spire (QoL Compilation)","Relic Stats","StSLib","The Cursed","The Servant 0.9.4"],"gold_per_floor":[110,30,46,46,66,100,113,124,148,160,160,191,191,216,216,287,287,302,302,316,61,61,86,86,103,175,175,185,218,218,237,237,308,308,324,324,140,151,171,206,225,260,260,277,310,323,336,355,355,355,355,355,46,73,73],"floor_reached":56,"language":"ENG","playtime":5462,"items_purged":["Strike_R","Defend_R","Defend_R"],"score":2195,"play_id":"39824295-b3d8-4f2e-88bf-358445afe6a0","local_time":"20210126023114","is_ascension_mode":true,"campfire_choices":[{"data":"Shockwave","floor":11,"key":"SMITH"},{"data":"Bash","floor":13,"key":"SMITH"},{"data":"Hemokinesis","floor":15,"key":"SMITH"},{"data":"Battle Trance","floor":24,"key":"SMITH"},{"data":"Reaper","floor":27,"key":"SMITH"},{"data":"Impervious","floor":30,"key":"SMITH"},{"floor":32,"key":"REST"},{"floor":49,"key":"RECALL"},{"floor":52,"key":"REST"}],"circlet_count":0,"master_deck":["AscendersBane","Defend_R","Bash+1","Twin Strike","Battle Trance+1","Sentinel","Hemokinesis+1","Shockwave+1","Impervious+1","Brutality+1","Feed+1","Limit Break+1","Thunderclap+1","Reaper+1","Sword Boomerang","Limit Break","Rupture","Spot Weakness+1","Disarm","Warcry","Dark Embrace","Limit Break"],"relics":["Busted Crown","Bag of Marbles","Pen Nib","Art of War","Bag of Preparation","Astrolabe","Paper Frog","Oddly Smooth Stone","Fusion Hammer","Bottled Tornado","Red Skull","Prayer Wheel","Mango","Boot"],"acts_visited":["Exordium","TheCity","TheBeyond","TheEnding"],"potions_floor_usage":[16,16,29,33,39],"damage_taken":[{"damage":0,"enemies":"Cultist","floor":1,"turns":2},{"damage":0,"enemies":"2 Louse","floor":3,"turns":3},{"damage":2,"enemies":"Jaw Worm","floor":5,"turns":3},{"damage":12,"enemies":"Gremlin Nob","floor":6,"turns":3},{"damage":2,"enemies":"2 Fungi Beasts","floor":7,"turns":2},{"damage":0,"enemies":"Gremlin Gang","floor":8,"turns":4},{"damage":6,"enemies":"Red Slaver","floor":10,"turns":4},{"damage":9,"enemies":"Lagavulin","floor":12,"turns":6},{"damage":17,"enemies":"3 Sentries","floor":14,"turns":8},{"damage":6,"enemies":"Hexaghost","floor":16,"turns":8},{"damage":2,"enemies":"3 Byrds","floor":18,"turns":5},{"damage":8,"enemies":"Shell Parasite","floor":20,"turns":5},{"damage":29,"enemies":"Gremlin Leader","floor":23,"turns":5},{"damage":3,"enemies":"Snake Plant","floor":25,"turns":2},{"damage":8,"enemies":"Centurion and Healer","floor":28,"turns":5},{"damage":62,"enemies":"Book of Stabbing","floor":29,"turns":5},{"damage":13,"enemies":"Chosen and Byrds","floor":31,"turns":4},{"damage":38,"enemies":"Automaton","floor":33,"turns":5},{"damage":22,"enemies":"Orb Walker","floor":35,"turns":5},{"damage":4,"enemies":"3 Shapes","floor":38,"turns":3},{"damage":16,"enemies":"Transient","floor":39,"turns":5},{"damage":45,"enemies":"Giant Head","floor":40,"turns":6},{"damage":19,"enemies":"Jaw Worm Horde","floor":41,"turns":4},{"damage":73,"enemies":"Nemesis","floor":42,"turns":7},{"damage":24,"enemies":"4 Shapes","floor":44,"turns":4},{"damage":10,"enemies":"Giant Head","floor":45,"turns":5},{"damage":38,"enemies":"Spire Growth","floor":46,"turns":5},{"damage":17,"enemies":"Sphere and 2 Shapes","floor":47,"turns":4},{"damage":12,"enemies":"3 Darklings","floor":48,"turns":3},{"damage":75,"enemies":"Time Eater","floor":50,"turns":6},{"damage":73,"enemies":"Shield and Spear","floor":54,"turns":5},{"damage":160,"enemies":"The Heart","floor":55,"turns":6}],"seed_played":"8684520854580597178","potions_obtained":[{"floor":5,"key":"HeartOfIron"},{"floor":6,"key":"SmokeBomb"},{"floor":12,"key":"Dexterity Potion"},{"floor":16,"key":"PowerPotion"},{"floor":23,"key":"ColorlessPotion"},{"floor":25,"key":"BloodPotion"},{"floor":29,"key":"ColorlessPotion"},{"floor":33,"key":"Fire Potion"},{"floor":35,"key":"ColorlessPotion"},{"floor":38,"key":"GamblersBrew"},{"floor":39,"key":"LiquidBronze"},{"floor":44,"key":"BloodPotion"}],"is_trial":false,"path_per_floor":["M","$","M","?","M","E","M","M","T","M","R","E","R","E","R","B",null,"M","?","M","$","?","E","R","M","T","R","M","E","R","M","R","B",null,"M","?","$","M","M","E","M","E","T","M","E","M","M","M","R","B",null,"R","$","E","B",null],"character_chosen":"IRONCLAD","items_purchased":["Battle Trance","Reaper","Rupture","FairyPotion","Dark Embrace"],"campfire_rested":2,"item_purchase_floors":[2,21,37,53,53],"current_hp_per_floor":[68,68,68,68,66,54,52,52,52,46,46,37,37,20,20,14,60,62,62,58,58,58,51,51,52,52,52,56,34,34,37,67,107,107,97,97,97,111,109,68,111,81,81,118,142,108,104,153,153,144,154,157,157,151,106],"gold":73,"neow_bonus":"BOSS_RELIC","is_daily":false,"chose_seed":false,"campfire_upgraded":6,"win_rate":0.0,"timestamp":1611649874,"path_taken":["M","$","?","?","M","E","M","M","T","M","R","E","R","E","R","BOSS","M","?","M","$","?","E","R","?","T","R","M","E","R","M","R","BOSS","M","?","$","M","M","E","M","E","T","M","E","?","M","M","R","BOSS","R","$","E","BOSS"],"items_purchased_type":["Card","Card","Card","Potion","Card"],"build_version":"2020-12-22","purchased_purges":3,"victory":true,"max_hp_per_floor":[75,75,75,75,75,75,75,75,75,75,75,75,75,75,75,75,75,79,79,83,83,83,87,87,91,91,91,95,99,99,103,103,107,107,111,111,111,115,115,119,123,123,123,127,145,149,153,153,153,157,157,157,157,157,157],"relic_stats":{"Busted Crown":68,"counters":[32,147],"Astrolabe":["Feed","Limit Break","Thunderclap"],"Prayer Wheel":4,"Pen Nib":[20],"Art of War":[15],"Bag of Preparation":[46],"Boot":[0],"obtain_stats":[{"Astrolabe":17,"Oddly Smooth Stone":29,"Mango":45,"Pen Nib":9,"Bag of Preparation":14,"Bottled Tornado":40,"Boot":54,"Burning Blood":0,"Busted Crown":0,"Prayer Wheel":43,"Fusion Hammer":34,"Bag of Marbles":6,"Art of War":12,"Red Skull":42,"Paper Frog":23},{"Astrolabe":10,"Oddly Smooth Stone":16,"Mango":26,"Pen Nib":6,"Bag of Preparation":9,"Bottled Tornado":22,"Boot":31,"Burning Blood":0,"Busted Crown":0,"Prayer Wheel":24,"Fusion Hammer":18,"Bag of Marbles":4,"Art of War":8,"Red Skull":24,"Paper Frog":13},{"Astrolabe":43,"Oddly Smooth Stone":70,"Mango":118,"Pen Nib":17,"Bag of Preparation":35,"Bottled Tornado":98,"Boot":141,"Burning Blood":0,"Busted Crown":0,"Prayer Wheel":109,"Fusion Hammer":79,"Bag of Marbles":11,"Art of War":27,"Red Skull":109,"Paper Frog":58}]},"card_choices":[{"not_picked":[],"picked":"Twin Strike","floor":1},{"not_picked":["Twin Strike"],"picked":"SKIP","floor":3},{"not_picked":[],"picked":"Hemokinesis","floor":5},{"not_picked":["Twin Strike"],"picked":"SKIP","floor":6},{"not_picked":["Flex"],"picked":"SKIP","floor":7},{"not_picked":["Dark Embrace"],"picked":"SKIP","floor":8},{"not_picked":[],"picked":"Shockwave","floor":10},{"not_picked":["Thunderclap"],"picked":"SKIP","floor":12},{"not_picked":[],"picked":"Impervious","floor":14},{"not_picked":[],"picked":"Brutality","floor":16},{"not_picked":["Clothesline"],"picked":"SKIP","floor":18},{"not_picked":["Fire Breathing"],"picked":"SKIP","floor":20},{"not_picked":["Body Slam"],"picked":"SKIP","floor":23},{"not_picked":["Perfected Strike"],"picked":"SKIP","floor":25},{"not_picked":["Clothesline"],"picked":"SKIP","floor":28},{"not_picked":["Second Wind"],"picked":"SKIP","floor":29},{"not_picked":[],"picked":"Sword Boomerang","floor":31},{"not_picked":[],"picked":"Limit Break","floor":33},{"not_picked":["Combust"],"picked":"SKIP","floor":35},{"not_picked":["True Grit"],"picked":"SKIP","floor":38},{"not_picked":["Anger"],"picked":"SKIP","floor":39},{"not_picked":[],"picked":"Spot Weakness+1","floor":40},{"not_picked":["Sever Soul"],"picked":"SKIP","floor":41},{"not_picked":[],"picked":"Disarm","floor":42},{"not_picked":["Twin Strike+1"],"picked":"SKIP","floor":44},{"not_picked":["Combust+1"],"picked":"SKIP","floor":44},{"not_picked":[],"picked":"Warcry","floor":45},{"not_picked":["Flex"],"picked":"SKIP","floor":46},{"not_picked":["Combust"],"picked":"SKIP","floor":46},{"not_picked":["Flex"],"picked":"SKIP","floor":46},{"not_picked":["Combust"],"picked":"SKIP","floor":46},{"not_picked":["Body Slam+1"],"picked":"SKIP","floor":47},{"not_picked":["Flex"],"picked":"SKIP","floor":47},{"not_picked":["Cleave"],"picked":"SKIP","floor":48},{"not_picked":["Fire Breathing+1"],"picked":"SKIP","floor":48},{"not_picked":[],"picked":"Limit Break","floor":54}],"player_experience":471279,"relics_obtained":[{"floor":6,"key":"Bag of Marbles"},{"floor":9,"key":"Pen Nib"},{"floor":12,"key":"Art of War"},{"floor":14,"key":"Bag of Preparation"},{"floor":23,"key":"Paper Frog"},{"floor":29,"key":"Oddly Smooth Stone"},{"floor":40,"key":"Bottled Tornado"},{"floor":42,"key":"Red Skull"},{"floor":43,"key":"Prayer Wheel"},{"floor":45,"key":"Mango"},{"floor":54,"key":"Boot"}],"event_choices":[{"damage_healed":0,"gold_gain":0,"cards_transformed":["Strike_R"],"player_choice":"Change","damage_taken":0,"max_hp_gain":0,"max_hp_loss":0,"event_name":"Living Wall","floor":4,"gold_loss":0,"cards_obtained":["Sentinel"]},{"cards_removed":["Strike_R"],"damage_healed":0,"gold_gain":0,"player_choice":"Elegance","damage_taken":0,"max_hp_gain":0,"max_hp_loss":0,"event_name":"Back to Basics","floor":19,"gold_loss":0},{"damage_healed":0,"gold_gain":0,"player_choice":"Forge","damage_taken":0,"max_hp_gain":0,"max_hp_loss":0,"event_name":"Accursed Blacksmith","floor":22,"gold_loss":0,"cards_upgraded":["Brutality"]},{"damage_healed":0,"gold_gain":0,"player_choice":"Got Potions","damage_taken":0,"max_hp_gain":0,"max_hp_loss":0,"event_name":"Lab","floor":36,"gold_loss":0}],"is_beta":false,"boss_relics":[{"not_picked":["Velvet Choker","Black Star"],"picked":"Astrolabe"},{"not_picked":["Calling Bell","Cursed Key"],"picked":"Fusion Hammer"}],"items_purged_floors":[21,37,53],"is_endless":false,"potions_floor_spawned":[5,6,12,16,23,25,29,33,35,38,39,44,47],"ascension_level":16}}