{"host":"ve5hox67eka4rdnb","time":1611662986,"event":{"mods":["ATMod(∞¢Ë™Mod)","Act Like it!","BaseMod","Decade(Õı–°√˜)","Downfall","Gensokyo","Hermit","Lobotomy","LobotomyExtend","Marisa£®ÏF”Í°°ƒß¿Ì…≥£©","Minty Spire (QoL Compilation)","Reimu£®≤©¿ˆ¡È√Œ£©","Remilia£®¿Ÿ√◊¿Ú—«£©","Replay The Spire","StSLib","The Cursed","The Servant 0.9.4"],"gold_per_floor":[112,130,130,205,220,220,246,121,168,168,28,128,140,157,157,259,259,279,279,279],"floor_reached":19,"language":"ZHS","playtime":1769,"items_purged":["Defend_Lin:ReiMu","Strike_Lin:ReiMu"],"score":167,"play_id":"f56b1db2-582f-40a0-992b-975a9681d65b","local_time":"20210126200946","is_ascension_mode":false,"campfire_choices":[{"data":"AT_FamilyPortrait","floor":6,"key":"SMITH"},{"floor":10,"key":"REST"},{"floor":15,"key":"DIG"}],"circlet_count":0,"master_deck":["Strike_Lin:ReiMu","Strike_Lin:ReiMu","Strike_Lin:ReiMu","Defend_Lin:ReiMu","Defend_Lin:ReiMu","Defend_Lin:ReiMu","NB:ReiMu","Stagnation:ReiMu","AT_FamilyPortrait+1","Meditation:ReiMu","LovePray:ReiMu","SafetyPray:ReiMu","Amulet:ReiMu","SubAcupoint:ReiMu","Intuition:ReiMu","Gathering:ReiMu","FantasyMoon:ReiMu","SpreadBorder2:ReiMu","Authority:ReiMu","AbeCurse","Amulet:ReiMu"],"relics":["FlyPower:ReiMu","AT_ATBox","LetterFromLob","Dream Catcher","Orichalcum","Replay:Rubber Ducky","Abe\u0027s Treasure"],"acts_visited":["Exordium","TheCity"],"potions_floor_usage":[7,13,16,16,16],"damage_taken":[{"damage":10,"enemies":"2 Louse","floor":1,"turns":3},{"damage":0,"enemies":"Cultist","floor":2,"turns":4},{"damage":0,"enemies":"Jaw Worm","floor":5,"turns":5},{"damage":42,"enemies":"Lagavulin","floor":7,"turns":8},{"damage":12,"enemies":"Exordium Wildlife","floor":13,"turns":7},{"damage":0,"enemies":"Red Slaver","floor":14,"turns":6},{"damage":10,"enemies":"Fading Forest","floor":16,"turns":11},{"damage":0,"enemies":"3 Byrds","floor":18,"turns":7},{"damage":0,"enemies":"Shell Parasite","floor":19,"turns":1}],"seed_played":"8708335068613511258","potions_obtained":[{"floor":1,"key":"Strength Potion"},{"floor":2,"key":"LiquidBronze"},{"floor":14,"key":"Fire Potion"},{"floor":16,"key":"Adrenaline Potion"}],"is_trial":false,"path_per_floor":["M","M","?","?","M","R","E","$","T","R","$","?","M","M","R","B",null,"M","M"],"character_chosen":"REIMU","items_purchased":["SubAcupoint:ReiMu","Gathering:ReiMu"],"campfire_rested":1,"item_purchase_floors":[8,11],"current_hp_per_floor":[55,55,60,49,49,49,7,7,7,28,28,28,16,16,16,16,70,70,70,70],"gold":279,"neow_bonus":"","is_daily":false,"chose_seed":false,"campfire_upgraded":1,"win_rate":0.0,"timestamp":1611662986,"path_taken":["M","M","?","?","M","R","E","$","T","R","$","?","M","?","R","BOSS","M","M"],"items_purchased_type":["Card","Card"],"build_version":"2020-12-22","purchased_purges":2,"victory":false,"max_hp_per_floor":[65,65,70,70,70,70,70,70,70,70,70,70,70,70,70,70,70,70,70,70],"card_choices":[{"not_picked":["Gathering:ReiMu","AlertArray:ReiMu"],"picked":"Meditation:ReiMu","floor":1},{"not_picked":["Conquer:ReiMu","LearningPray:ReiMu"],"picked":"LovePray:ReiMu","floor":2},{"not_picked":["PayForSelf:ReiMu","FineLineFantasy:ReiMu"],"picked":"SafetyPray:ReiMu","floor":5},{"not_picked":["Mountainwind:ReiMu","SafetyPray:ReiMu"],"picked":"Amulet:ReiMu","floor":7},{"not_picked":["Enchanting:ReiMu","Mountainwind:ReiMu"],"picked":"Intuition:ReiMu","floor":10},{"not_picked":["DoubleButterfly:ReiMu","ManaGlint:ReiMu"],"picked":"FantasyMoon:ReiMu","floor":13},{"not_picked":["Gathering:ReiMu","AirManeuver:ReiMu"],"picked":"SpreadBorder2:ReiMu","floor":14},{"not_picked":["YinYang:ReiMu","HakureiPhantom:ReiMu"],"picked":"Authority:ReiMu","floor":16},{"not_picked":["PayForSelf:ReiMu","ManaGlint:ReiMu"],"picked":"Amulet:ReiMu","floor":18}],"player_experience":181378,"relics_obtained":[{"floor":1,"key":"LetterFromLob"},{"floor":7,"key":"Dream Catcher"},{"floor":9,"key":"Orichalcum"},{"floor":15,"key":"Replay:Rubber Ducky"}],"event_choices":[{"damage_healed":0,"gold_gain":0,"player_choice":"Donut","damage_taken":0,"max_hp_gain":5,"max_hp_loss":0,"event_name":"Big Fish","floor":3,"gold_loss":0},{"damage_healed":0,"gold_gain":75,"player_choice":"Gather Gold","damage_taken":11,"max_hp_gain":0,"max_hp_loss":0,"event_name":"World of Goop","floor":4,"gold_loss":0},{"damage_healed":0,"gold_gain":100,"player_choice":"Pray","damage_taken":0,"max_hp_gain":0,"max_hp_loss":0,"event_name":"Golden Shrine","floor":12,"gold_loss":0}],"is_beta":false,"boss_relics":[{"not_picked":["Ring of Chaos","Kintsugi"],"picked":"Abe\u0027s Treasure"}],"items_purged_floors":[8,11],"is_endless":false,"potions_floor_spawned":[1,2,14,16],"killed_by":"Shell Parasite","ascension_level":0}}