{"host":"ef3ybc9bdsabvdps","time":1611660557,"event":{"mods":["BaseMod","Minty Spire (QoL Compilation)"],"gold_per_floor":[119,137,156,156,172,172,203,203,203,216,227,227,257,275,275,379,379,398,409,409,422,197,197,216,216,242,242,242,242],"floor_reached":28,"language":"KOR","playtime":1117,"items_purged":["Defend_B"],"score":302,"play_id":"8ab9fbd4-81a0-43d1-8574-11563b523464","local_time":"20210126202917","is_ascension_mode":true,"campfire_choices":[{"floor":6.0,"key":"REST"},{"data":"Zap","floor":8.0,"key":"SMITH"},{"floor":15,"key":"REST"},{"floor":23,"key":"REST"}],"circlet_count":0,"master_deck":["Strike_B","Strike_B","Defend_B","Defend_B","Zap+1","Dualcast","Sweeping Beam","Ball Lightning","Barrage","Chaos","Capacitor","Leap","Cold Snap","Electrodynamics","BootSequence"],"relics":["Cracked Core","TungstenRod","StoneCalendar","Gambling Chip","Philosopher\u0027s Stone","Nunchaku","Omamori"],"acts_visited":["Exordium","TheCity"],"potions_floor_usage":[16,16,27],"damage_taken":[{"damage":1.0,"enemies":"Cultist","floor":1.0,"turns":4.0},{"damage":6.0,"enemies":"Jaw Worm","floor":2.0,"turns":4.0},{"damage":0.0,"enemies":"Small Slimes","floor":3.0,"turns":2.0},{"damage":22.0,"enemies":"Exordium Thugs","floor":5.0,"turns":4.0},{"damage":10.0,"enemies":"3 Sentries","floor":7.0,"turns":4.0},{"damage":0.0,"enemies":"3 Louse","floor":10.0,"turns":2.0},{"damage":19.0,"enemies":"Lots of Slimes","floor":11.0,"turns":3.0},{"damage":29.0,"enemies":"Lagavulin","floor":13.0,"turns":6.0},{"damage":0,"enemies":"Exordium Wildlife","floor":14,"turns":4},{"damage":2,"enemies":"The Guardian","floor":16,"turns":6},{"damage":26,"enemies":"2 Thieves","floor":18,"turns":3},{"damage":9,"enemies":"Spheric Guardian","floor":19,"turns":3},{"damage":24,"enemies":"Chosen and Byrds","floor":21,"turns":5},{"damage":24,"enemies":"Shelled Parasite and Fungi","floor":24,"turns":4},{"damage":0,"enemies":"Gremlin Leader","floor":27,"turns":1},{"damage":9,"enemies":"Centurion and Healer","floor":28,"turns":2}],"seed_played":"-5197117402308648565","potions_obtained":[{"floor":2.0,"key":"Explosive Potion"},{"floor":3.0,"key":"CultistPotion"},{"floor":5.0,"key":"PowerPotion"},{"floor":14,"key":"Strength Potion"},{"floor":16,"key":"Ancient Potion"},{"floor":19,"key":"SmokeBomb"}],"is_trial":false,"path_per_floor":["M","M","M","?","M","R","E","R","T","M","M","?","E","M","R","B",null,"M","M","?","M","$","R","M","?","T","E","M"],"character_chosen":"DEFECT","items_purchased":["Nunchaku"],"campfire_rested":3,"item_purchase_floors":[22],"current_hp_per_floor":[74,68,68,61,39,61,51,51,51,51,32,32,3,3,25,23,75,49,40,40,16,16,38,14,9,9,9,0,0],"gold":242,"neow_bonus":"REMOVE_CARD","is_daily":false,"chose_seed":false,"campfire_upgraded":1,"win_rate":0.0,"timestamp":1611660557,"path_taken":["M","M","?","?","M","R","E","R","T","M","M","?","E","M","R","BOSS","M","M","?","M","$","R","M","?","T","E","?"],"items_purchased_type":["Relic"],"build_version":"2020-12-22","purchased_purges":1,"victory":false,"max_hp_per_floor":[75,75,75,75,75,75,75,75,75,75,75,75,75,75,75,75,75,75,75,75,75,75,75,75,75,75,75,75,75],"card_choices":[{"not_picked":["Redo","Doom and Gloom"],"picked":"Sweeping Beam","floor":1.0},{"not_picked":["Aggregate","Sweeping Beam"],"picked":"Ball Lightning","floor":2.0},{"not_picked":["Stack","Undo","Streamline"],"picked":"SKIP","floor":3.0},{"not_picked":["Redo","Hologram"],"picked":"Barrage","floor":5.0},{"not_picked":["Go for the Eyes","Sweeping Beam"],"picked":"Chaos","floor":7.0},{"not_picked":["All For One","Barrage"],"picked":"Capacitor","floor":10.0},{"not_picked":["Sweeping Beam","BootSequence"],"picked":"Leap","floor":11.0},{"not_picked":["Stack","Beam Cell"],"picked":"Cold Snap","floor":13.0},{"not_picked":["Stack","Barrage","Leap"],"picked":"SKIP","floor":14},{"not_picked":["Creative AI","Buffer"],"picked":"Electrodynamics","floor":16},{"not_picked":["Cold Snap","Beam Cell","Recycle"],"picked":"SKIP","floor":18},{"not_picked":["Gash","Aggregate","Go for the Eyes"],"picked":"SKIP","floor":19},{"not_picked":["Beam Cell","White Noise","Rip and Tear"],"picked":"SKIP","floor":21},{"not_picked":["Force Field","Leap"],"picked":"BootSequence","floor":24}],"player_experience":322807,"relics_obtained":[{"floor":7.0,"key":"TungstenRod"},{"floor":9.0,"key":"StoneCalendar"},{"floor":13.0,"key":"Gambling Chip"},{"floor":26,"key":"Omamori"}],"event_choices":[{"cards_removed":["Strike_B"],"damage_healed":0.0,"max_hp_gain":0.0,"max_hp_loss":0.0,"gold_gain":0.0,"event_name":"Golden Wing","player_choice":"Card Removal","floor":4.0,"gold_loss":0.0,"damage_taken":7.0},{"cards_removed":["Defend_B"],"damage_healed":0.0,"max_hp_gain":0.0,"max_hp_loss":0.0,"gold_gain":0.0,"event_name":"Living Wall","player_choice":"Forget","floor":12.0,"gold_loss":0.0,"damage_taken":0.0},{"damage_healed":0,"gold_gain":0,"player_choice":"Ignored","damage_taken":0,"max_hp_gain":0,"max_hp_loss":0,"event_name":"Vampires","floor":20,"gold_loss":0},{"damage_healed":0,"gold_gain":0,"player_choice":"","damage_taken":6,"max_hp_gain":0,"max_hp_loss":0,"event_name":"Knowing Skull","floor":25,"potions_obtained":[],"gold_loss":0,"cards_obtained":[]}],"is_beta":false,"boss_relics":[{"not_picked":["Snecko Eye","Coffee Dripper"],"picked":"Philosopher\u0027s Stone"}],"items_purged_floors":[22],"is_endless":false,"potions_floor_spawned":[2,3,5,14,16,19],"killed_by":"Centurion and Healer","ascension_level":4}}