{"host":"i7jfea87xc8lz16p","time":1611670909,"event":{"mods":["AchievementEnabler","BaseMod","Colored Powertips","Minty Spire (QoL Compilation)","Relic Stats"],"gold_per_floor":[109,109,134,39,59,59,99,124,124,124,124,149,172,197,197,290,290,310,333,258,141,141,141,181,181,231,300,3,3,53,72,72,72,72],"floor_reached":33,"language":"ENG","playtime":1236,"items_purged":["Judgement"],"score":534,"play_id":"1ffa42f6-221f-4e62-9f90-f46accafc042","local_time":"20210126152149","is_ascension_mode":true,"campfire_choices":[{"data":"EmptyFist","floor":6,"key":"SMITH"},{"data":"MentalFortress","floor":10,"key":"SMITH"},{"floor":15,"key":"REST"},{"data":"Vault","floor":23,"key":"SMITH"},{"data":"Evaluate","floor":25,"key":"SMITH"},{"data":"Wallop","floor":29,"key":"SMITH"},{"floor":32,"key":"REST"}],"circlet_count":0,"master_deck":["AscendersBane","Eruption","Vigilance","Vengeance","Sanctity","Consecrate","MentalFortress+1","DevaForm","FollowUp","FlurryOfBlows","EmptyFist+1","ReachHeaven","JustLucky","SpiritShield","DeceiveReality","Vault+1","Evaluate+1","WheelKick","Meditate","Normality","CutThroughFate","Wallop+1","ThirdEye"],"relics":["Pandora\u0027s Box","Golden Idol","Letter Opener","Eternal Feather","Shuriken","Cursed Key","SsserpentHead","MealTicket","Art of War","Membership Card","PreservedInsect","Nilry\u0027s Codex"],"acts_visited":["Exordium","TheCity"],"potions_floor_usage":[13,24,31],"damage_taken":[{"damage":0,"enemies":"2 Louse","floor":1,"turns":2},{"damage":0,"enemies":"Small Slimes","floor":3,"turns":2},{"damage":0,"enemies":"Cultist","floor":5,"turns":3},{"damage":12,"enemies":"3 Sentries","floor":7,"turns":5},{"damage":0,"enemies":"Exordium Wildlife","floor":8,"turns":2},{"damage":17,"enemies":"Exordium Thugs","floor":12,"turns":4},{"damage":0,"enemies":"Large Slime","floor":13,"turns":3},{"damage":0,"enemies":"Blue Slaver","floor":14,"turns":1},{"damage":20,"enemies":"The Guardian","floor":16,"turns":8},{"damage":4,"enemies":"2 Thieves","floor":18,"turns":2},{"damage":0,"enemies":"3 Byrds","floor":19,"turns":4},{"damage":13,"enemies":"Book of Stabbing","floor":24,"turns":4},{"damage":26,"enemies":"Shelled Parasite and Fungi","floor":27,"turns":5},{"damage":15,"enemies":"Centurion and Healer","floor":31,"turns":5},{"damage":58,"enemies":"Collector","floor":33,"turns":8}],"seed_played":"5881904399985999330","potions_obtained":[{"floor":8,"key":"Dexterity Potion"},{"floor":14,"key":"AttackPotion"},{"floor":27,"key":"Fruit Juice"},{"floor":31,"key":"Swift Potion"}],"is_trial":false,"path_per_floor":["M","?","M","$","M","R","E","M","T","R","?","M","M","M","R","B",null,"M","M","?","$","?","R","E","R","T","M","$","R","?","M","R","B"],"character_chosen":"WATCHER","items_purchased":["ReachHeaven","Fire Potion","WheelKick","Membership Card","PreservedInsect","Wallop"],"campfire_rested":2,"item_purchase_floors":[4,4,21,28,28,28],"current_hp_per_floor":[61,61,61,61,61,61,49,49,49,58,40,23,23,23,50,30,54,50,50,50,50,50,59,46,55,55,29,44,56,35,25,57,0,0],"gold":72,"neow_bonus":"BOSS_RELIC","is_daily":false,"chose_seed":false,"campfire_upgraded":5,"win_rate":0.0,"timestamp":1611670909,"path_taken":["M","?","M","$","M","R","E","M","T","R","?","M","M","M","R","BOSS","M","M","?","$","?","R","E","R","T","?","$","R","?","M","R","BOSS"],"items_purchased_type":["Card","Potion","Card","Relic","Relic","Card"],"build_version":"2020-12-22","purchased_purges":1,"victory":false,"max_hp_per_floor":[68,62,62,62,62,62,62,62,62,62,62,62,62,62,62,62,62,62,62,62,62,62,62,62,62,62,62,62,62,62,67,67,67,67],"relic_stats":{"SsserpentHead":100,"counters":[15,58],"Golden Idol":81,"Shuriken":[20],"Pandora\u0027s Box":["Vengeance","Sanctity","Consecrate","MentalFortress","PathToVictory","DevaForm","Judgement","FollowUp"],"Eternal Feather":60,"MealTicket":15,"PreservedInsect":0,"Art of War":[3],"Letter Opener":[40],"Cursed Key":1,"obtain_stats":[{"Golden Idol":2,"Nilry\u0027s Codex":30,"Eternal Feather":9,"PreservedInsect":28,"Letter Opener":7,"Cursed Key":17,"SsserpentHead":22,"Shuriken":11,"Pandora\u0027s Box":0,"MealTicket":24,"Art of War":26,"Membership Card":28,"PureWater":0},{"Golden Idol":1,"Nilry\u0027s Codex":13,"Eternal Feather":5,"PreservedInsect":13,"Letter Opener":4,"Cursed Key":9,"SsserpentHead":11,"Shuriken":5,"Pandora\u0027s Box":0,"MealTicket":12,"Art of War":12,"Membership Card":13,"PureWater":0},{"Golden Idol":2,"Nilry\u0027s Codex":45,"Eternal Feather":14,"PreservedInsect":45,"Letter Opener":12,"Cursed Key":30,"SsserpentHead":36,"Shuriken":14,"Pandora\u0027s Box":0,"MealTicket":40,"Art of War":40,"Membership Card":45,"PureWater":0}]},"card_choices":[{"not_picked":["Halt","FollowUp"],"picked":"FlurryOfBlows","floor":1},{"not_picked":["Pray","SashWhip"],"picked":"EmptyFist","floor":3},{"not_picked":["CrushJoints","Nirvana"],"picked":"JustLucky","floor":5},{"not_picked":["ClearTheMind","FlurryOfBlows"],"picked":"SpiritShield","floor":7},{"not_picked":["Prostrate","Wireheading","CrushJoints"],"picked":"SKIP","floor":8},{"not_picked":["Wireheading","CutThroughFate","FlurryOfBlows"],"picked":"SKIP","floor":12},{"not_picked":["Worship","EmptyMind","Devotion"],"picked":"SKIP","floor":13},{"not_picked":["Evaluate","PathToVictory"],"picked":"DeceiveReality","floor":14},{"not_picked":["DevaForm","Judgement"],"picked":"Vault","floor":16},{"not_picked":["FollowUp","EmptyFist","ForeignInfluence+1"],"picked":"SKIP","floor":18},{"not_picked":["FollowUp","Worship"],"picked":"Evaluate","floor":19},{"not_picked":["Halt","Conclude"],"picked":"Meditate","floor":24},{"not_picked":["Crescendo","WindmillStrike"],"picked":"CutThroughFate","floor":27},{"not_picked":["Adaptation","FollowUp"],"picked":"ThirdEye","floor":31}],"player_experience":1841212,"relics_obtained":[{"floor":7,"key":"Letter Opener"},{"floor":9,"key":"Eternal Feather"},{"floor":24,"key":"MealTicket"},{"floor":26,"key":"Art of War"},{"floor":30,"key":"Nilry\u0027s Codex"}],"event_choices":[{"damage_healed":0,"gold_gain":0,"player_choice":"Lose Max HP","damage_taken":0,"relics_obtained":["Golden Idol"],"max_hp_gain":0,"max_hp_loss":6,"event_name":"Golden Idol","floor":2,"gold_loss":0},{"damage_healed":0,"gold_gain":0,"player_choice":"Success","damage_taken":18,"relics_obtained":["Shuriken"],"max_hp_gain":0,"max_hp_loss":0,"event_name":"Scrap Ooze","floor":11,"gold_loss":0},{"cards_removed":["PathToVictory"],"damage_healed":0,"gold_gain":0,"player_choice":"Gave Gold","damage_taken":0,"max_hp_gain":0,"max_hp_loss":0,"event_name":"Beggar","floor":20,"gold_loss":75},{"damage_healed":0,"gold_gain":0,"player_choice":"Trade","damage_taken":0,"relics_obtained":["SsserpentHead"],"max_hp_gain":0,"max_hp_loss":0,"event_name":"FaceTrader","floor":22,"gold_loss":0},{"damage_healed":0,"gold_gain":0,"player_choice":"Obtained Book","damage_taken":21,"max_hp_gain":0,"max_hp_loss":0,"event_name":"Cursed Tome","floor":30,"gold_loss":0}],"is_beta":false,"boss_relics":[{"not_picked":["Runic Dome","Sozu"],"picked":"Cursed Key"}],"items_purged_floors":[21],"is_endless":false,"potions_floor_spawned":[8,12,14,19,27,31],"killed_by":"Collector","ascension_level":20}}