{"host":"l2onoeb0kdqo1a9y","time":1611644640,"event":{"mods":["AchievementEnabler","BaseMod","Colored Powertips","Highlight Path","Minty Spire (QoL Compilation)","Quick Restart"],"gold_per_floor":[115,127,141,157,157,190,190,250,250,268,286,302,317,332,332,430,430,420,89,109,159,124,156,156,206,206,224,373,384,454,89,89,194,194,204,223,98,148,198,198,48,62,62,92,142,142,155,258,258,258],"floor_reached":51,"language":"ZHS","playtime":1855,"items_purged":["Strike_G","Writhe","Strike_G","Strike_G"],"score":728,"play_id":"c0a5def5-a3ff-4b50-ab8c-e4b6b66abe6d","local_time":"20210126150400","is_ascension_mode":false,"campfire_choices":[{"data":"Accuracy","floor":7.0,"key":"SMITH"},{"data":"Calculated Gamble","floor":15.0,"key":"SMITH"},{"floor":24.0,"key":"REST"},{"data":"Apotheosis","floor":32.0,"key":"SMITH"},{"floor":40.0,"key":"REST"},{"data":"After Image","floor":46.0,"key":"SMITH"},{"data":"Bullet Time","floor":49,"key":"SMITH"}],"circlet_count":0,"master_deck":["Strike_G","Strike_G","Defend_G","Defend_G","Defend_G","Defend_G","Defend_G","Survivor","Accuracy+1","Blade Dance","Blade Dance","Cloak And Dagger","Footwork","Backflip","Leg Sweep","Calculated Gamble+1","Acrobatics","Prepared","A Thousand Cuts","Reflex","Dagger Throw+1","Bullet Time+1","Outmaneuver+1","Tactician+1","Finisher","Apotheosis+1","Cloak And Dagger","Well Laid Plans","Escape Plan","After Image+1","Writhe"],"relics":["Ring of the Snake","NeowsBlessing","SsserpentHead","HornCleat","Question Card","Philosopher\u0027s Stone","Sundial","Letter Opener","Pen Nib","Matryoshka","Bottled Lightning","Kunai","Bottled Flame","Darkstone Periapt","WristBlade","Eternal Feather","Shuriken","FossilizedHelix"],"acts_visited":["Exordium","TheCity","TheBeyond"],"potions_floor_usage":[50],"damage_taken":[{"damage":0.0,"enemies":"2 Louse","floor":1.0,"turns":1.0},{"damage":0.0,"enemies":"Cultist","floor":2.0,"turns":1.0},{"damage":0.0,"enemies":"Jaw Worm","floor":3.0,"turns":1.0},{"damage":1.0,"enemies":"3 Louse","floor":4.0,"turns":3.0},{"damage":28.0,"enemies":"Lagavulin","floor":6.0,"turns":6.0},{"damage":0.0,"enemies":"Blue Slaver","floor":8.0,"turns":3.0},{"damage":0.0,"enemies":"2 Fungi Beasts","floor":10.0,"turns":2.0},{"damage":4.0,"enemies":"Exordium Thugs","floor":11.0,"turns":4.0},{"damage":0.0,"enemies":"Blue Slaver","floor":12.0,"turns":3.0},{"damage":5.0,"enemies":"3 Louse","floor":13.0,"turns":5.0},{"damage":0.0,"enemies":"Large Slime","floor":14.0,"turns":2.0},{"damage":7.0,"enemies":"Slime Boss","floor":16.0,"turns":8.0},{"damage":6.0,"enemies":"2 Thieves","floor":18.0,"turns":4.0},{"damage":9.0,"enemies":"3 Byrds","floor":20.0,"turns":4.0},{"damage":31.0,"enemies":"Book of Stabbing","floor":23.0,"turns":8.0},{"damage":11.0,"enemies":"Sentry and Sphere","floor":27.0,"turns":5.0},{"damage":25.0,"enemies":"Chosen and Byrds","floor":29.0,"turns":5.0},{"damage":18.0,"enemies":"Snecko","floor":30.0,"turns":5.0},{"damage":7.0,"enemies":"Collector","floor":33.0,"turns":5.0},{"damage":6.0,"enemies":"Orb Walker","floor":35.0,"turns":3.0},{"damage":26.0,"enemies":"3 Shapes","floor":36.0,"turns":4.0},{"damage":7.0,"enemies":"Jaw Worm Horde","floor":42.0,"turns":4.0},{"damage":7.0,"enemies":"Nemesis","floor":44.0,"turns":5.0},{"damage":0.0,"enemies":"3 Darklings","floor":47.0,"turns":4.0},{"damage":11,"enemies":"2 Orb Walkers","floor":48,"turns":5},{"damage":25,"enemies":"Donu and Deca","floor":50,"turns":6}],"seed_played":"-6212447240795803374","potions_obtained":[{"floor":3.0,"key":"Poison Potion"},{"floor":6.0,"key":"Explosive Potion"},{"floor":11.0,"key":"Dexterity Potion"},{"floor":12.0,"key":"FairyPotion"},{"floor":18.0,"key":"CultistPotion"},{"floor":23.0,"key":"LiquidBronze"},{"floor":27.0,"key":"FairyPotion"},{"floor":29.0,"key":"DistilledChaos"},{"floor":35.0,"key":"Swift Potion"},{"floor":47.0,"key":"PowerPotion"}],"is_trial":false,"path_per_floor":["M","M","M","M","?","E","R","M","T","M","M","M","M","M","R","B",null,"M","$","M","?","?","E","R","T","T","M","?","M","M","$","R","B",null,"M","M","$","?","?","R","$","M","T","E","?","R","M","?","R","B",null],"character_chosen":"THE_SILENT","items_purchased":["Sundial","Apotheosis","Cloak And Dagger","Well Laid Plans"],"campfire_rested":2,"item_purchase_floors":[19,31,31,31],"current_hp_per_floor":[70,70,70,69,69,41,41,41,41,41,37,37,32,32,32,25,70,64,64,55,55,55,24,45,45,45,34,34,9,21,21,21,14,70,64,38,38,38,38,59,59,52,52,45,69,76,76,65,76,51],"gold":258,"neow_bonus":"THREE_ENEMY_KILL","is_daily":false,"chose_seed":false,"campfire_upgraded":5,"win_rate":0.0,"timestamp":1611644640,"path_taken":["M","M","M","M","?","E","R","?","T","M","M","M","M","M","R","BOSS","M","$","M","?","?","E","R","?","T","M","?","M","?","$","R","BOSS","M","M","$","?","?","R","$","M","T","E","?","R","M","?","R","BOSS"],"items_purchased_type":["Relic","Card","Card","Card"],"build_version":"2020-12-22","purchased_purges":4,"victory":true,"max_hp_per_floor":[70,70,70,70,70,70,70,70,70,70,70,70,70,70,70,70,70,70,70,70,70,70,70,70,70,70,70,70,70,70,70,70,70,70,70,70,70,70,70,70,70,70,70,70,76,76,76,76,76,76],"card_choices":[{"not_picked":["Underhanded Strike","Dagger Throw"],"picked":"Accuracy","floor":1.0},{"not_picked":["Caltrops","Bane"],"picked":"Blade Dance","floor":2.0},{"not_picked":["Acrobatics","Crippling Poison"],"picked":"Blade Dance","floor":3.0},{"not_picked":["Wraith Form v2","Sucker Punch"],"picked":"Cloak And Dagger","floor":4.0},{"not_picked":["Quick Slash","Sucker Punch"],"picked":"Footwork","floor":6.0},{"not_picked":["Masterful Stab","Blur"],"picked":"Backflip","floor":8.0},{"not_picked":["Quick Slash","Deadly Poison","Blade Dance"],"picked":"Leg Sweep","floor":10.0},{"not_picked":["Dagger Spray","Riddle With Holes","Bouncing Flask","Tools of the Trade"],"picked":"SKIP","floor":11.0},{"not_picked":["Blade Dance","Acrobatics","Blur"],"picked":"Calculated Gamble","floor":12.0},{"not_picked":["Riddle With Holes","Blade Dance","Outmaneuver"],"picked":"Acrobatics","floor":13.0},{"not_picked":["Deflect","Underhanded Strike","Sucker Punch"],"picked":"Prepared","floor":14.0},{"not_picked":["After Image","Adrenaline","Venomology"],"picked":"A Thousand Cuts","floor":16.0},{"not_picked":["Outmaneuver+1","Bouncing Flask+1","All Out Attack"],"picked":"Reflex","floor":18.0},{"not_picked":["Cloak And Dagger","Slice","Outmaneuver"],"picked":"Dagger Throw+1","floor":20.0},{"not_picked":["After Image","Deflect","Slice+1"],"picked":"Bullet Time","floor":23.0},{"not_picked":["Flying Knee","Expertise","Setup"],"picked":"Outmaneuver+1","floor":27.0},{"not_picked":["Quick Slash+1","Deflect","Dagger Spray"],"picked":"Tactician+1","floor":29.0},{"not_picked":["Heel Hook","Crippling Poison","Deadly Poison+1"],"picked":"Finisher","floor":30.0},{"not_picked":["Deadly Poison","Quick Slash","All Out Attack+1"],"picked":"Escape Plan","floor":35.0},{"not_picked":["Dodge and Roll+1","Deadly Poison","Backflip"],"picked":"After Image","floor":36.0},{"not_picked":["Underhanded Strike","Reflex","Poisoned Stab+1","Bane+1"],"picked":"SKIP","floor":42.0},{"not_picked":["Glass Knife","Prepared","Terror","Quick Slash+1"],"picked":"SKIP","floor":44.0},{"not_picked":["Quick Slash","Catalyst","Outmaneuver+1","Finisher"],"picked":"SKIP","floor":47.0}],"player_experience":123374,"relics_obtained":[{"floor":6.0,"key":"HornCleat"},{"floor":9.0,"key":"Question Card"},{"floor":23.0,"key":"Matryoshka"},{"floor":25.0,"key":"Bottled Lightning"},{"floor":25.0,"key":"Kunai"},{"floor":26.0,"key":"Bottled Flame"},{"floor":26.0,"key":"Darkstone Periapt"},{"floor":43.0,"key":"Eternal Feather"},{"floor":44.0,"key":"Shuriken"},{"floor":48,"key":"FossilizedHelix"}],"event_choices":[{"damage_healed":0.0,"max_hp_gain":0.0,"max_hp_loss":0.0,"gold_gain":0.0,"event_name":"FaceTrader","player_choice":"Trade","floor":5.0,"gold_loss":0.0,"damage_taken":0.0,"relics_obtained":["SsserpentHead"]},{"damage_healed":0.0,"max_hp_gain":0.0,"max_hp_loss":0.0,"gold_gain":0.0,"event_name":"The Mausoleum","player_choice":"Opened","floor":21.0,"gold_loss":0.0,"damage_taken":0.0,"relics_obtained":["Letter Opener"],"cards_obtained":["Writhe"]},{"damage_healed":0.0,"max_hp_gain":0.0,"max_hp_loss":0.0,"gold_gain":0.0,"event_name":"Addict","player_choice":"Obtained Relic","floor":22.0,"gold_loss":85.0,"damage_taken":0.0,"relics_obtained":["Pen Nib"]},{"damage_healed":0.0,"max_hp_gain":0.0,"max_hp_loss":0.0,"gold_gain":99.0,"event_name":"Nest","player_choice":"Stole From Cult","floor":28.0,"gold_loss":0.0,"damage_taken":0.0},{"damage_healed":0.0,"max_hp_gain":0.0,"max_hp_loss":0.0,"gold_gain":0.0,"event_name":"Tomb of Lord Red Mask","player_choice":"Ignored","floor":38.0,"gold_loss":0.0,"damage_taken":0.0},{"cards_removed":["Neutralize"],"damage_healed":0.0,"max_hp_gain":0.0,"max_hp_loss":0.0,"gold_gain":0.0,"event_name":"Falling","player_choice":"Removed Attack","floor":39.0,"gold_loss":0.0,"damage_taken":0.0},{"damage_healed":18.0,"max_hp_gain":0.0,"max_hp_loss":0.0,"gold_gain":0.0,"event_name":"Winding Halls","player_choice":"Writhe","floor":45.0,"gold_loss":0.0,"damage_taken":0.0,"cards_obtained":["Writhe"]},{"damage_healed":0,"gold_gain":0,"player_choice":"Fight","damage_taken":0,"max_hp_gain":0,"max_hp_loss":0,"event_name":"Mysterious Sphere","floor":48,"gold_loss":0}],"is_beta":false,"boss_relics":[{"not_picked":["Tiny House","Astrolabe"],"picked":"Philosopher\u0027s Stone"},{"not_picked":["Cursed Key","Velvet Choker"],"picked":"WristBlade"}],"items_purged_floors":[19,31,37,41],"is_endless":false,"potions_floor_spawned":[3,6,11,12,14,18,23,27,29,35,47],"ascension_level":0}}