{"host":"qbvxbacgnxuisbbe","time":1611704544,"event":{"mods":["Alarm Clock","BaseMod","Humility","Minty Spire (QoL Compilation)","StSLib"],"gold_per_floor":[111,111,130,143,143,143,15,46,46,58,58,86,97,16,16,93,93,110,125,125,50,50,75,75,86,86,86,86,86,104,114,114,114,114],"floor_reached":33,"language":"ENG","playtime":1375,"items_purged":["Strike_P"],"score":750,"play_id":"c68402b6-8cec-480d-9b81-cb0237c8d7d9","local_time":"20210126234224","is_ascension_mode":true,"campfire_choices":[{"data":"Eruption","floor":6.0,"key":"SMITH"},{"data":"1","floor":11.0,"key":"LIFT"},{"data":"Wallop","floor":15.0,"key":"SMITH"},{"floor":24.0,"key":"REST"},{"floor":29.0,"key":"REST"},{"floor":32.0,"key":"REST"}],"circlet_count":0,"master_deck":["AscendersBane","Strike_P","Defend_P","Defend_P","Defend_P","Defend_P","Eruption+1","Vigilance","SignatureMove+1","Evaluate","Adaptation","CutThroughFate","Wallop+1","DeceiveReality","Consecrate","Consecrate","Swivel+1","ClearTheMind"],"relics":["PureWater","Girya","Ginger","Strawberry","Cursed Key","Tiny Chest"],"acts_visited":["Exordium","TheCity"],"potions_floor_usage":[],"damage_taken":[{"damage":2.0,"enemies":"Cultist","floor":1.0,"turns":3.0},{"damage":14.0,"enemies":"2 Louse","floor":3.0,"turns":2.0},{"damage":0.0,"enemies":"Jaw Worm","floor":4.0,"turns":2.0},{"damage":0.0,"enemies":"Lagavulin","floor":8.0,"turns":3.0},{"damage":0.0,"enemies":"Large Slime","floor":10.0,"turns":4.0},{"damage":0.0,"enemies":"Gremlin Nob","floor":12.0,"turns":2.0},{"damage":0.0,"enemies":"Blue Slaver","floor":13.0,"turns":1.0},{"damage":0.0,"enemies":"Slime Boss","floor":16.0,"turns":5.0},{"damage":26.0,"enemies":"3 Byrds","floor":18.0,"turns":6.0},{"damage":1.0,"enemies":"Chosen","floor":19.0,"turns":3.0},{"damage":51.0,"enemies":"Book of Stabbing","floor":23.0,"turns":5.0},{"damage":8.0,"enemies":"Shelled Parasite and Fungi","floor":25.0,"turns":3.0},{"damage":11.0,"enemies":"Centurion and Healer","floor":30.0,"turns":5.0},{"damage":7.0,"enemies":"Snake Plant","floor":31.0,"turns":3.0},{"damage":52,"enemies":"Collector","floor":33,"turns":5}],"seed_played":"-7689251880594074126","potions_obtained":[{"floor":3.0,"key":"Swift Potion"},{"floor":13.0,"key":"Energy Potion"},{"floor":16.0,"key":"Block Potion"},{"floor":18.0,"key":"AttackPotion"},{"floor":23.0,"key":"BottledMiracle"}],"is_trial":false,"path_per_floor":["M","?","M","M","?","R","$","E","T","M","R","E","M","$","R","B",null,"M","M","?","?","T","E","R","M","T","$","?","R","M","M","R","B"],"character_chosen":"WATCHER","items_purchased":["BottledMiracle","DeceiveReality"],"campfire_rested":3,"item_purchase_floors":[7,14],"current_hp_per_floor":[65,70,56,56,56,56,56,56,56,56,56,63,63,63,63,63,80,54,53,53,53,53,2,27,19,19,19,19,44,33,26,51,0,0],"gold":114,"neow_bonus":"TEN_PERCENT_HP_BONUS","is_daily":false,"chose_seed":false,"campfire_upgraded":2,"win_rate":0.0,"timestamp":1611704544,"path_taken":["M","?","M","M","?","R","$","E","T","M","R","E","M","$","R","BOSS","M","?","?","?","?","E","R","M","T","$","?","R","M","M","R","BOSS"],"items_purchased_type":["Potion","Card"],"build_version":"2020-12-22","purchased_purges":1,"victory":false,"max_hp_per_floor":[74,79,79,79,79,79,79,79,79,79,79,86,86,86,86,86,86,86,86,86,86,86,86,86,86,86,86,86,86,86,86,86,86,86],"card_choices":[{"not_picked":["CutThroughFate","JustLucky"],"picked":"SignatureMove","floor":1.0},{"not_picked":["PathToVictory","FlyingSleeves"],"picked":"Evaluate","floor":3.0},{"not_picked":["JustLucky","Brilliance","FollowUp"],"picked":"SKIP","floor":4.0},{"not_picked":["CutThroughFate","BattleHymn"],"picked":"Adaptation","floor":8.0},{"not_picked":["InnerPeace","EmptyFist"],"picked":"CutThroughFate","floor":10.0},{"not_picked":["Fasting2","Nirvana"],"picked":"Wallop","floor":12.0},{"not_picked":["Consecrate","Nirvana","JustLucky"],"picked":"SKIP","floor":13.0},{"not_picked":["Vengeance","FearNoEvil+1"],"picked":"Consecrate","floor":18.0},{"not_picked":["CrushJoints","SashWhip"],"picked":"Consecrate","floor":19.0},{"not_picked":["PathToVictory","ThirdEye","InnerPeace"],"picked":"SKIP","floor":23.0},{"not_picked":["Crescendo","PathToVictory"],"picked":"Swivel+1","floor":25.0},{"not_picked":["Swivel","Weave"],"picked":"ClearTheMind","floor":30.0},{"not_picked":["Weave+1","Devotion","Conclude+1"],"picked":"SKIP","floor":31.0}],"player_experience":144630,"relics_obtained":[{"floor":8.0,"key":"Girya"},{"floor":9.0,"key":"Ginger"},{"floor":12.0,"key":"Strawberry"},{"floor":23.0,"key":"Tiny Chest"}],"event_choices":[{"damage_healed":0.0,"max_hp_gain":5.0,"max_hp_loss":0.0,"gold_gain":0.0,"event_name":"Big Fish","player_choice":"Donut","floor":2.0,"gold_loss":0.0,"damage_taken":0.0},{"damage_healed":0.0,"max_hp_gain":0.0,"max_hp_loss":0.0,"gold_gain":0.0,"event_name":"Upgrade Shrine","player_choice":"Upgraded","floor":5.0,"gold_loss":0.0,"damage_taken":0.0,"cards_upgraded":["SignatureMove"]},{"damage_healed":0.0,"max_hp_gain":0.0,"max_hp_loss":0.0,"gold_gain":0.0,"event_name":"Cursed Tome","player_choice":"Ignored","floor":20.0,"gold_loss":0.0,"damage_taken":0.0},{"cards_removed":["Strike_P"],"damage_healed":0.0,"max_hp_gain":0.0,"max_hp_loss":0.0,"gold_gain":0.0,"event_name":"Beggar","player_choice":"Gave Gold","floor":21.0,"gold_loss":75.0,"damage_taken":0.0},{"cards_removed":["Strike_P"],"damage_healed":0.0,"max_hp_gain":0.0,"max_hp_loss":0.0,"gold_gain":0.0,"event_name":"Back to Basics","player_choice":"Elegance","floor":28.0,"gold_loss":0.0,"damage_taken":0.0}],"is_beta":false,"boss_relics":[{"not_picked":["VioletLotus","Tiny House"],"picked":"Cursed Key"}],"items_purged_floors":[7],"is_endless":false,"potions_floor_spawned":[3,13,16,18,23],"killed_by":"Collector","ascension_level":20,"is_humility":true}}