{"host":"qekv59dthhdg54sz","time":1611658436,"event":{"mods":["AchievementEnabler","BaseMod","Colored Map","DeckTracker","KOR Keyword Fix","Minty Spire (QoL Compilation)","Rare Cards Sparkle","StSLib","SuperFastMode"],"gold_per_floor":[118,134,209,65,79,114,126,126,126,126,126,126,196,85,85,180,180,194,210,260,28,41,41,41],"floor_reached":23,"language":"KOR","playtime":633,"items_purged":["Writhe","Strike_R"],"score":306,"play_id":"2f9dfc06-6c57-45b3-b0cb-3b63712d06b4","local_time":"20210126195356","is_ascension_mode":true,"campfire_choices":[{"data":"1","floor":8.0,"key":"LIFT"},{"data":"2","floor":10.0,"key":"LIFT"},{"data":"3","floor":12.0,"key":"LIFT"},{"data":"Limit Break","floor":15.0,"key":"SMITH"}],"circlet_count":0,"master_deck":["AscendersBane","Strike_R","Strike_R","Strike_R","Strike_R","Defend_R","Defend_R","Defend_R","Defend_R","Bash","Limit Break+1","Pommel Strike","Battle Trance","Second Wind","Carnage","Ghostly Armor","Inflame","Spot Weakness","Feed","True Grit","Feel No Pain","Twin Strike"],"relics":["Burning Blood","Girya","Bird Faced Urn","SsserpentHead","Mark of Pain"],"acts_visited":["Exordium","TheCity"],"potions_floor_usage":[23],"damage_taken":[{"damage":28.0,"enemies":"Cultist","floor":1.0,"turns":6.0},{"damage":1.0,"enemies":"2 Louse","floor":2.0,"turns":4.0},{"damage":14.0,"enemies":"Jaw Worm","floor":5.0,"turns":5.0},{"damage":20.0,"enemies":"3 Sentries","floor":6.0,"turns":8.0},{"damage":9.0,"enemies":"2 Fungi Beasts","floor":7.0,"turns":4.0},{"damage":5.0,"enemies":"3 Louse","floor":13.0,"turns":4.0},{"damage":16.0,"enemies":"The Guardian","floor":16.0,"turns":8.0},{"damage":32.0,"enemies":"2 Thieves","floor":18.0,"turns":4.0},{"damage":25.0,"enemies":"3 Byrds","floor":19.0,"turns":6.0},{"damage":18.0,"enemies":"Centurion and Healer","floor":22.0,"turns":4.0},{"damage":18,"enemies":"Gremlin Leader","floor":23,"turns":3}],"seed_played":"4070392369962049579","potions_obtained":[{"floor":5.0,"key":"LiquidMemories"},{"floor":6.0,"key":"PowerPotion"},{"floor":7.0,"key":"Block Potion"},{"floor":16.0,"key":"GamblersBrew"},{"floor":18.0,"key":"Swift Potion"},{"floor":19.0,"key":"SteroidPotion"},{"floor":20.0,"key":"Energy Potion"}],"is_trial":false,"path_per_floor":["M","M","?","$","M","E","M","R","T","R","?","R","M","$","R","B",null,"M","M","?","$","M","E"],"character_chosen":"IRONCLAD","items_purchased":["Second Wind","Inflame","Spot Weakness","Feel No Pain","Twin Strike"],"campfire_rested":0,"item_purchase_floors":[4,14,14,21,21],"current_hp_per_floor":[50,55,44,44,36,22,19,19,19,19,19,19,20,20,20,14,64,43,29,29,29,24,8,8],"gold":41,"neow_bonus":"THREE_RARE_CARDS","is_daily":false,"chose_seed":false,"campfire_upgraded":1,"win_rate":0.0,"timestamp":1611658436,"path_taken":["M","M","?","$","M","E","M","R","T","R","?","R","?","$","R","BOSS","M","M","?","$","M","E"],"items_purchased_type":["Card","Card","Card","Card","Card"],"build_version":"2020-12-22","purchased_purges":2,"victory":false,"max_hp_per_floor":[80,80,80,80,80,80,80,80,80,80,80,80,80,80,80,80,80,83,86,86,86,89,89,89],"card_choices":[{"not_picked":["Brutality","Impervious"],"picked":"Limit Break","floor":0.0},{"not_picked":["Rupture","Iron Wave"],"picked":"Pommel Strike","floor":1.0},{"not_picked":["Heavy Blade","Twin Strike"],"picked":"Battle Trance","floor":2.0},{"not_picked":["Entrench","Warcry"],"picked":"Carnage","floor":5.0},{"not_picked":["Sword Boomerang","Anger","Clash"],"picked":"SKIP","floor":6.0},{"not_picked":["Perfected Strike","Entrench"],"picked":"Ghostly Armor","floor":7.0},{"not_picked":["Sword Boomerang","Sentinel","Clash"],"picked":"SKIP","floor":13.0},{"not_picked":["Brutality","Corruption"],"picked":"Feed","floor":16.0},{"not_picked":["Sentinel","Rage","Thunderclap"],"picked":"SKIP","floor":18.0},{"not_picked":["Anger","Intimidate"],"picked":"True Grit","floor":19.0},{"not_picked":["Fire Breathing","Anger","Armaments"],"picked":"SKIP","floor":22.0}],"player_experience":848510,"relics_obtained":[{"floor":6.0,"key":"Girya"},{"floor":9.0,"key":"Bird Faced Urn"}],"event_choices":[{"damage_healed":0.0,"max_hp_gain":0.0,"max_hp_loss":0.0,"gold_gain":75.0,"event_name":"World of Goop","player_choice":"Gather Gold","floor":3.0,"gold_loss":0.0,"damage_taken":11.0},{"damage_healed":0.0,"max_hp_gain":0.0,"max_hp_loss":0.0,"gold_gain":0.0,"event_name":"FaceTrader","player_choice":"Trade","floor":11.0,"gold_loss":0.0,"damage_taken":0.0,"relics_obtained":["SsserpentHead"]},{"damage_healed":0.0,"max_hp_gain":0.0,"max_hp_loss":0.0,"gold_gain":0.0,"event_name":"Lab","player_choice":"Got Potions","floor":20.0,"gold_loss":0.0,"damage_taken":0.0}],"is_beta":false,"boss_relics":[{"not_picked":["Velvet Choker","Tiny House"],"picked":"Mark of Pain"}],"items_purged_floors":[4,21],"is_endless":false,"potions_floor_spawned":[5,6,7,16,18,19],"killed_by":"Gremlin Leader","ascension_level":12}}