{"host":"o47f52ks9l6zljgg","time":1611653422,"event":{"mods":["100% Spire Juice","Arknights The Spire","BaseMod","Colored Map","Dota2Spire","Friendly Minions","Grow up Mod","Kiyohime£®«Âºß£©","Marisa£®ÏF”Í°°ƒß¿Ì…≥£©","Minty Spire (QoL Compilation)","Relic Stats","StSLib","The Marked","The Servant 0.9.4","Yakumo Yukari mod","Youmu£®ªÍ∆«—˝√Œ£©","Yuyuko"],"gold_per_floor":[116,116,129,139,155,155,155],"floor_reached":6,"language":"ZHS","playtime":251,"items_purged":[],"score":88,"play_id":"d3c12039-ff4c-410d-967a-7cb297add74a","local_time":"20210126183022","is_ascension_mode":false,"campfire_choices":[],"circlet_count":0,"master_deck":["theMarked:Strike","theMarked:Strike","theMarked:Strike","theMarked:Strike","theMarked:Strike","theMarked:Defend","theMarked:Defend","theMarked:Defend","theMarked:Defend","theMarked:SoldierOfQuellstein","theMarked:Overcharge","theMarked:Reabsorb","theMarked:EnhanceMovement","theMarked:Heritage"],"relics":["theMarked:ArtifactOfAir","NeowsBlessing"],"acts_visited":["Exordium"],"potions_floor_usage":[],"damage_taken":[{"damage":0,"enemies":"2 Louse","floor":1,"turns":1},{"damage":0,"enemies":"Cultist","floor":3,"turns":1},{"damage":0,"enemies":"Small Slimes","floor":4,"turns":1},{"damage":17,"enemies":"Exordium Thugs","floor":5,"turns":5},{"damage":18,"enemies":"3 Sentries","floor":6,"turns":4}],"seed_played":"-1532467151840424920","potions_obtained":[{"floor":1,"key":"GamblersBrew"},{"floor":3,"key":"Explosive Potion"},{"floor":5,"key":"PowerPotion"}],"is_trial":false,"path_per_floor":["M","?","M","M","M","E"],"character_chosen":"THE_DEFAULT","items_purchased":[],"campfire_rested":0,"item_purchase_floors":[],"current_hp_per_floor":[90,100,110,120,113,95,95],"gold":155,"neow_bonus":"THREE_ENEMY_KILL","is_daily":false,"chose_seed":false,"campfire_upgraded":0,"win_rate":0.0,"timestamp":1611653422,"path_taken":["M","?","M","M","?","E"],"items_purchased_type":[],"build_version":"2020-12-22","purchased_purges":0,"victory":false,"max_hp_per_floor":[90,100,110,120,130,130,130],"relic_stats":{"counters":[5,12],"obtain_stats":[{"theMarked:ArtifactOfAir":0,"NeowsBlessing":0},{"theMarked:ArtifactOfAir":0,"NeowsBlessing":0},{"theMarked:ArtifactOfAir":0,"NeowsBlessing":0}]},"card_choices":[{"not_picked":["theMarked:WastefulAttack","theMarked:RepellingDischarge"],"picked":"theMarked:Overcharge","floor":1},{"not_picked":["theMarked:Pokerface","theMarked:Memento"],"picked":"theMarked:Reabsorb","floor":3},{"not_picked":["theMarked:TakeCover","theMarked:HeightenedSenses"],"picked":"theMarked:EnhanceMovement","floor":4},{"not_picked":["theMarked:Indomitable","theMarked:EnhanceMovement"],"picked":"theMarked:Heritage","floor":5}],"player_experience":573579,"relics_obtained":[],"event_choices":[{"damage_healed":0,"gold_gain":0,"player_choice":"Ignored","damage_taken":0,"max_hp_gain":0,"max_hp_loss":0,"event_name":"NoteForYourself","floor":2,"gold_loss":0}],"is_beta":false,"boss_relics":[],"items_purged_floors":[],"is_endless":false,"potions_floor_spawned":[1,3,5],"killed_by":"3 Sentries","ascension_level":0}}