{"host":"hfxahm4y1ssattqc","time":1611631387,"event":{"mods":["2.2 Compatiblity","Act Like it!","Aspiration","BaseMod","Beaked The Cultist","Better Third Choice","BetterRewards","Colored Map","Colored Powertips","Custom Start","Googly Eyes","Halation","Hallownest","Hermit","Highlight Path","Hubris","Mimic Mod","Minty Spire (QoL Compilation)","Reorder Act Four","Shop Mod","Spikes Relics","StSLib","The Bug Knight","The IronCluck","The Jungle","Unknown Chances","slay the spire mod where everything is the same but ironclad has a cowboy hat"],"gold_per_floor":[110,73,86,86,86,116,116,129,129,148,168,168,181,200,200,200,200],"floor_reached":16,"language":"ENG","playtime":524,"items_purged":[],"score":104,"play_id":"0a28d248-b90e-444a-bcaa-8962ce410859","local_time":"20210125192307","is_ascension_mode":false,"campfire_choices":[{"floor":7,"key":"REST"},{"data":"hermit:Brawl","floor":15,"key":"SMITH"}],"circlet_count":0,"master_deck":["hermit:Strike_Hermit","hermit:Strike_Hermit","hermit:Strike_Hermit","hermit:Strike_Hermit","hermit:Defend_Hermit","hermit:Defend_Hermit","hermit:Defend_Hermit","hermit:Snapshot","hermit:Covet","hermit:Snipe+1","hermit:Malice","hermit:Shortfuse","hermit:ShadowCloak","hermit:Brawl+1","hermit:SprayPray"],"relics":["hermit:Momento","aspiration:Nostalgia","Burning Blood","aspiration:Lifesprig"],"acts_visited":["Exordium"],"potions_floor_usage":[16,16],"damage_taken":[{"damage":7,"enemies":"Small Slimes","floor":1,"turns":4},{"damage":6,"enemies":"Jaw Worm","floor":3,"turns":3},{"damage":58,"enemies":"Lagavulin","floor":6,"turns":8},{"damage":6,"enemies":"Cultist","floor":8,"turns":3},{"damage":5,"enemies":"3 Louse","floor":10,"turns":4},{"damage":7,"enemies":"Blue Slaver","floor":11,"turns":3},{"damage":10,"enemies":"Looter","floor":13,"turns":2},{"damage":10,"enemies":"3 Louse","floor":14,"turns":4},{"damage":69,"enemies":"The Guardian","floor":16,"turns":10}],"seed_played":"7251120512830364044","potions_obtained":[{"floor":6,"key":"SteroidPotion"},{"floor":8,"key":"Fire Potion"},{"floor":10,"key":"hermit:BlackBile"}],"is_trial":false,"path_per_floor":["M","$","M","?","?","E","R","M","T","M","M","?","M","M","R","B"],"character_chosen":"HERMIT","items_purchased":["hermit:Malice"],"campfire_rested":1,"item_purchase_floors":[2],"current_hp_per_floor":[74,74,74,74,74,22,44,44,44,45,44,69,65,61,61,0,0],"gold":200,"neow_bonus":"NOSTALGIA","is_daily":false,"chose_seed":false,"campfire_upgraded":1,"win_rate":0.0,"timestamp":1611631387,"path_taken":["M","$","M","?","?","E","R","M","T","?","M","?","M","M","R","BOSS"],"items_purchased_type":["Card"],"build_version":"2020-12-22","purchased_purges":0,"victory":false,"max_hp_per_floor":[75,75,75,75,75,75,75,75,75,75,75,75,75,75,75,75,75],"card_choices":[{"not_picked":["hermit:Coalescence","hermit:TrackingShot"],"picked":"hermit:Snipe","floor":1},{"not_picked":["hermit:CalledShot","hermit:Misfire","hermit:Manifest"],"picked":"SKIP","floor":3},{"not_picked":["hermit:Determination","hermit:CalledShot"],"picked":"hermit:Shortfuse","floor":6},{"not_picked":["hermit:HoleUp","hermit:BigShot"],"picked":"hermit:ShadowCloak","floor":8},{"not_picked":["hermit:Malice","hermit:Manifest","hermit:WideOpen"],"picked":"SKIP","floor":10},{"not_picked":["hermit:Feint","hermit:EyeOfTheStorm"],"picked":"hermit:Brawl","floor":11},{"not_picked":["hermit:Manifest","hermit:Snipe"],"picked":"hermit:SprayPray","floor":13},{"not_picked":["hermit:Feint","hermit:TakeCover","hermit:Roulette"],"picked":"SKIP","floor":14}],"player_experience":912207,"relics_obtained":[{"floor":6,"key":"aspiration:Lifesprig"}],"event_choices":[{"cards_removed":["hermit:Defend_Hermit"],"damage_healed":0,"gold_gain":0,"player_choice":"Purged","damage_taken":0,"max_hp_gain":0,"max_hp_loss":0,"event_name":"Purifier","floor":5,"gold_loss":0},{"damage_healed":25,"gold_gain":0,"player_choice":"Banana","damage_taken":0,"max_hp_gain":0,"max_hp_loss":0,"event_name":"Big Fish","floor":12,"gold_loss":0}],"is_beta":false,"boss_relics":[],"items_purged_floors":[],"is_endless":false,"potions_floor_spawned":[6,8,10],"killed_by":"The Guardian","ascension_level":0}}