{"host":"og6lam4kt3nibbw0","time":1611678386,"event":{"mods":["AchievementEnabler","BaseMod","Colored Map","DeckTracker","Highlight Path","Keyboard Shortcuts","Minty Spire (QoL Compilation)","Permanent Neow","Quick Restart","StSLib","SuperFastMode"],"gold_per_floor":[111,111,128,53,128,128,161,109,134,157,122,122,122,169,169,274,274,297,297,197,197],"floor_reached":20,"language":"KOR","playtime":616,"items_purged":["Strike_R"],"score":356,"play_id":"ac401410-e8c2-41be-a20d-01d1b497779d","local_time":"20210127012626","is_ascension_mode":true,"campfire_choices":[{"data":"Warcry","floor":6.0,"key":"SMITH"},{"data":"Shockwave","floor":12.0,"key":"SMITH"},{"floor":15.0,"key":"REST"}],"circlet_count":0,"master_deck":["AscendersBane","Strike_R","Strike_R","Strike_R","Defend_R","Defend_R","Defend_R","Defend_R","Bash","Hemokinesis+1","Cleave","Warcry+1","Armaments","Shockwave+1","Spot Weakness","Impervious","Heavy Blade+1"],"relics":["Burning Blood","Matryoshka","MealTicket","CeramicFish","Golden Idol","Bottled Flame","Black Star"],"acts_visited":["Exordium","TheCity"],"potions_floor_usage":[16],"damage_taken":[{"damage":14.0,"enemies":"Jaw Worm","floor":1.0,"turns":3.0},{"damage":2.0,"enemies":"Cultist","floor":3.0,"turns":2.0},{"damage":34.0,"enemies":"3 Sentries","floor":7.0,"turns":6.0},{"damage":4.0,"enemies":"2 Louse","floor":10.0,"turns":2.0},{"damage":29.0,"enemies":"Lagavulin","floor":14.0,"turns":6.0},{"damage":45,"enemies":"Hexaghost","floor":16,"turns":9},{"damage":49,"enemies":"Shell Parasite","floor":18,"turns":7},{"damage":19,"enemies":"2 Thieves","floor":20,"turns":3}],"seed_played":"-4228485473830124579","potions_obtained":[{"floor":1.0,"key":"Explosive Potion"},{"floor":10.0,"key":"SkillPotion"},{"floor":14.0,"key":"Fruit Juice"}],"is_trial":false,"path_per_floor":["M","?","M","$","?","R","E","$","T","M","?","R","?","E","R","B",null,"M","?","M"],"character_chosen":"IRONCLAD","items_purchased":["Armaments"],"campfire_rested":1,"item_purchase_floors":[8],"current_hp_per_floor":[60,60,64,64,53,53,25,25,25,27,45,45,45,27,48,9,57,14,14,0,0],"gold":197,"neow_bonus":"TRANSFORM_CARD","is_daily":false,"chose_seed":false,"campfire_upgraded":2,"win_rate":0.0,"timestamp":1611678386,"path_taken":["M","?","?","$","?","R","E","$","T","M","?","R","?","E","R","BOSS","M","?","?"],"items_purchased_type":["Card"],"build_version":"2020-12-22","purchased_purges":1,"victory":false,"max_hp_per_floor":[75,75,75,75,75,75,75,75,75,75,75,75,68,73,73,73,73,73,73,73,73],"card_choices":[{"not_picked":["Combust","True Grit"],"picked":"Cleave","floor":1.0},{"not_picked":["Iron Wave","Thunderclap"],"picked":"Warcry","floor":3.0},{"not_picked":["Twin Strike","Wild Strike","Seeing Red"],"picked":"SKIP","floor":7.0},{"not_picked":["Warcry","Havoc"],"picked":"Shockwave","floor":10.0},{"not_picked":["Sword Boomerang","Shrug It Off"],"picked":"Spot Weakness","floor":14.0},{"not_picked":["Berserk","Offering"],"picked":"Impervious","floor":16},{"not_picked":["Warcry","True Grit"],"picked":"Heavy Blade","floor":18}],"player_experience":957457,"relics_obtained":[{"floor":7.0,"key":"Matryoshka"},{"floor":9.0,"key":"MealTicket"},{"floor":9.0,"key":"CeramicFish"},{"floor":14.0,"key":"Bottled Flame"}],"event_choices":[{"damage_healed":0.0,"max_hp_gain":0.0,"max_hp_loss":0.0,"gold_gain":0.0,"event_name":"Accursed Blacksmith","player_choice":"Forge","floor":2.0,"gold_loss":0.0,"damage_taken":0.0,"cards_upgraded":["Hemokinesis"]},{"damage_healed":0.0,"max_hp_gain":0.0,"max_hp_loss":0.0,"gold_gain":75.0,"event_name":"World of Goop","player_choice":"Gather Gold","floor":5.0,"gold_loss":0.0,"damage_taken":11.0},{"damage_healed":18.0,"max_hp_gain":0.0,"max_hp_loss":0.0,"gold_gain":0.0,"event_name":"The Cleric","player_choice":"Healed","floor":11.0,"gold_loss":35.0,"damage_taken":0.0},{"damage_healed":0.0,"max_hp_gain":0.0,"max_hp_loss":7.0,"gold_gain":0.0,"event_name":"Golden Idol","player_choice":"Lose Max HP","floor":13.0,"gold_loss":0.0,"damage_taken":0.0,"relics_obtained":["Golden Idol"]},{"damage_healed":0,"gold_gain":0,"player_choice":"Upgraded","damage_taken":0,"max_hp_gain":0,"max_hp_loss":0,"event_name":"Upgrade Shrine","floor":19,"gold_loss":0,"cards_upgraded":["Heavy Blade"]}],"is_beta":false,"boss_relics":[{"not_picked":["Snecko Eye","Velvet Choker"],"picked":"Black Star"}],"items_purged_floors":[4],"is_endless":false,"potions_floor_spawned":[1,10,14],"killed_by":"2 Thieves","ascension_level":20}}