{"host":"q3s8ewiy6v9taln3","time":1611626054,"event":{"mods":["BaseMod","Minty Spire (QoL Compilation)"],"gold_per_floor":[113,113,132,142,142,142,174,191,191,219,233,233,233,233,233,333,333,350,350,275,288,288,288,288,288],"floor_reached":24,"language":"ENG","playtime":1089,"items_purged":["Parasite"],"score":262,"play_id":"b41ce19a-649e-4d29-9568-d66976dfeb4e","local_time":"20210125205414","is_ascension_mode":true,"campfire_choices":[{"data":"Bloodletting","floor":6,"key":"SMITH"},{"data":"Rampage","floor":12,"key":"SMITH"},{"data":"Shrug It Off","floor":15,"key":"SMITH"},{"data":"Bash","floor":23,"key":"SMITH"}],"circlet_count":0,"master_deck":["Defend_R","Defend_R","Defend_R","Defend_R","Bash+1","Bloodletting+1","Cleave","Shrug It Off+1","Rampage+1","Brutality","Shrug It Off+1","Bite","Bite","Bite","Bite","Bite"],"relics":["Burning Blood","NeowsBlessing","Letter Opener","Nunchaku","Kunai","Anchor","Busted Crown","Nilry\u0027s Codex"],"acts_visited":["Exordium","TheCity"],"potions_floor_usage":[7,10,11,13,16],"damage_taken":[{"damage":0,"enemies":"2 Louse","floor":1,"turns":1},{"damage":0,"enemies":"Cultist","floor":3,"turns":1},{"damage":0,"enemies":"Jaw Worm","floor":4,"turns":1},{"damage":44,"enemies":"Gremlin Nob","floor":7,"turns":5},{"damage":6,"enemies":"Blue Slaver","floor":8,"turns":4},{"damage":24,"enemies":"3 Sentries","floor":10,"turns":6},{"damage":6,"enemies":"Large Slime","floor":11,"turns":5},{"damage":0,"enemies":"2 Fungi Beasts","floor":13,"turns":1},{"damage":32,"enemies":"The Guardian","floor":16,"turns":15},{"damage":17,"enemies":"3 Byrds","floor":18,"turns":6},{"damage":19,"enemies":"Spheric Guardian","floor":21,"turns":4},{"damage":50,"enemies":"Gremlin Leader","floor":24,"turns":7}],"seed_played":"-906046835708893552","potions_obtained":[{"floor":2,"key":"SmokeBomb"},{"floor":2,"key":"BloodPotion"},{"floor":2,"key":"SneckoOil"},{"floor":7,"key":"BlessingOfTheForge"},{"floor":10,"key":"ColorlessPotion"},{"floor":11,"key":"DistilledChaos"},{"floor":16,"key":"ElixirPotion"}],"is_trial":false,"path_per_floor":["M","?","M","M","?","R","E","M","T","E","M","R","M","?","R","B",null,"M","?","$","M","?","R","E"],"character_chosen":"IRONCLAD","items_purchased":[],"campfire_rested":0,"item_purchase_floors":[],"current_hp_per_floor":[80,80,80,80,73,73,51,51,51,33,33,33,39,59,59,33,80,69,56,53,48,32,32,0,0],"gold":288,"neow_bonus":"THREE_ENEMY_KILL","is_daily":false,"chose_seed":false,"campfire_upgraded":4,"win_rate":0.0,"timestamp":1611626054,"path_taken":["M","?","M","?","?","R","E","M","T","E","M","R","M","?","R","BOSS","M","?","$","M","?","R","E"],"items_purchased_type":[],"build_version":"2020-12-22","purchased_purges":1,"victory":false,"max_hp_per_floor":[80,80,80,80,80,80,80,80,80,80,80,80,80,80,80,80,80,80,56,53,53,53,53,53,53],"card_choices":[{"not_picked":["Pommel Strike","Clash"],"picked":"Bloodletting","floor":1},{"not_picked":["Carnage","True Grit","Iron Wave"],"picked":"SKIP","floor":3},{"not_picked":["Flex","Perfected Strike"],"picked":"Cleave","floor":4},{"not_picked":["Exhume","Hemokinesis"],"picked":"Shrug It Off","floor":7},{"not_picked":["Hemokinesis","Sword Boomerang"],"picked":"Rampage","floor":8},{"not_picked":["Clothesline","Power Through","Cleave"],"picked":"SKIP","floor":10},{"not_picked":["Armaments","Thunderclap","Cleave"],"picked":"SKIP","floor":11},{"not_picked":["Exhume","Immolate"],"picked":"Brutality","floor":16},{"not_picked":[],"picked":"Shrug It Off+1","floor":18},{"not_picked":["Wild Strike+1"],"picked":"SKIP","floor":21}],"player_experience":124913,"relics_obtained":[{"floor":7,"key":"Nunchaku"},{"floor":9,"key":"Kunai"},{"floor":10,"key":"Anchor"},{"floor":22,"key":"Nilry\u0027s Codex"}],"event_choices":[{"damage_healed":0,"gold_gain":0,"player_choice":"Got Potions","damage_taken":0,"max_hp_gain":0,"max_hp_loss":0,"event_name":"Lab","floor":2,"gold_loss":0},{"damage_healed":0,"gold_gain":0,"player_choice":"Success","damage_taken":7,"relics_obtained":["Letter Opener"],"max_hp_gain":0,"max_hp_loss":0,"event_name":"Scrap Ooze","floor":5,"gold_loss":0},{"damage_healed":20,"gold_gain":0,"player_choice":"Healed and dodged fight","damage_taken":0,"max_hp_gain":0,"max_hp_loss":0,"event_name":"Mushrooms","floor":14,"gold_loss":0,"cards_obtained":["Parasite"]},{"damage_healed":0,"gold_gain":0,"player_choice":"Became a vampire","damage_taken":0,"max_hp_gain":0,"max_hp_loss":24,"event_name":"Vampires","floor":19,"gold_loss":0,"cards_obtained":["Bite","Bite","Bite","Bite","Bite"]},{"damage_healed":0,"gold_gain":0,"player_choice":"Obtained Book","damage_taken":16,"max_hp_gain":0,"max_hp_loss":0,"event_name":"Cursed Tome","floor":22,"gold_loss":0}],"is_beta":false,"boss_relics":[{"not_picked":["Runic Pyramid","Cursed Key"],"picked":"Busted Crown"}],"items_purged_floors":[20],"is_endless":false,"potions_floor_spawned":[7,10,11,13,16],"killed_by":"Gremlin Leader","ascension_level":3}}