{"host":"jh7kh5nqtgzr3auj","time":1611621633,"event":{"mods":["AchievementEnabler","Act Like it!","BaseMod","CapriCore","Highlight Path","Minty Spire (QoL Compilation)","Quick Restart","StSLib","TestMod","The Bug Knight"],"gold_per_floor":[111,64,139,154,154,154,187,197,197,224,299,327,339,359,359,458,458,470,470,520,537,551,581,581,615,615,625,625,408,436,0,0,105,105,117,167,177,193,113,113,0,32,81,41,58,58,78,103,103,103,103,103,3,31,31],"floor_reached":56,"language":"ZHS","playtime":3376,"items_purged":["HollowMod:QuickDashStart","HollowMod:NewJinnsSoul+1","HollowMod:CoiledNail"],"score":1762,"play_id":"ab0c63ea-f99e-4559-a3c7-1d348beda32d","local_time":"20210126084033","is_ascension_mode":true,"campfire_choices":[{"data":"HollowMod:MantisMark","floor":6.0,"key":"SMITH"},{"data":"HollowMod:HornetsHelp","floor":15.0,"key":"SMITH"},{"data":"HollowMod:FocusHealStart","floor":24.0,"key":"SMITH"},{"data":"HollowMod:CloakDash","floor":28.0,"key":"SMITH"},{"data":"HollowMod:BlackTendrils","floor":32.0,"key":"SMITH"},{"data":"HollowMod:VengefulVoid","floor":40.0,"key":"SMITH"},{"data":"HollowMod:HeavyBlow","floor":46.0,"key":"SMITH"},{"floor":49.0,"key":"RECALL"},{"data":"HollowMod:QuickDashStart","floor":52.0,"key":"SMITH"}],"circlet_count":0,"master_deck":["HollowMod:NailStrikeStart+1","HollowMod:NailStrikeStart","HollowMod:NailStrikeStart","HollowMod:NailStrikeStart+1","HollowMod:QuickDashStart+1","HollowMod:QuickDashStart+1","HollowMod:QuickDashStart+1","HollowMod:FocusHealStart+1","HollowMod:PogoStrike","HollowMod:MantisMark+1","HollowMod:HeavyBlow+1","HollowMod:CloakDash+1","HollowMod:CycloneSlash","HollowMod:MantisMark+1","HollowMod:HornetsHelp+1","HollowMod:CloakDash+1","HollowMod:SlysStrikes+1","HollowMod:MonarchWings+1","HollowMod:RecoilStrike+1","HollowMod:CloakDash+1","HollowMod:PerfectDash+1","HollowMod:BlackTendrils+1","HollowMod:SoulMaster+1","HollowMod:ShadowDash+1","HollowMod:Hiveblood+1","CurseOfTheBell","HollowMod:DescendingDark+1","HollowMod:PerfectDash+1","HollowMod:VengefulVoid+1","HollowMod:WraithStrike+1","HollowMod:BlackTendrils+1","HollowMod:SoulMaster+1"],"relics":["HollowMod:VoidIdolRelic","testmod-TestBox","NeowsBlessing","The Courier","PreservedInsect","Toxic Egg 2","Letter Opener","Frozen Egg 2","Pantograph","Ornamental Fan","Kunai","Potion Belt","HollowMod:LifeEnderRelic","Calling Bell","Ancient Tea Set","HornCleat","testmod-CrystalShield","Incense Burner","Red Mask","Whetstone","testmod-Fortitude","testmod-RainbowHikingShoes"],"acts_visited":["Exordium","TheCity","TheBeyond","TheEnding"],"potions_floor_usage":[55],"damage_taken":[{"damage":0.0,"enemies":"Cultist","floor":1.0,"turns":1.0},{"damage":0.0,"enemies":"Small Slimes","floor":4.0,"turns":1.0},{"damage":0.0,"enemies":"Lagavulin","floor":7.0,"turns":1.0},{"damage":0.0,"enemies":"2 Louse","floor":8.0,"turns":4.0},{"damage":12.0,"enemies":"Gremlin Nob","floor":10.0,"turns":3.0},{"damage":7.0,"enemies":"Lagavulin","floor":12.0,"turns":5.0},{"damage":0.0,"enemies":"Lots of Slimes","floor":13.0,"turns":2.0},{"damage":3.0,"enemies":"Exordium Thugs","floor":14.0,"turns":3.0},{"damage":14.0,"enemies":"Slime Boss","floor":16.0,"turns":7.0},{"damage":0.0,"enemies":"Shell Parasite","floor":18.0,"turns":4.0},{"damage":17.0,"enemies":"2 Thieves","floor":21.0,"turns":3.0},{"damage":10.0,"enemies":"Snake Plant","floor":22.0,"turns":4.0},{"damage":0.0,"enemies":"Slavers","floor":23.0,"turns":3.0},{"damage":0.0,"enemies":"Book of Stabbing","floor":25.0,"turns":5.0},{"damage":12.0,"enemies":"Shelled Parasite and Fungi","floor":27.0,"turns":6.0},{"damage":22.0,"enemies":"Slavers","floor":30.0,"turns":4.0},{"damage":56.0,"enemies":"HollowMod:NKGrimm","floor":33.0,"turns":10.0},{"damage":20.0,"enemies":"3 Shapes","floor":35.0,"turns":4.0},{"damage":0.0,"enemies":"Mind Bloom Boss Battle","floor":36.0,"turns":9.0},{"damage":0.0,"enemies":"Orb Walker","floor":37.0,"turns":4.0},{"damage":26.0,"enemies":"4 Shapes","floor":38.0,"turns":4.0},{"damage":14.0,"enemies":"Giant Head","floor":42.0,"turns":8.0},{"damage":0.0,"enemies":"Spire Growth","floor":45.0,"turns":7.0},{"damage":1.0,"enemies":"Transient","floor":47.0,"turns":5.0},{"damage":0.0,"enemies":"Nemesis","floor":48.0,"turns":8.0},{"damage":2.0,"enemies":"Awakened One","floor":50.0,"turns":14.0},{"damage":9.0,"enemies":"Shield and Spear","floor":54.0,"turns":5.0},{"damage":163,"enemies":"The Heart","floor":55,"turns":10}],"seed_played":"4203333086467586114","potions_obtained":[{"floor":1.0,"key":"testmod-TestPotion"},{"floor":8.0,"key":"ColorlessPotion"},{"floor":10.0,"key":"Strength Potion"},{"floor":23.0,"key":"Dexterity Potion"},{"floor":38.0,"key":"Energy Potion"},{"floor":42.0,"key":"Weak Potion"},{"floor":47.0,"key":"Weak Potion"},{"floor":48.0,"key":"Explosive Potion"}],"is_trial":false,"path_per_floor":["M","$","T","M","?","R","E","M","T","E","?","E","M","M","R","B",null,"M","?","?","M","M","E","R","E","T","M","R","$","E","?","R","B",null,"M","?","M","M","$","R","?","E","T","?","M","R","M","E","R","B",null,"R","$","E","B",null],"character_chosen":"THE_BUGKNIGHT","items_purchased":["HollowMod:HeavyBlow","HollowMod:BlackTendrils","HollowMod:SoulMaster+1"],"campfire_rested":0,"item_purchase_floors":[2,29,29],"current_hp_per_floor":[68,68,68,68,68,68,68,74,74,68,61,54,54,51,51,37,66,66,66,66,49,39,39,39,49,49,49,49,49,35,35,35,46,68,69,75,75,67,67,67,67,75,75,75,75,75,75,75,75,75,75,75,75,71,32],"gold":31,"neow_bonus":"THREE_ENEMY_KILL","is_daily":false,"chose_seed":false,"campfire_upgraded":8,"win_rate":0.0,"timestamp":1611621633,"path_taken":["M","?","?","M","?","R","E","M","T","E","?","E","?","M","R","BOSS","M","?","?","?","M","E","R","E","T","M","R","$","E","?","R","BOSS","M","?","M","M","$","R","?","E","T","?","?","R","M","E","R","BOSS","R","$","E","BOSS"],"items_purchased_type":["Card","Card","Card"],"build_version":"2020-12-22","purchased_purges":3,"victory":true,"max_hp_per_floor":[75,75,75,75,75,75,75,75,75,75,75,75,75,75,75,75,75,75,75,75,75,75,75,75,75,75,75,75,75,75,75,75,75,75,75,75,75,75,75,75,75,75,75,75,75,75,75,75,75,75,75,75,75,75,75],"card_choices":[{"not_picked":["HollowMod:BrokenVessel","HollowMod:TaintedHusks"],"picked":"HollowMod:MantisMark","floor":1.0},{"not_picked":["HollowMod:InfectedAttack","HollowMod:CrystalDash"],"picked":"HollowMod:CloakDash","floor":4.0},{"not_picked":["HollowMod:InfectedAttack","HollowMod:DoubleDash"],"picked":"HollowMod:CoiledNail","floor":7.0},{"not_picked":["HollowMod:VengefulVoid","HollowMod:ShadowDash"],"picked":"HollowMod:CycloneSlash","floor":8.0},{"not_picked":["HollowMod:SiblingsSouls+1","HollowMod:MothsMistake"],"picked":"HollowMod:MantisMark+1","floor":10.0},{"not_picked":["HollowMod:TaintedHusks+1","HollowMod:InfectedAttack","HollowMod:InfectedCysts"],"picked":"SKIP","floor":12.0},{"not_picked":["HollowMod:InfectedCysts","HollowMod:QuirrelsAssistance","HollowMod:HornetsHelp"],"picked":"SKIP","floor":13.0},{"not_picked":["HollowMod:InfectedCysts","HollowMod:QuirrelsAssistance"],"picked":"HollowMod:HornetsHelp","floor":13.0},{"not_picked":["HollowMod:SoulSplash+1","HollowMod:WraithStrike"],"picked":"HollowMod:CloakDash+1","floor":14.0},{"not_picked":["HollowMod:NewInfectedGuardian+1","HollowMod:PaleKingsBlessing+1"],"picked":"HollowMod:SlysStrikes+1","floor":16.0},{"not_picked":["HollowMod:SoulVessel+1","HollowMod:SoulSplash+1"],"picked":"HollowMod:NewJinnsSoul+1","floor":18.0},{"not_picked":["HollowMod:BrokenVessel+1","HollowMod:SoulVessel+1"],"picked":"HollowMod:MonarchWings+1","floor":21.0},{"not_picked":["HollowMod:WraithStrike","HollowMod:GreatSlash","HollowMod:ChannelNail+1"],"picked":"SKIP","floor":22.0},{"not_picked":["HollowMod:GoodIntentions+1","HollowMod:AbyssShriek"],"picked":"HollowMod:RecoilStrike+1","floor":23.0},{"not_picked":["HollowMod:MonarchWings+1","HollowMod:ChannelNail+1"],"picked":"HollowMod:CloakDash+1","floor":25.0},{"not_picked":["HollowMod:SoulSplash+1","HollowMod:LifebloodCocoon+1"],"picked":"HollowMod:PerfectDash+1","floor":27.0},{"not_picked":["HollowMod:FastStrike","HollowMod:InfectionAssault+1"],"picked":"HollowMod:ShadowDash+1","floor":30.0},{"not_picked":["HollowMod:NewInfectedGuardian+1","HollowMod:ElderbugsWisdom+1"],"picked":"HollowMod:Hiveblood+1","floor":33.0},{"not_picked":["HollowMod:PureNailStrike+1","HollowMod:InfectedCysts+1"],"picked":"HollowMod:DescendingDark+1","floor":35.0},{"not_picked":["HollowMod:QuirrelsAssistance","HollowMod:NewGlowingWomb+1"],"picked":"HollowMod:PerfectDash+1","floor":36.0},{"not_picked":["HollowMod:MothsMistake+1","HollowMod:VengefulSpirit+1","HollowMod:SiblingsShadow+1"],"picked":"SKIP","floor":37.0},{"not_picked":["HollowMod:DescendingDark","HollowMod:InfectionAssault"],"picked":"HollowMod:VengefulVoid","floor":38.0},{"not_picked":["HollowMod:SoulSplash+1","HollowMod:MonomonsArchive+1"],"picked":"HollowMod:WraithStrike","floor":42.0},{"not_picked":["HollowMod:HeavyBlow+1","HollowMod:RecoilStrike+1","HollowMod:SharpenedNail"],"picked":"SKIP","floor":45.0},{"not_picked":["HollowMod:CoiledNail+1","HollowMod:BrokenVessel+1","HollowMod:CycloneSlash"],"picked":"SKIP","floor":47.0},{"not_picked":["HollowMod:SiblingsSouls+1","HollowMod:DescendingDark"],"picked":"HollowMod:BlackTendrils+1","floor":48.0},{"not_picked":["HollowMod:DescendingDark+1","HollowMod:GoodIntentions+1"],"picked":"HollowMod:SoulMaster+1","floor":54.0}],"player_experience":329717,"relics_obtained":[{"floor":3.0,"key":"The Courier"},{"floor":7.0,"key":"PreservedInsect"},{"floor":9.0,"key":"Toxic Egg 2"},{"floor":10.0,"key":"Letter Opener"},{"floor":12.0,"key":"Frozen Egg 2"},{"floor":23.0,"key":"Pantograph"},{"floor":25.0,"key":"Ornamental Fan"},{"floor":26.0,"key":"Kunai"},{"floor":30.0,"key":"Potion Belt"},{"floor":34.0,"key":"Ancient Tea Set"},{"floor":34.0,"key":"HornCleat"},{"floor":34.0,"key":"testmod-CrystalShield"},{"floor":36.0,"key":"Incense Burner"},{"floor":42.0,"key":"Whetstone"},{"floor":48.0,"key":"testmod-Fortitude"},{"floor":54.0,"key":"testmod-RainbowHikingShoes"}],"event_choices":[{"damage_healed":0.0,"max_hp_gain":0.0,"max_hp_loss":0.0,"gold_gain":0.0,"event_name":"给自己的盒子","player_choice":"Swap Relic","floor":5.0,"relics_lost":["War Paint"],"gold_loss":0.0,"damage_taken":0.0,"relics_obtained":["War Paint"]},{"damage_healed":0.0,"max_hp_gain":0.0,"max_hp_loss":0.0,"gold_gain":75.0,"event_name":"FaceTrader","player_choice":"Touch","floor":11.0,"gold_loss":0.0,"damage_taken":7.0},{"damage_healed":0.0,"max_hp_gain":0.0,"max_hp_loss":0.0,"gold_gain":0.0,"event_name":"Vampires","player_choice":"Ignored","floor":19.0,"gold_loss":0.0,"damage_taken":0.0},{"damage_healed":0.0,"max_hp_gain":0.0,"max_hp_loss":0.0,"gold_gain":100.0,"event_name":"The Joust","player_choice":"Bet on Murderer","floor":20.0,"gold_loss":50.0,"damage_taken":0.0},{"damage_healed":0.0,"max_hp_gain":0.0,"max_hp_loss":0.0,"gold_gain":0.0,"event_name":"MindBloom","player_choice":"Fight","floor":36.0,"gold_loss":0.0,"damage_taken":0.0},{"damage_healed":0.0,"max_hp_gain":0.0,"max_hp_loss":0.0,"gold_gain":0.0,"event_name":"Tomb of Lord Red Mask","player_choice":"Paid","floor":41.0,"gold_loss":113.0,"damage_taken":0.0,"relics_obtained":["Red Mask"]},{"damage_healed":0.0,"max_hp_gain":0.0,"max_hp_loss":0.0,"gold_gain":0.0,"event_name":"Designer","player_choice":"Upgrade","floor":44.0,"gold_loss":40.0,"damage_taken":0.0,"cards_upgraded":["HollowMod:WraithStrike"]}],"is_beta":false,"boss_relics":[{"not_picked":["Philosopher\u0027s Stone","testmod-TimeTraveler"],"picked":"HollowMod:VoidIdolRelic"},{"not_picked":["Fusion Hammer","testmod-StringDisintegrator"],"picked":"Calling Bell"}],"items_purged_floors":[29,39,53],"is_endless":false,"potions_floor_spawned":[1,8,10,13,21,23,38,42,47,48],"ascension_level":7}}