{"host":"xp5rvh2jwe2ejyfm","time":1611673617,"event":{"mods":["BaseMod","Downfall","Duelist Mod","GifTheSpireLib","Gremlin Mod","Hermit","Hubris","Minty Spire (QoL Compilation)","Robot Space Explorer","StSLib","The Blackbeard","The Clintock","The Construct","The Cursed","The Disciple","The Forsaken","The Hierophant","The Necromancer","The Runesmith","The Servant 0.9.4"],"gold_per_floor":[99,112,112,128,128,158,158,173,173,191,206,67,67,79,79,79,79],"floor_reached":16,"language":"ENG","playtime":601,"items_purged":[],"score":104,"play_id":"e0dfa0cb-ba07-43da-86f8-c1275140012f","local_time":"20210126100657","is_ascension_mode":false,"campfire_choices":[{"floor":7,"key":"REST"},{"floor":13,"key":"REST"},{"floor":15,"key":"REST"}],"circlet_count":0,"master_deck":["theForsaken:TheForsaken_Strike","theForsaken:TheForsaken_Strike","theForsaken:TheForsaken_Strike","theForsaken:TheForsaken_Strike","theForsaken:TheForsaken_Defend","theForsaken:TheForsaken_Defend","theForsaken:TheForsaken_Defend","theForsaken:TheForsaken_Defend","theForsaken:Smite","theForsaken:Penitence","theForsaken:SacrificeSoul","theForsaken:ShieldBash+1","theForsaken:QuickAttack","theForsaken:ShieldCharge","theForsaken:LightRoll","theForsaken:FatRoll","theForsaken:CorruptedWord","theForsaken:Eulogy","theForsaken:Prudence","theForsaken:BottledPlague"],"relics":["theForsaken:JudgementScales","Regal Pillow"],"acts_visited":["Exordium"],"potions_floor_usage":[6,10,16,16],"damage_taken":[{"damage":5,"enemies":"Cultist","floor":1,"turns":4},{"damage":5,"enemies":"Jaw Worm","floor":2,"turns":4},{"damage":9,"enemies":"2 Louse","floor":4,"turns":4},{"damage":37,"enemies":"Gremlin Nob","floor":6,"turns":6},{"damage":6,"enemies":"Red Slaver","floor":8,"turns":6},{"damage":15,"enemies":"Exordium Thugs","floor":10,"turns":5},{"damage":10,"enemies":"Gremlin Gang","floor":11,"turns":4},{"damage":28,"enemies":"Looter","floor":14,"turns":4},{"damage":73,"enemies":"Hexaghost","floor":16,"turns":11}],"seed_played":"647053637441194295","potions_obtained":[{"floor":4,"key":"SkillPotion"},{"floor":8,"key":"Explosive Potion"},{"floor":14,"key":"CultistPotion"}],"is_trial":false,"path_per_floor":["M","M","$","M","?","E","R","M","T","M","M","$","R","M","R","B"],"character_chosen":"THE_FORSAKEN","items_purchased":["theForsaken:Prudence"],"campfire_rested":3,"item_purchase_floors":[12],"current_hp_per_floor":[61,56,56,50,50,19,53,53,53,43,36,36,65,37,65,0,0],"gold":79,"neow_bonus":"ONE_RANDOM_RARE_CARD","is_daily":false,"chose_seed":false,"campfire_upgraded":0,"win_rate":0.0,"timestamp":1611673617,"path_taken":["M","M","?","M","?","E","R","M","T","M","M","$","R","M","R","BOSS"],"items_purchased_type":["Card"],"build_version":"2020-12-22","purchased_purges":0,"victory":false,"max_hp_per_floor":[65,65,65,65,65,65,65,65,65,65,65,65,65,65,65,65,65],"card_choices":[{"not_picked":["theForsaken:CreepingInfection","theForsaken:Backlash"],"picked":"theForsaken:ShieldBash","floor":1},{"not_picked":["theForsaken:CleansingLight","theForsaken:BlindFaith"],"picked":"theForsaken:QuickAttack","floor":2},{"not_picked":["theForsaken:Enfeeble","theForsaken:FatRoll"],"picked":"theForsaken:ShieldCharge","floor":4},{"not_picked":["theForsaken:CorruptedForm","theForsaken:BlindFaith"],"picked":"theForsaken:LightRoll","floor":6},{"not_picked":["theForsaken:Preservation","theForsaken:Tranquility"],"picked":"theForsaken:FatRoll","floor":8},{"not_picked":["theForsaken:WardingHymn","theForsaken:HorrifyingStrike"],"picked":"theForsaken:CorruptedWord","floor":10},{"not_picked":["theForsaken:HymnOfPatience","theForsaken:ScorchingSunlight"],"picked":"theForsaken:Eulogy","floor":11},{"not_picked":["theForsaken:BlindFaith","theForsaken:FatRoll"],"picked":"theForsaken:BottledPlague","floor":14}],"player_experience":353072,"relics_obtained":[{"floor":6,"key":"Regal Pillow"}],"event_choices":[],"is_beta":false,"boss_relics":[],"items_purged_floors":[],"is_endless":false,"potions_floor_spawned":[4,8,14],"killed_by":"Hexaghost","ascension_level":0}}