{"host":"qbvxbacgnxuisbbe","time":1611689705,"event":{"mods":["Alarm Clock","BaseMod","Humility","Minty Spire (QoL Compilation)","StSLib"],"gold_per_floor":[111,111,60,79,91,91,103,83,83,93,93,126,51,78,78,78,78],"floor_reached":16,"language":"ENG","playtime":660,"items_purged":["Strike_R"],"score":220,"play_id":"78b8b906-9609-48d2-bbe5-f6fbcccc3c9a","local_time":"20210126193505","is_ascension_mode":true,"campfire_choices":[{"data":"Armaments","floor":6.0,"key":"SMITH"},{"data":"Uppercut","floor":11,"key":"SMITH"},{"floor":15,"key":"REST"}],"circlet_count":0,"master_deck":["AscendersBane","Strike_R","Strike_R","Strike_R","Strike_R","Defend_R","Defend_R","Defend_R","Defend_R","Bash","Body Slam","Shrug It Off","Battle Trance","Armaments+1","Uppercut+1","Shrug It Off"],"relics":["Burning Blood","FaceOfCleric","InkBottle","Lizard Tail","Bag of Marbles"],"acts_visited":["Exordium"],"potions_floor_usage":[10,10],"damage_taken":[{"damage":6.0,"enemies":"Cultist","floor":1.0,"turns":3.0},{"damage":8.0,"enemies":"Jaw Worm","floor":4.0,"turns":4.0},{"damage":4.0,"enemies":"Small Slimes","floor":5.0,"turns":3.0},{"damage":10.0,"enemies":"Red Slaver","floor":7.0,"turns":3.0},{"damage":10,"enemies":"Exordium Wildlife","floor":10,"turns":4},{"damage":21,"enemies":"Lagavulin","floor":12,"turns":6},{"damage":48,"enemies":"3 Sentries","floor":14,"turns":11},{"damage":37,"enemies":"Slime Boss","floor":16,"turns":6}],"seed_played":"-3175092050090739036","potions_obtained":[{"floor":1.0,"key":"DuplicationPotion"},{"floor":5.0,"key":"GamblersBrew"},{"floor":7.0,"key":"BlessingOfTheForge"},{"floor":8.0,"key":"Swift Potion"}],"is_trial":false,"path_per_floor":["M","?","$","M","M","R","M","?","T","M","R","E","$","E","R","B"],"character_chosen":"IRONCLAD","items_purchased":["Shrug It Off"],"campfire_rested":1,"item_purchase_floors":[3],"current_hp_per_floor":[75,75,75,74,77,77,74,74,74,71,71,57,57,16,42,5,5],"gold":78,"neow_bonus":"TEN_PERCENT_HP_BONUS","is_daily":false,"chose_seed":false,"campfire_upgraded":2,"win_rate":0.0,"timestamp":1611689705,"path_taken":["M","?","?","M","M","R","?","?","T","M","R","E","?","E","R","BOSS"],"items_purchased_type":["Card"],"build_version":"2020-12-22","purchased_purges":1,"victory":false,"max_hp_per_floor":[82,82,82,83,84,84,85,85,85,86,86,87,87,88,88,88,88],"card_choices":[{"not_picked":["Dropkick","Power Through"],"picked":"Body Slam","floor":1.0},{"not_picked":["Dual Wield","Thunderclap"],"picked":"Battle Trance","floor":4.0},{"not_picked":["Anger","Flex"],"picked":"Armaments","floor":5.0},{"not_picked":["Infernal Blade","Sword Boomerang","Entrench"],"picked":"SKIP","floor":7.0},{"not_picked":["Body Slam","Immolate"],"picked":"Uppercut","floor":10},{"not_picked":["Sentinel","Warcry","True Grit"],"picked":"SKIP","floor":12},{"not_picked":["Infernal Blade","Flex"],"picked":"Shrug It Off","floor":14}],"player_experience":137995,"relics_obtained":[{"floor":9.0,"key":"InkBottle"},{"floor":12,"key":"Lizard Tail"},{"floor":14,"key":"Bag of Marbles"}],"event_choices":[{"damage_healed":0.0,"max_hp_gain":0.0,"max_hp_loss":0.0,"gold_gain":0.0,"event_name":"FaceTrader","player_choice":"Trade","floor":2.0,"gold_loss":0.0,"damage_taken":0.0,"relics_obtained":["FaceOfCleric"]},{"damage_healed":0.0,"max_hp_gain":0.0,"max_hp_loss":0.0,"gold_gain":0.0,"event_name":"The Woman in Blue","player_choice":"Bought 1 Potion","floor":8.0,"gold_loss":0.0,"damage_taken":0.0}],"is_beta":false,"boss_relics":[],"items_purged_floors":[13],"is_endless":false,"potions_floor_spawned":[1,5,7],"killed_by":"Slime Boss","ascension_level":20,"is_humility":true}}