{"host":"fuszjwm6fqgjjp4d","time":1611621651,"event":{"mods":["BaseMod","Bestiary","Colored Map","DeckTracker","Minty Spire (QoL Compilation)","Permanent Neow","Relic Sorter","Relic Stats","StSLib"],"gold_per_floor":[115,125,200,200,220,220,231,249,249,283,46,72,72,5,5,5,5],"floor_reached":16,"language":"ENG","playtime":390,"items_purged":["Strike_B"],"score":220,"play_id":"6d336cf5-4510-40a7-9416-324a49e268d1","local_time":"20210125184051","is_ascension_mode":true,"campfire_choices":[{"data":"Zap","floor":6,"key":"SMITH"},{"data":"Static Discharge","floor":13,"key":"SMITH"},{"data":"Static Discharge","floor":15,"key":"SMITH"}],"circlet_count":0,"master_deck":["AscendersBane","Strike_B","Strike_B","Strike_B","Defend_B","Defend_B","Defend_B","Defend_B","Zap+1","Dualcast","Biased Cognition","Barrage","Coolheaded+1","Self Repair","Static Discharge+1","BootSequence","Static Discharge+1","Defragment"],"relics":["Cracked Core","Incense Burner","Mango","The Courier"],"acts_visited":["Exordium"],"potions_floor_usage":[],"damage_taken":[{"damage":1,"enemies":"2 Louse","floor":1,"turns":2},{"damage":14,"enemies":"Jaw Worm","floor":2,"turns":4},{"damage":0,"enemies":"Cultist","floor":5,"turns":3},{"damage":8,"enemies":"Blue Slaver","floor":7,"turns":2},{"damage":6,"enemies":"Large Slime","floor":8,"turns":5},{"damage":21,"enemies":"Lagavulin","floor":10,"turns":7},{"damage":30,"enemies":"Gremlin Nob","floor":12,"turns":4},{"damage":8,"enemies":"Hexaghost","floor":16,"turns":6}],"seed_played":"-7059405950819005922","potions_obtained":[{"floor":12,"key":"Explosive Potion"}],"is_trial":false,"path_per_floor":["M","M","?","?","M","R","M","M","T","E","$","E","R","$","R","B"],"character_chosen":"DEFECT","items_purchased":["BootSequence","Static Discharge","Defragment"],"campfire_rested":0,"item_purchase_floors":[11,11,14],"current_hp_per_floor":[63,49,38,38,38,38,30,31,31,31,31,8,8,8,8,0,0],"gold":5,"neow_bonus":"ONE_RANDOM_RARE_CARD","is_daily":false,"chose_seed":false,"campfire_upgraded":3,"win_rate":0.0,"timestamp":1611621651,"path_taken":["M","M","?","?","?","R","M","M","T","E","$","E","R","$","R","BOSS"],"items_purchased_type":["Card","Card","Card"],"build_version":"2020-12-22","purchased_purges":1,"victory":false,"max_hp_per_floor":[71,71,71,71,71,71,71,71,71,85,85,85,85,85,85,85,85],"relic_stats":{"counters":[8,33],"obtain_stats":[{"Mango":10,"The Courier":12,"Incense Burner":9,"Cracked Core":0},{"Mango":6,"The Courier":7,"Incense Burner":5,"Cracked Core":0},{"Mango":23,"The Courier":27,"Incense Burner":16,"Cracked Core":0}]},"card_choices":[{"not_picked":["Beam Cell","Compile Driver"],"picked":"Barrage","floor":1},{"not_picked":["Rip and Tear","Beam Cell"],"picked":"Coolheaded","floor":2},{"not_picked":["Melter","Go for the Eyes","Rebound"],"picked":"SKIP","floor":5},{"not_picked":["Streamline","Cold Snap"],"picked":"Self Repair","floor":7},{"not_picked":["Stack","Reinforced Body"],"picked":"Static Discharge","floor":8},{"not_picked":["Darkness","Beam Cell","Cold Snap"],"picked":"SKIP","floor":10},{"not_picked":["Melter","Aggregate","Leap"],"picked":"SKIP","floor":12}],"player_experience":1349010,"relics_obtained":[{"floor":9,"key":"Incense Burner"},{"floor":10,"key":"Mango"},{"floor":12,"key":"The Courier"}],"event_choices":[{"damage_healed":0,"gold_gain":75,"player_choice":"Gather Gold","damage_taken":11,"max_hp_gain":0,"max_hp_loss":0,"event_name":"World of Goop","floor":3,"gold_loss":0},{"damage_healed":0,"gold_gain":0,"player_choice":"Upgraded","damage_taken":0,"max_hp_gain":0,"max_hp_loss":0,"event_name":"Upgrade Shrine","floor":4,"gold_loss":0,"cards_upgraded":["Coolheaded"]}],"is_beta":false,"boss_relics":[],"items_purged_floors":[11],"is_endless":false,"potions_floor_spawned":[12],"killed_by":"Hexaghost","ascension_level":20}}