{"host":"rjfefv2ruvigm2gb","time":1611633852,"event":{"mods":["Act Like it!","AlwaysNeverKeys","BaseMod","Better Third Choice","Block Reminder","Conspire","Curses Come First","Displayed Cursed Tome","Downfall","Elementarium","Fox Events","GifTheSpireLib","Gold Saver","Googly Eyes","HexUI Lib","Hubris","Infinite Spire","Ironclad Rager","Marked Mod","Mimic Mod","Minty Spire (QoL Compilation)","Permanent Neow","Poor People Problems","Quick Restart","Relic Filter","Relic Stats","Reliquary","Replay The Spire","Retaliation","Shop Mod","Small Relic Pack","StS++","StSLib","Stuff the Spire","SuperFastMode","The Blue Laboratory","Transform Curses","Uncapped","Virulent Crown","Watcher Patcher"],"gold_per_floor":[11,11,11,22,22,22,33,33,60,71,71,97,0,32,32,131,131,150,150,150,73,93,127,127,127,198,198,231,231,231,541,541,638,638,656,656,656,671,682,682,697,708,757,769,804,824,824,834,834,834,834,834,1008,1008,1008],"floor_reached":54,"language":"ENG","playtime":2503,"items_purged":["Pain"],"score":790,"play_id":"cff182e6-9d30-4afc-9ce9-fbc072e8331a","local_time":"20210125220412","is_ascension_mode":false,"campfire_choices":[{"floor":6,"key":"REST"},{"floor":15,"key":"DIG"},{"floor":29,"key":"REST"},{"data":"ReplayTheSpireMod:Splinters","floor":32,"key":"PURGE"},{"floor":40,"key":"REST"},{"floor":49,"key":"REST"},{"data":"Capacitor+1","floor":52,"key":"SMITH"}],"circlet_count":0,"master_deck":["Zap","Dualcast","Ball Lightning","Cold Snap","Ball Lightning","Cold Snap","Leap","Leap","Leap","Leap","Redo","hubris:Ukulele","Darkness+1","Redo","Defragment+1","Enlightenment","Buffer","Protect+1","Defragment+1","StSpp:TargetLocked","Capacitor+2","Consume+1","Steam","Beam Cell","ReplayTheSpireMod:Dual Polarity+1","Defragment+1","StuffTheSpire:Plugnplay+1"],"relics":["Cracked Core","StSpp:JackpotMachine","WarpedTongs","reliquary:ExpiredCoupon","Turnip","Nuclear Battery","Happy Flower","Ancient Tea Set","hubris:Icosahedron","hubris:BallOfYels","ReplayTheSpireMod:Ring of Challenge","Ring of Fury","hubris:MysteriousPyramids","ChewingGum","MerchantsRug"],"acts_visited":["Exordium","TheCity","TheBeyond","TheEnding"],"potions_floor_usage":[12,16,16,22,23,28,42,42,45,46,50,54],"damage_taken":[{"damage":5,"enemies":"2 Louse","floor":1,"turns":2},{"damage":0,"enemies":"Small Slimes","floor":4,"turns":2},{"damage":0,"enemies":"Cultist","floor":7,"turns":2},{"damage":1,"enemies":"Exordium Wildlife","floor":10,"turns":3},{"damage":8,"enemies":"Replay:BlueRogue","floor":12,"turns":3},{"damage":12,"enemies":"Gremlin Nob","floor":14,"turns":3},{"damage":13,"enemies":"Hexaghost","floor":16,"turns":7},{"damage":10,"enemies":"conspire:FuzzyDice","floor":18,"turns":6},{"damage":2,"enemies":"3 Byrds","floor":22,"turns":2},{"damage":22,"enemies":"Slavers","floor":23,"turns":6},{"damage":25,"enemies":"Replay:Snechameleon","floor":28,"turns":5},{"damage":20,"enemies":"Shelled Parasite and Fungi","floor":31,"turns":4},{"damage":18,"enemies":"hubris:MusketHawk","floor":33,"turns":6},{"damage":45,"enemies":"3 Darklings","floor":35,"turns":4},{"damage":0,"enemies":"Orb Walker","floor":38,"turns":2},{"damage":2,"enemies":"Transient","floor":39,"turns":5},{"damage":0,"enemies":"4 Shapes","floor":41,"turns":3},{"damage":8,"enemies":"Spire Growth","floor":42,"turns":4},{"damage":3,"enemies":"Sphere and 2 Shapes","floor":44,"turns":4},{"damage":9,"enemies":"Giant Head","floor":45,"turns":6},{"damage":21,"enemies":"Jaw Worm Horde","floor":46,"turns":6},{"damage":0,"enemies":"Maw","floor":48,"turns":6},{"damage":27,"enemies":"infinitespire:MassOfShapes","floor":50,"turns":17},{"damage":84,"enemies":"Shield and Spear","floor":54,"turns":5}],"seed_played":"-5626357110643961204","potions_obtained":[{"floor":4,"key":"PowerPotion"},{"floor":7,"key":"blueLaboratory:BottleOfVodka"},{"floor":10,"key":"FearPotion"},{"floor":12,"key":"blueLaboratory:StoneskinPotion"},{"floor":18,"key":"blueLaboratory:TeslaPotion"},{"floor":23,"key":"sneckomod:MuddlingPotion"},{"floor":39,"key":"Languid Potion"},{"floor":41,"key":"Ancient Potion"},{"floor":42,"key":"StSpp:ScatteredWeakPotion"}],"is_trial":false,"path_per_floor":["M","?","$","M","?","R","M","?","T","M","$","E","?","E","R","B",null,"M","AVR","?","$","M","E","?","T","T","T","E","R","?","M","R","B",null,"M","?","?","M","M","R","M","M","T","M","E","M","?","M","R","B",null,"R","$","E"],"character_chosen":"DEFECT","items_purchased":["StSpp:TargetLocked","MerchantsRug","Guardian:BlockOnCardUsePotion","FearPotion"],"campfire_rested":4,"item_purchase_floors":[21,53,53,53],"current_hp_per_floor":[45,45,45,45,45,65,65,65,65,64,64,56,62,50,50,37,74,64,64,64,64,62,40,40,40,40,40,15,74,74,54,54,38,76,31,31,31,31,31,74,74,68,68,67,60,41,41,43,84,57,84,84,84,0,0],"gold":1008,"neow_bonus":"DEFECT_STORMLORD","is_daily":false,"chose_seed":false,"campfire_upgraded":1,"win_rate":0.0,"timestamp":1611633852,"path_taken":["M","?","$","M","?","R","?","?","T","M","$","E","?","E","R","BOSS","M","AVR","?","$","?","E","?","?","T","?","E","R","?","M","R","BOSS","M","?","?","M","M","R","M","M","T","M","E","M","?","M","R","BOSS","R","$","E"],"items_purchased_type":["Card","Relic","Potion","Potion"],"build_version":"2020-12-22","purchased_purges":1,"victory":false,"max_hp_per_floor":[68,68,68,68,68,68,68,68,68,68,68,68,74,74,74,74,74,74,74,74,74,74,74,74,74,74,74,74,74,74,74,74,76,76,76,76,72,72,74,74,74,76,76,78,80,82,82,84,84,84,84,84,84,84,84],"relic_stats":{"Happy Flower":[28],"counters":[24,113],"Turnip":[13],"obtain_stats":[{"Potion Belt":14,"hubris:BallOfYels":25,"MerchantsRug":53,"Happy Flower":19,"Singing Bowl":27,"StSpp:JackpotMachine":2,"Blue Doll":43,"Juzu Bracelet":31,"infinitespire:Blanks Blanky":19,"reliquary:RosewoodLute":28,"hubris:MysteriousPyramids":31,"Ancient Tea Set":23,"Akabeko":45,"WarpedTongs":5,"conspire:InfiniteJournal":12,"Nuclear Battery":17,"reliquary:ExpiredCoupon":9,"hubris:Icosahedron":24,"Ring of Fury":30,"ChewingGum":34,"Turnip":15,"Replay:Bottled Eggs":26,"ReplayTheSpireMod:Ring of Challenge":30,"Cracked Core":0},{"Potion Belt":6,"hubris:BallOfYels":10,"MerchantsRug":23,"Happy Flower":8,"Singing Bowl":10,"StSpp:JackpotMachine":1,"Blue Doll":18,"Juzu Bracelet":12,"infinitespire:Blanks Blanky":8,"reliquary:RosewoodLute":11,"hubris:MysteriousPyramids":12,"Ancient Tea Set":10,"Akabeko":20,"WarpedTongs":2,"conspire:InfiniteJournal":5,"Nuclear Battery":7,"reliquary:ExpiredCoupon":3,"hubris:Icosahedron":10,"Ring of Fury":11,"ChewingGum":13,"Turnip":6,"Replay:Bottled Eggs":10,"ReplayTheSpireMod:Ring of Challenge":11,"Cracked Core":0},{"Potion Belt":15,"hubris:BallOfYels":36,"MerchantsRug":108,"Happy Flower":28,"Singing Bowl":36,"StSpp:JackpotMachine":2,"Blue Doll":69,"Juzu Bracelet":45,"infinitespire:Blanks Blanky":28,"reliquary:RosewoodLute":41,"hubris:MysteriousPyramids":45,"Ancient Tea Set":36,"Akabeko":79,"WarpedTongs":4,"conspire:InfiniteJournal":12,"Nuclear Battery":22,"reliquary:ExpiredCoupon":6,"hubris:Icosahedron":36,"Ring of Fury":41,"ChewingGum":51,"Turnip":15,"Replay:Bottled Eggs":36,"ReplayTheSpireMod:Ring of Challenge":41,"Cracked Core":0}],"WarpedTongs":[106]},"card_choices":[{"not_picked":["Streamline","StuffTheSpire:LoadUp"],"picked":"Redo","floor":1},{"not_picked":["Glacier","Protect"],"picked":"hubris:Ukulele","floor":4},{"not_picked":["StuffTheSpire:ShieldGenerator","Aggregate"],"picked":"Darkness","floor":7},{"not_picked":["Crescendo","Rip and Tear"],"picked":"Redo","floor":10},{"not_picked":["ReplayTheSpireMod:Fabricate Wheel","Cold Snap"],"picked":"Defragment","floor":12},{"not_picked":["Streamline","Coolheaded","Leap"],"picked":"SKIP","floor":14},{"not_picked":["Meteor Strike","Seek"],"picked":"Buffer","floor":16},{"not_picked":["JustLucky+1","Skim+1"],"picked":"Protect+1","floor":18},{"not_picked":["Ball Lightning","Beam Cell+1"],"picked":"Capacitor+1","floor":22},{"not_picked":["Panic Button","StuffTheSpire:NuclearReactor"],"picked":"Consume","floor":23},{"not_picked":["hubris:Ukulele","Streamline"],"picked":"Steam","floor":28},{"not_picked":["Turbo","FTL"],"picked":"Beam Cell","floor":31},{"not_picked":["StSpp:Converter","Amplify","hubris:Prefetch"],"picked":"Singing Bowl","floor":33},{"not_picked":["Go for the Eyes+1","Melter"],"picked":"ReplayTheSpireMod:Dual Polarity+1","floor":35},{"not_picked":["Rebound+1","Tempest+1"],"picked":"Defragment","floor":38},{"not_picked":["Gash","ReplayTheSpireMod:Fabricate Wheel","Redo"],"picked":"Singing Bowl","floor":39},{"not_picked":["CrushJoints+1","Lockon+1"],"picked":"StuffTheSpire:Plugnplay+1","floor":41},{"not_picked":["Conserve Battery","Time Bomb","BasicCrystalCard+1"],"picked":"Singing Bowl","floor":42},{"not_picked":["Barrage+1","Turbo","Panic Button"],"picked":"Singing Bowl","floor":44},{"not_picked":["Go for the Eyes","Sanctity+1","hubris:SpecializedCircuitry"],"picked":"Singing Bowl","floor":45},{"not_picked":["Evaluate+1","Reprogram+1","ReplayGash"],"picked":"Singing Bowl","floor":46},{"not_picked":["Doom and Gloom+1","Rebound","StuffTheSpire:Plugnplay+1"],"picked":"Singing Bowl","floor":48}],"player_experience":1068410,"relics_obtained":[{"floor":2,"key":"StSpp:JackpotMachine"},{"floor":9,"key":"reliquary:ExpiredCoupon"},{"floor":12,"key":"conspire:InfiniteJournal"},{"floor":14,"key":"Potion Belt"},{"floor":15,"key":"Turnip"},{"floor":23,"key":"Ancient Tea Set"},{"floor":25,"key":"hubris:BallOfYels"},{"floor":26,"key":"Replay:Bottled Eggs"},{"floor":27,"key":"Singing Bowl"},{"floor":28,"key":"reliquary:RosewoodLute"},{"floor":30,"key":"ReplayTheSpireMod:Ring of Challenge"},{"floor":30,"key":"Ring of Fury"},{"floor":31,"key":"Juzu Bracelet"},{"floor":31,"key":"hubris:MysteriousPyramids"},{"floor":43,"key":"Blue Doll"},{"floor":45,"key":"Akabeko"}],"event_choices":[{"damage_healed":0,"gold_gain":0,"player_choice":"Rummage","damage_taken":0,"relics_obtained":["WarpedTongs"],"max_hp_gain":0,"max_hp_loss":0,"event_name":"Accursed Blacksmith","floor":5,"gold_loss":0,"cards_obtained":["Pain"]},{"damage_healed":0,"gold_gain":0,"player_choice":"Grow","damage_taken":0,"max_hp_gain":0,"max_hp_loss":0,"event_name":"Living Wall","floor":8,"gold_loss":0,"cards_upgraded":["Darkness"]},{"damage_healed":0,"gold_gain":0,"player_choice":"RENOUNCE","damage_taken":97,"max_hp_gain":0,"max_hp_loss":0,"event_name":"betterThird:BetterSerpent","floor":13,"gold_loss":97,"cards_obtained":["Enlightenment"]},{"damage_healed":0,"gold_gain":0,"player_choice":"Copied","damage_taken":0,"max_hp_gain":0,"max_hp_loss":0,"event_name":"Duplicator","floor":20,"gold_loss":0,"cards_obtained":["Defragment"]},{"damage_healed":0,"gold_gain":0,"player_choice":"Max HP","damage_taken":0,"max_hp_gain":0,"max_hp_loss":4,"event_name":"Winding Halls","floor":37,"gold_loss":0},{"damage_healed":0,"gold_gain":0,"player_choice":"Upgraded","damage_taken":0,"max_hp_gain":0,"max_hp_loss":0,"event_name":"Upgrade Shrine","floor":47,"gold_loss":0,"cards_upgraded":["Consume"]}],"is_beta":false,"boss_relics":[{"not_picked":["conspire:RoyalGoblet","conspire:SpecialSausage"],"picked":"Nuclear Battery"},{"not_picked":["hubris:RunicObelisk","StuffTheSpire:RunicConfusion"],"picked":"ChewingGum"}],"items_purged_floors":[19],"is_endless":false,"potions_floor_spawned":[4,7,10,12,18,23,28,39,41,42,48],"killed_by":"Shield and Spear","ascension_level":0}}