{"host":"qzpuxnheibnu7155","time":1611700242,"event":{"mods":["Act Like it!","BaseMod","Displayed Cursed Tome","FoggyMod","Minty Spire (QoL Compilation)","MostiFishMod","Pale of the Ancients","Remilia（蕾米莉亚）","RumiaBox-露米娅的神秘盒子","StSLib","TestMod","Waifu the Spire","【功能Mod】Neow奖励","【遗物卡牌】REMEMod","没有小屋子和绿帽子啦"],"gold_per_floor":[113,113,129,129,129,163,5,5,5,25,58,58,58,90,90,185,185,208,257,257,280,205,205,243,243,268,268,268,311,311,343,343,458,458,470,802,826,1225,1074,1105,1105,1105,1105,1116,673,673,673,704,704,700,700,716,726,726,568,568,568,568,62,62,62],"floor_reached":62,"language":"ZHS","playtime":2495,"items_purged":["Strike_RM","Strike_RM","Defend_RM+1"],"score":3880,"play_id":"713fdaf5-17bb-4c83-8ba8-a02ddeb96917","local_time":"20210127063042","is_ascension_mode":true,"campfire_choices":[{"floor":15.0,"key":"RECALL"},{"data":"MastersStateliness","floor":23.0,"key":"SMITH"},{"data":"RedNightlessCastle","floor":25.0,"key":"SMITH"},{"data":"ScarletSymphony","floor":28.0,"key":"SMITH"},{"data":"ScarletImprint","floor":32.0,"key":"SMITH"},{"data":"Maim","floor":41.0,"key":"SMITH"},{"data":"BloodyCatastrophe","floor":47.0,"key":"SMITH"},{"data":"ScarletShoot","floor":49.0,"key":"SMITH"},{"data":"ScarletDevil","floor":56.0,"key":"SMITH"},{"data":"Finesse","floor":58.0,"key":"SMITH"}],"circlet_count":0,"master_deck":["AscendersBane","ScarletShoot+1","MostiFishMod:VineMother+1","Stigmanizer+1","MastersStateliness+1","ScarletSymphony+1","RedNightlessCastle+1","ScarletMeister+1","CeilingFear+1","Maim+1","TransientEternity+1","DiffusionOfMisfortune+1","MastersStateliness+1","TransientEternity+1","ScarletImprint+1","TransientEternity+1","RedMagic+1","MastersStateliness+1","ScarletDevil+1","BloodyCatastrophe+1","MastersStateliness+1","ScarletImprint+1","Finesse+1","NightDance+1","TransientEternity+1"],"relics":["ScarletHat","DaveBox","REME_ComplimentaryCards","PatriotShield","testmod-Hope","SynthV:TestCard","testmod-RainbowHikingShoes","ImprovedEquipment","Frozen Egg 2","testmod-Charity","GodSword7","Gambling Chip","testmod-Prudence","Oddly Smooth Stone","Ccalipers","Akabeko","Nunchaku","ChiXiaoBlade","Baka2","Gungnir","Pantograph","Kunai","ChaoDraw","testmod-TurbochargingSystem","paleoftheancients:Timepiece","paleoftheancients:KeyRelic","paleoftheancients:SoulOfTheSilent","SSSystem","Strawberry"],"acts_visited":["Exordium","TheCity","TheBeyond","paleoftheancients:PaleOfTheAncients"],"potions_floor_usage":[],"damage_taken":[{"damage":0.0,"enemies":"2 Louse","floor":1.0,"turns":1.0},{"damage":0.0,"enemies":"Cultist","floor":3.0,"turns":2.0},{"damage":0.0,"enemies":"Gremlin Nob","floor":6.0,"turns":3.0},{"damage":0.0,"enemies":"Jaw Worm","floor":10.0,"turns":1.0},{"damage":0.0,"enemies":"3 Sentries","floor":11.0,"turns":3.0},{"damage":0.0,"enemies":"Gremlin Nob","floor":14.0,"turns":2.0},{"damage":0.0,"enemies":"Slime Boss","floor":16.0,"turns":2.0},{"damage":0.0,"enemies":"3 Byrds","floor":18.0,"turns":2.0},{"damage":0.0,"enemies":"Spheric Guardian","floor":21.0,"turns":1.0},{"damage":0.0,"enemies":"Gremlin Leader","floor":24.0,"turns":3.0},{"damage":0.0,"enemies":"REME_1_Revenger","floor":29.0,"turns":1.0},{"damage":0.0,"enemies":"Gremlin Leader","floor":31.0,"turns":2.0},{"damage":0.0,"enemies":"Automaton","floor":33.0,"turns":2.0},{"damage":0.0,"enemies":"3 Darklings","floor":35.0,"turns":2.0},{"damage":0.0,"enemies":"Mind Bloom Boss Battle","floor":37.0,"turns":2.0},{"damage":0.0,"enemies":"Reptomancer","floor":40.0,"turns":1.0},{"damage":0.0,"enemies":"Orb Walker","floor":44.0,"turns":1.0},{"damage":40.0,"enemies":"Giant Head","floor":48.0,"turns":2.0},{"damage":4.0,"enemies":"Donu and Deca","floor":50.0,"turns":1.0},{"damage":0.0,"enemies":"Time Eater","floor":51.0,"turns":1.0},{"damage":16.0,"enemies":"","floor":52.0,"turns":4.0},{"damage":4.0,"enemies":"","floor":53.0,"turns":1.0},{"damage":0.0,"enemies":"","floor":57.0,"turns":1.0},{"damage":0,"enemies":"paleoftheancients:N","floor":61,"turns":2}],"seed_played":"1393426697974824264","potions_obtained":[{"floor":10.0,"key":"SteroidPotion"},{"floor":14.0,"key":"Weak Potion"},{"floor":16.0,"key":"ColorlessPotion"},{"floor":35.0,"key":"testmod-SpacePotion"},{"floor":48.0,"key":"Block Potion"},{"floor":52.0,"key":"SkillPotion"}],"is_trial":false,"path_per_floor":["M","?","M","?","T","E","$","?","T","M","E","?","?","E","R","B",null,"M","?","?","M","$","R","E","R","T","?","R","E","?","E","R","B",null,"M","?","?","?","$","E","R","?","T","M","$","?","R","E","R","B","B","M","M","?","$","R","M","R","$","?","B",null],"character_chosen":"REMILIA","items_purchased":["testmod-Charity","MastersStateliness+1","ChaoDraw","Finesse","ColorlessPotion","SSSystem","TransientEternity+1","Strawberry"],"campfire_rested":0,"item_purchase_floors":[7,39,45,55,55,59,59,59],"current_hp_per_floor":[45,45,46,22,22,29,29,29,29,30,31,31,9,15,15,37,65,66,67,45,46,46,46,50,50,51,51,51,61,61,62,62,63,81,82,83,90,91,91,92,92,92,92,93,93,93,93,91,91,104,114,100,119,119,119,119,119,119,126,126,129],"gold":62,"neow_bonus":"TRANSFORM_TWO_CARDS","is_daily":false,"chose_seed":false,"campfire_upgraded":9,"win_rate":0.0,"timestamp":1611700242,"path_taken":["M","?","?","?","?","E","?","?","T","?","E","?","?","E","R","BOSS","M","?","?","?","?","R","E","R","T","?","R","E","?","E","R","BOSS","M","?","?","?","$","E","R","?","T","?","$","?","R","E","R","BOSS","BOSS","M","M","?","$","R","M","R","$","?","BOSS"],"items_purchased_type":["Relic","Card","Relic","Card","Potion","Relic","Card","Relic"],"build_version":"2020-12-22","purchased_purges":3,"victory":true,"max_hp_per_floor":[70,70,70,70,70,70,70,70,70,71,72,72,72,73,73,74,74,75,76,81,82,82,82,83,83,84,84,84,85,85,86,86,87,87,88,89,90,91,91,92,92,92,92,93,93,93,93,94,94,104,114,115,119,119,119,119,122,122,129,129,129],"card_choices":[{"not_picked":["TwelveNightmare","VampireClaw"],"picked":"MastersStateliness","floor":1.0},{"not_picked":["NightDance","RedRainbow","UnstableMagic","SuperhumanBloodyKnife"],"picked":"ScarletSymphony","floor":3.0},{"not_picked":["BombardNight","SuperhumanBloodyKnife","DiffusionOfMisfortune","Stigmanizer"],"picked":"RedNightlessCastle","floor":6.0},{"not_picked":["MastersStateliness+1","EndlessAdversity","ScarletSymphony","ScarletDevil"],"picked":"ScarletMeister+1","floor":10.0},{"not_picked":["VampireSweep","TwelveNightmare+1","RedRainbow","ReincarnationDial"],"picked":"CeilingFear","floor":11.0},{"not_picked":["ChaoticDestiny","BloodHunter","ScarletNetherworld+1","UnstableMagic"],"picked":"Maim","floor":14.0},{"not_picked":["CurseOfVladTepes+1","BloodRain","ChaoticDestiny","DemonKingCradle+1"],"picked":"TransientEternity+1","floor":16.0},{"not_picked":["FavorOfDestiny","BombardNight","VampireFantasy","BloodHunter"],"picked":"DiffusionOfMisfortune","floor":18.0},{"not_picked":["AfternoonTea","UnstableMagic","ScarletImprint","EndlessAdversity+1"],"picked":"MastersStateliness+1","floor":21.0},{"not_picked":["UnstableMagic","BadLadyScramble","UnderTheZenith","EndlessAdversity","ReincarnationDial"],"picked":"SKIP","floor":24.0},{"not_picked":["BombardNight","HunterOfTheNight","DiffusionOfMisfortune","BloodAndWine"],"picked":"TransientEternity+1","floor":29.0},{"not_picked":["VampireKiss","StarOfDavid","EndlessAdversity","MiserableFate","VampireFantasy"],"picked":"SKIP","floor":31.0},{"not_picked":["CeilingFear","ScarletCoffin","BloodySeventeenLaser","BloodRain"],"picked":"TransientEternity+1","floor":33.0},{"not_picked":["SuperhumanBloodyKnife","DiffusionOfMisfortune","BloodHunter","ReincarnationDial+1","EmergencyRegeneration"],"picked":"SKIP","floor":35.0},{"not_picked":["VampireFantasy","EmergencyRegeneration","BloodHunter","Stigmanizer"],"picked":"RedMagic+1","floor":37.0},{"not_picked":["EndlessAdversity","UnderTheZenith","UnstableMagic+1","Septette"],"picked":"ScarletDevil","floor":40.0},{"not_picked":["GlobalNightmare","BadLadyScramble","UnstableMagic","BombardNight"],"picked":"BloodyCatastrophe","floor":44.0},{"not_picked":["BlasphemousPunishment+1","Stigmanizer","VampireClaw+1","ScarletNetherworld+1","ChainGang"],"picked":"SKIP","floor":48.0},{"not_picked":["NightDance+1","BloodAndWine","BadLadyScramble+1","StarOfDavid+1"],"picked":"MastersStateliness+1","floor":52.0},{"not_picked":["DiffusionOfMisfortune+1","FavorOfDestiny","RedRainbow+1","UnderTheZenith"],"picked":"ScarletImprint+1","floor":53.0},{"not_picked":["SuperhumanBloodyKnife","RedRainbow","DiffusionOfMisfortune+1","BloodHunter+1"],"picked":"NightDance+1","floor":57.0}],"player_experience":583090,"relics_obtained":[{"floor":1.0,"key":"SynthV:TestCard"},{"floor":1.0,"key":"Baka"},{"floor":3.0,"key":"testmod-RainbowHikingShoes"},{"floor":5.0,"key":"ImprovedEquipment"},{"floor":6.0,"key":"Frozen Egg 2"},{"floor":11.0,"key":"GodSword7"},{"floor":14.0,"key":"Gambling Chip"},{"floor":24.0,"key":"Oddly Smooth Stone"},{"floor":26.0,"key":"Ccalipers"},{"floor":29.0,"key":"Akabeko"},{"floor":31.0,"key":"Nunchaku"},{"floor":35.0,"key":"Baka2"},{"floor":37.0,"key":"Gungnir"},{"floor":40.0,"key":"Pantograph"},{"floor":43.0,"key":"Kunai"},{"floor":48.0,"key":"testmod-TurbochargingSystem"},{"floor":52.0,"key":"paleoftheancients:SoulOfTheSilent"},{"floor":53.0,"key":"paleoftheancients:SoulOfTheIroncluck"}],"event_choices":[{"cards_removed":["Strike_RM"],"damage_healed":0.0,"max_hp_gain":0.0,"max_hp_loss":0.0,"gold_gain":0.0,"event_name":"Purifier","player_choice":"Purged","floor":2.0,"gold_loss":0.0,"damage_taken":0.0},{"damage_healed":0.0,"max_hp_gain":0.0,"max_hp_loss":0.0,"gold_gain":0.0,"event_name":"Golden Idol","player_choice":"Take Damage","floor":4.0,"gold_loss":0.0,"damage_taken":24.0,"relics_obtained":["Golden Idol"]},{"damage_healed":0.0,"max_hp_gain":0.0,"max_hp_loss":0.0,"gold_gain":0.0,"event_name":"Accursed Blacksmith","player_choice":"Forge","floor":8.0,"gold_loss":0.0,"damage_taken":0.0,"cards_upgraded":["MostiFishMod:VineMother"]},{"damage_healed":0.0,"max_hp_gain":0.0,"max_hp_loss":0.0,"gold_gain":0.0,"event_name":"给自己的盒子","player_choice":"Swap Relic","floor":12.0,"relics_lost":["Empty Cage"],"gold_loss":0.0,"damage_taken":0.0,"relics_obtained":["Empty Cage"]},{"damage_healed":0.0,"max_hp_gain":0.0,"max_hp_loss":0.0,"gold_gain":0.0,"event_name":"Shining Light","player_choice":"Entered Light","floor":13.0,"gold_loss":0.0,"damage_taken":22.0,"cards_upgraded":["CeilingFear","Defend_RM"]},{"damage_healed":0.0,"max_hp_gain":0.0,"max_hp_loss":0.0,"gold_gain":50.0,"event_name":"Nest","player_choice":"Stole From Cult","floor":19.0,"gold_loss":0.0,"damage_taken":0.0},{"damage_healed":0.0,"max_hp_gain":5.0,"max_hp_loss":0.0,"gold_gain":0.0,"event_name":"Forgotten Altar","player_choice":"Shed Blood","floor":20.0,"gold_loss":0.0,"damage_taken":27.0},{"damage_healed":0.0,"max_hp_gain":0.0,"max_hp_loss":0.0,"gold_gain":0.0,"event_name":"Ghosts","player_choice":"Ignored","floor":27.0,"gold_loss":0.0,"damage_taken":0.0},{"damage_healed":0.0,"max_hp_gain":0.0,"max_hp_loss":0.0,"gold_gain":0.0,"cards_transformed":["BlasphemousPunishment","Strike_RM"],"event_name":"Drug Dealer","player_choice":"Became Test Subject","floor":30.0,"gold_loss":0.0,"damage_taken":0.0,"cards_obtained":["GlobalNightmare","ScarletImprint"]},{"damage_healed":0.0,"max_hp_gain":0.0,"max_hp_loss":0.0,"gold_gain":333.0,"event_name":"The Moai Head","player_choice":"Gave Idol","floor":36.0,"relics_lost":["Golden Idol"],"gold_loss":0.0,"damage_taken":0.0},{"damage_healed":0.0,"max_hp_gain":0.0,"max_hp_loss":0.0,"gold_gain":0.0,"event_name":"MindBloom","player_choice":"Fight","floor":37.0,"gold_loss":0.0,"damage_taken":0.0},{"damage_healed":0.0,"max_hp_gain":0.0,"max_hp_loss":0.0,"gold_gain":400.0,"event_name":"恩洛斯的盘子","player_choice":"Sell","floor":38.0,"relics_lost":["testmod-TestBox"],"gold_loss":0.0,"damage_taken":0.0},{"damage_healed":0.0,"max_hp_gain":0.0,"max_hp_loss":0.0,"gold_gain":0.0,"event_name":"Upgrade Shrine","player_choice":"Upgraded","floor":42.0,"gold_loss":0.0,"damage_taken":0.0,"cards_upgraded":["DiffusionOfMisfortune"]},{"cards_removed":["GlobalNightmare"],"damage_healed":0.0,"max_hp_gain":0.0,"max_hp_loss":0.0,"gold_gain":0.0,"event_name":"Falling","player_choice":"Removed Skill","floor":46.0,"gold_loss":0.0,"damage_taken":0.0},{"damage_healed":0.0,"max_hp_gain":0.0,"max_hp_loss":0.0,"gold_gain":0.0,"event_name":"Upgrade Shrine","player_choice":"Upgraded","floor":54.0,"gold_loss":0.0,"damage_taken":0.0,"cards_upgraded":["Stigmanizer"]}],"is_beta":false,"boss_relics":[{"not_picked":["REME_DuelDisc","testmod-SaigiyounoYou"],"picked":"testmod-Prudence"},{"not_picked":["EE1DDrone","NightmareShop"],"picked":"ChiXiaoBlade"}],"items_purged_floors":[22,39,45],"is_endless":false,"potions_floor_spawned":[10,14,16,18,33,35,48,52,57],"ascension_level":20}}