{"host":"lqbxjgk5gjumi04q","time":1611621299,"event":{"mods":["2.2 Compatiblity","AchievementEnabler","Aspiration","BaseMod","Bestiary","Better Altar","Better Match","Better Note","Better Sensory Stone","Better Skull","Better Third Choice","BetterRewards","Colored Map","Colored Powertips","Conspire","Downfall","Energized Spire","Hermit","Hubris","Minty Spire (QoL Compilation)","Permanent Neow","Quick Restart","Rare Cards Sparkle","Relic Stats","Replay The Spire","StSLib","The Jungle","The Marked","Waifu the Spire"],"gold_per_floor":[114,132,150,150,355,355,383,383,409,421,434,434,444,444,444,541,541,561,54,71,71,88,88,119,119,119,119,119,152,152,152,152,251,251,261,279,279,279],"floor_reached":37,"language":"ENG","playtime":1329,"items_purged":["Strike_R","Strike_R"],"score":407,"play_id":"4525a8be-4a9f-4850-98cb-322bbaf3982f","local_time":"20210125163459","is_ascension_mode":false,"campfire_choices":[{"data":"conspire:Charge","floor":6.0,"key":"SMITH"},{"floor":8.0,"key":"REST"},{"data":"conspire:Charge","floor":12.0,"key":"SMITH"},{"data":"Bash","floor":15.0,"key":"SMITH"},{"floor":23.0,"key":"REST"},{"data":"Double Tap","floor":25,"key":"SMITH"},{"floor":27,"key":"REST"},{"floor":30,"key":"REST"},{"data":"Defend_R","floor":32,"key":"SMITH"}],"circlet_count":0,"master_deck":["Strike_R","Strike_R","Defend_R+1","Defend_R","Defend_R+1","Defend_R","Bash+1","conspire:Charge+1","conspire:Charge+1","Double Tap+1","Flex+1","Juggernaut","CurseOfTheBell"],"relics":["Burning Blood","Brimstone","ReplayTheSpireMod:Lightbulb","aspiration:DSix","hubris:CuriousFeather","Replay:WaspNest","conspire:RoyalGoblet","aspiration:Lifesprig","conspire:Flyswatter","ReplayFunnel","hubris:MysteriousPyramids","aspiration:HiddenCompartment","Calling Bell","hubris:TenFootPole","Pear","hubris:64BitClover"],"acts_visited":["Exordium","TheCity","TheBeyond"],"potions_floor_usage":[36],"damage_taken":[{"damage":0.0,"enemies":"2 Louse","floor":1.0,"turns":2.0},{"damage":0.0,"enemies":"Small Slimes","floor":2.0,"turns":2.0},{"damage":0.0,"enemies":"Cultist","floor":3.0,"turns":2.0},{"damage":21.0,"enemies":"Lagavulin","floor":7.0,"turns":4.0},{"damage":0.0,"enemies":"2 Fungi Beasts","floor":10.0,"turns":2.0},{"damage":12.0,"enemies":"Large Slime","floor":11.0,"turns":3.0},{"damage":8.0,"enemies":"Exordium Thugs","floor":13.0,"turns":5.0},{"damage":54.0,"enemies":"Fading Forest","floor":16.0,"turns":11.0},{"damage":13.0,"enemies":"Shell Parasite","floor":18.0,"turns":3.0},{"damage":21.0,"enemies":"conspire:FuzzyDice","floor":20.0,"turns":3.0},{"damage":22.0,"enemies":"3 Cultists","floor":22.0,"turns":4.0},{"damage":36,"enemies":"conspire:SneckoGhost","floor":24,"turns":4},{"damage":25,"enemies":"Book of Stabbing","floor":29,"turns":3},{"damage":21,"enemies":"hubris:MusketHawk","floor":33,"turns":5},{"damage":22,"enemies":"Orb Walker","floor":35,"turns":3},{"damage":69,"enemies":"3 Darklings","floor":36,"turns":4},{"damage":37,"enemies":"4 Shapes","floor":37,"turns":2}],"seed_played":"-4423415561396403010","potions_obtained":[{"floor":3.0,"key":"Strength Potion"},{"floor":7.0,"key":"BloodPotion"},{"floor":11.0,"key":"SkillPotion"},{"floor":13.0,"key":"SpeedPotion"},{"floor":18.0,"key":"Elixir"},{"floor":20.0,"key":"Fire Potion"},{"floor":33,"key":"sneckomod:MuddlingPotion"},{"floor":36,"key":"BloodPotion"}],"is_trial":false,"path_per_floor":["M","M","M","?","?","R","E","R","T","M","M","R","M","?","R","B",null,"M","$","M","?","M","R","E","R","T","R","$","E","R","?","R_BF","B",null,"M","M","M"],"character_chosen":"IRONCLAD","items_purchased":["Brimstone","ReplayTheSpireMod:Lightbulb","conspire:Charge","aspiration:Lifesprig","conspire:Flyswatter"],"campfire_rested":4,"item_purchase_floors":[0,0,0,19,19],"current_hp_per_floor":[50,56,62,62,30,30,31,55,55,61,55,55,53,61,61,23,80,73,73,58,58,42,66,36,36,36,60,60,41,65,65,65,50,90,74,29,0,0],"gold":279,"neow_bonus":"","is_daily":false,"chose_seed":false,"campfire_upgraded":5,"win_rate":0.0,"timestamp":1611621299,"path_taken":["M","M","M","?","?","R","E","R","T","M","M","R","M","?","R","BOSS","M","?","M","?","M","R","E","R","T","R","$","E","R","?","R_BF","BOSS","M","M","M"],"items_purchased_type":["Relic","Relic","Card","Relic","Relic"],"build_version":"2020-12-22","purchased_purges":2,"victory":false,"max_hp_per_floor":[80,80,80,80,80,80,80,80,80,80,80,80,80,80,80,80,80,80,80,80,80,80,80,80,80,80,80,80,80,80,80,80,80,90,90,90,90,90],"relic_stats":{"counters":[17,62],"obtain_stats":[{"ReplayFunnel":24,"aspiration:Lifesprig":19,"Pear":34,"conspire:RoyalGoblet":17,"hubris:64BitClover":34,"Replay:WaspNest":9,"hubris:MysteriousPyramids":26,"aspiration:HiddenCompartment":29,"Burning Blood":0,"Calling Bell":34,"Brimstone":0,"hubris:CuriousFeather":7,"hubris:TenFootPole":34,"ReplayTheSpireMod:Lightbulb":0,"aspiration:DSix":0,"conspire:Flyswatter":19},{"ReplayFunnel":12,"aspiration:Lifesprig":9,"Pear":14,"conspire:RoyalGoblet":8,"hubris:64BitClover":14,"Replay:WaspNest":4,"hubris:MysteriousPyramids":12,"aspiration:HiddenCompartment":13,"Burning Blood":0,"Calling Bell":14,"Brimstone":0,"hubris:CuriousFeather":4,"hubris:TenFootPole":14,"ReplayTheSpireMod:Lightbulb":0,"aspiration:DSix":0,"conspire:Flyswatter":9},{"ReplayFunnel":45,"aspiration:Lifesprig":34,"Pear":53,"conspire:RoyalGoblet":31,"hubris:64BitClover":53,"Replay:WaspNest":10,"hubris:MysteriousPyramids":45,"aspiration:HiddenCompartment":48,"Burning Blood":0,"Calling Bell":53,"Brimstone":0,"hubris:CuriousFeather":10,"hubris:TenFootPole":53,"ReplayTheSpireMod:Lightbulb":0,"aspiration:DSix":0,"conspire:Flyswatter":34}],"Burning Blood":96},"card_choices":[{"not_picked":["Twin Strike","Rupture","Iron Wave"],"picked":"SKIP","floor":1.0},{"not_picked":["True Grit","Entrench","Ghostly Armor"],"picked":"SKIP","floor":2.0},{"not_picked":["Second Wind","Blood for Blood","Searing Blow"],"picked":"SKIP","floor":3.0},{"not_picked":["Rupture","Headbutt","ReplayTheSpireMod:Strike From Hell"],"picked":"SKIP","floor":7.0},{"not_picked":["Dropkick","Uppercut","Entrench"],"picked":"SKIP","floor":10.0},{"not_picked":["Headbutt","Perfected Strike","Whirlwind"],"picked":"SKIP","floor":11.0},{"not_picked":["Body Slam","Warcry","Iron Wave"],"picked":"SKIP","floor":13.0},{"not_picked":["Corruption","hubris:StunningStrike"],"picked":"Double Tap","floor":16.0},{"not_picked":["Headbutt","Shrug It Off","Blood for Blood"],"picked":"SKIP","floor":18.0},{"not_picked":["Clash","Replay:Undeath\u0027s Touch"],"picked":"Flex+1","floor":20.0},{"not_picked":["Replay:Undeath\u0027s Touch","Combust","Second Wind"],"picked":"SKIP","floor":22.0},{"not_picked":["ReplayTheSpireMod:Strike From Hell","Armaments+1","Barricade"],"picked":"SKIP","floor":24},{"not_picked":["Twin Strike+1","Shrug It Off","Replay:Undeath\u0027s Touch+1"],"picked":"SKIP","floor":29},{"not_picked":["Offering","Hemogenesis"],"picked":"Juggernaut","floor":33},{"not_picked":["hubris:ReadiedAction+1","ReplayTheSpireMod:LeadingStrike","Metallicize"],"picked":"SKIP","floor":35},{"not_picked":["Thunderclap+1","Ghostly Armor+1","Entrench"],"picked":"SKIP","floor":36}],"player_experience":598,"relics_obtained":[{"floor":7.0,"key":"hubris:CuriousFeather"},{"floor":9.0,"key":"Replay:WaspNest"},{"floor":24,"key":"ReplayFunnel"},{"floor":26,"key":"hubris:MysteriousPyramids"},{"floor":29,"key":"aspiration:HiddenCompartment"},{"floor":34,"key":"hubris:TenFootPole"},{"floor":34,"key":"Pear"},{"floor":34,"key":"hubris:64BitClover"}],"event_choices":[{"cards_removed":["Defend_R"],"damage_healed":0.0,"max_hp_gain":0.0,"max_hp_loss":0.0,"gold_gain":0.0,"event_name":"betterNote:BetterNote","player_choice":"Give","floor":21.0,"gold_loss":0.0,"damage_taken":0.0,"cards_obtained":["None"]},{"cards_removed":["Strike_R"],"damage_healed":0,"gold_gain":0,"player_choice":"Elegance","damage_taken":0,"max_hp_gain":0,"max_hp_loss":0,"event_name":"betterThird:BetterWriting","floor":31,"gold_loss":0}],"is_beta":false,"boss_relics":[{"not_picked":["hubris:Stopwatch","Replay:Ancient Bell"],"picked":"conspire:RoyalGoblet"},{"not_picked":["Honey Jar","hubris:TerracottaHorce"],"picked":"Calling Bell"}],"items_purged_floors":[0,19],"is_endless":false,"potions_floor_spawned":[3,7,11,13,18,20,33,36],"killed_by":"4 Shapes","ascension_level":0}}