{"host":"04hh9gplt9wkfmr1","time":1611686320,"event":{"mods":["AchievementEnabler","BaseMod","Colored Map","KOR Keyword Fix","Minty Spire (QoL Compilation)","Rare Cards Sparkle","SuperFastMode"],"gold_per_floor":[115,126,126,144,159,159,188,204,204,204,231,231,266,285,285,389,389,404,404,427,274,274,308,308,341,341,369,369,384,384,400,400,496,546,566,585,406,8,27,54,54,71,119,119,119,137,137,156,156,156,156],"floor_reached":50,"language":"KOR","playtime":1395,"items_purged":["Defend_R"],"score":740,"play_id":"d02552b7-a326-466c-9928-ac87013d03a0","local_time":"20210127033840","is_ascension_mode":true,"campfire_choices":[{"data":"Perfected Strike","floor":6.0,"key":"SMITH"},{"data":"Armaments","floor":12.0,"key":"SMITH"},{"data":"Perfected Strike","floor":15.0,"key":"SMITH"},{"data":"Dual Wield","floor":24.0,"key":"SMITH"},{"floor":28.0,"key":"REST"},{"data":"Offering","floor":30.0,"key":"SMITH"},{"data":"Bash","floor":32.0,"key":"SMITH"},{"data":"Metamorphosis","floor":41,"key":"SMITH"},{"data":"Enlightenment","floor":45,"key":"SMITH"},{"data":"Panacea","floor":47,"key":"SMITH"},{"data":"Mayhem","floor":49,"key":"SMITH"}],"circlet_count":0,"master_deck":["Strike_R","Strike_R","Strike_R","Strike_R+1","Strike_R+1","Defend_R","Defend_R","Defend_R+1","Bash+1","Twin Strike","Pommel Strike","Perfected Strike+1","Armaments+1","Headbutt","Perfected Strike+1","Offering+1","Dual Wield+1","Battle Trance","Twin Strike","Immolate","Metamorphosis+1","Rage","Blind","Panacea+1","Reprogram+1","Mayhem+1","Bandage Up","Enlightenment+1","Finesse+1","Dual Wield+1"],"relics":["Burning Blood","Kunai","Tiny Chest","Bag of Preparation","Singing Bowl","Regal Pillow","Sozu","Bronze Scales","Orichalcum","StoneCalendar","Potion Belt","Shuriken","Eternal Feather","Meat on the Bone","Tiny House","PrismaticShard","PreservedInsect","Bag of Marbles"],"acts_visited":["Exordium","TheCity","TheBeyond"],"potions_floor_usage":[],"damage_taken":[{"damage":5.0,"enemies":"Small Slimes","floor":1.0,"turns":4.0},{"damage":6.0,"enemies":"Jaw Worm","floor":2.0,"turns":4.0},{"damage":0.0,"enemies":"Cultist","floor":4.0,"turns":3.0},{"damage":0.0,"enemies":"Gremlin Gang","floor":5.0,"turns":2.0},{"damage":30.0,"enemies":"Lagavulin","floor":7.0,"turns":6.0},{"damage":1.0,"enemies":"Red Slaver","floor":8.0,"turns":3.0},{"damage":12.0,"enemies":"3 Sentries","floor":11.0,"turns":6.0},{"damage":16.0,"enemies":"Gremlin Nob","floor":13.0,"turns":3.0},{"damage":4.0,"enemies":"2 Fungi Beasts","floor":14.0,"turns":3.0},{"damage":38.0,"enemies":"Hexaghost","floor":16.0,"turns":9.0},{"damage":6.0,"enemies":"Spheric Guardian","floor":18.0,"turns":2.0},{"damage":22.0,"enemies":"Slavers","floor":23.0,"turns":5.0},{"damage":22.0,"enemies":"Book of Stabbing","floor":25.0,"turns":3.0},{"damage":26.0,"enemies":"Gremlin Leader","floor":27.0,"turns":4.0},{"damage":0.0,"enemies":"3 Byrds","floor":29.0,"turns":4.0},{"damage":14.0,"enemies":"Snake Plant","floor":31.0,"turns":3.0},{"damage":71.0,"enemies":"Automaton","floor":33.0,"turns":8.0},{"damage":15.0,"enemies":"3 Shapes","floor":35.0,"turns":4.0},{"damage":17.0,"enemies":"Orb Walker","floor":36.0,"turns":3.0},{"damage":28.0,"enemies":"Maw","floor":39.0,"turns":6.0},{"damage":37.0,"enemies":"Giant Head","floor":40.0,"turns":6.0},{"damage":16,"enemies":"3 Darklings","floor":42,"turns":4},{"damage":7,"enemies":"Transient","floor":46,"turns":5},{"damage":16,"enemies":"4 Shapes","floor":48,"turns":2},{"damage":118,"enemies":"Time Eater","floor":50,"turns":7}],"seed_played":"2981912006065598194","potions_obtained":[{"floor":1.0,"key":"Explosive Potion"},{"floor":5.0,"key":"Swift Potion"},{"floor":8.0,"key":"BlessingOfTheForge"},{"floor":16.0,"key":"SpeedPotion"}],"is_trial":false,"path_per_floor":["M","M","?","M","M","R","E","M","T","?","E","R","E","M","R","B",null,"M","?","T","$","T","E","R","E","T","E","R","M","R","M","R","B",null,"M","M","$","$","M","E","R","M","T","?","R","M","R","M","R","B"],"character_chosen":"IRONCLAD","items_purchased":["Orichalcum","Metamorphosis","PrismaticShard","Rage","Blind"],"campfire_rested":1,"item_purchase_floors":[21,37,38,38,38],"current_hp_per_floor":[88,88,81,87,88,88,64,69,69,51,47,47,39,41,41,9,92,92,74,74,74,74,60,60,44,44,26,80,88,97,89,101,48,110,103,94,94,94,72,53,68,72,72,62,77,80,95,89,107,0,0],"gold":156,"neow_bonus":"TEN_PERCENT_HP_BONUS","is_daily":false,"chose_seed":false,"campfire_upgraded":10,"win_rate":0.0,"timestamp":1611686320,"path_taken":["M","M","?","M","M","R","E","M","T","?","E","R","E","M","R","BOSS","M","?","?","$","?","E","R","E","T","E","R","M","R","M","R","BOSS","M","?","?","$","M","E","R","M","T","?","R","M","R","M","R","BOSS"],"items_purchased_type":["Relic","Card","Relic","Card","Card"],"build_version":"2020-12-22","purchased_purges":1,"victory":false,"max_hp_per_floor":[88,88,88,88,88,88,88,88,88,88,90,90,92,92,92,92,92,92,97,97,97,97,99,99,99,99,101,101,103,103,103,103,103,110,112,114,114,114,114,114,114,116,116,116,116,116,116,116,116,116,116],"card_choices":[{"not_picked":["Battle Trance","Ghostly Armor"],"picked":"Twin Strike","floor":1.0},{"not_picked":["True Grit","Carnage"],"picked":"Pommel Strike","floor":2.0},{"not_picked":["Headbutt","Armaments"],"picked":"Perfected Strike","floor":4.0},{"not_picked":["Clothesline","Cleave"],"picked":"Armaments","floor":5.0},{"not_picked":["Impervious","Rage"],"picked":"Headbutt","floor":7.0},{"not_picked":["Thunderclap","Armaments","Power Through"],"picked":"SKIP","floor":8.0},{"not_picked":["Entrench","Combust","Shrug It Off"],"picked":"Singing Bowl","floor":11.0},{"not_picked":["Evolve","Wild Strike","Havoc"],"picked":"Singing Bowl","floor":13.0},{"not_picked":["Seeing Red","Twin Strike"],"picked":"Perfected Strike","floor":14.0},{"not_picked":["Juggernaut","Feed"],"picked":"Offering","floor":16.0},{"not_picked":["Iron Wave","Twin Strike"],"picked":"Dual Wield","floor":18.0},{"not_picked":["Feel No Pain+1","Dropkick+1","Wild Strike"],"picked":"Singing Bowl","floor":23.0},{"not_picked":["Blood for Blood","Uppercut+1"],"picked":"Battle Trance","floor":25.0},{"not_picked":["Rupture","Burning Pact","Body Slam"],"picked":"Singing Bowl","floor":27.0},{"not_picked":["Sever Soul","True Grit","Second Wind"],"picked":"Singing Bowl","floor":29.0},{"not_picked":["Sever Soul","Entrench"],"picked":"Twin Strike","floor":31.0},{"not_picked":["Feed","Impervious"],"picked":"Immolate","floor":33.0},{"not_picked":["Sever Soul","Entrench","Headbutt"],"picked":"Singing Bowl","floor":34.0},{"not_picked":["Bloodletting","Anger+1","Sentinel"],"picked":"Singing Bowl","floor":35.0},{"not_picked":["Rampage","Infernal Blade+1","Clash"],"picked":"Singing Bowl","floor":36.0},{"not_picked":["Havoc+1","Reckless Charge+1"],"picked":"Panacea","floor":39.0},{"not_picked":["Bouncing Flask+1","Dramatic Entrance"],"picked":"Reprogram+1","floor":40},{"not_picked":["FlurryOfBlows","Hologram+1","Sword Boomerang"],"picked":"Singing Bowl","floor":42},{"not_picked":["Flash of Steel","Impatience"],"picked":"Mayhem","floor":44},{"not_picked":["Finesse","Flash of Steel"],"picked":"Bandage Up","floor":44},{"not_picked":["Purity","PanicButton"],"picked":"Enlightenment","floor":44},{"not_picked":["Gash+1","Wild Strike+1"],"picked":"Finesse+1","floor":46},{"not_picked":["Auto Shields+1","Halt"],"picked":"Dual Wield+1","floor":48}],"player_experience":87257,"relics_obtained":[{"floor":7.0,"key":"Tiny Chest"},{"floor":9.0,"key":"Bag of Preparation"},{"floor":11.0,"key":"Singing Bowl"},{"floor":13.0,"key":"Regal Pillow"},{"floor":20.0,"key":"Bronze Scales"},{"floor":22.0,"key":"StoneCalendar"},{"floor":23.0,"key":"Potion Belt"},{"floor":25.0,"key":"Shuriken"},{"floor":26.0,"key":"Eternal Feather"},{"floor":27.0,"key":"Meat on the Bone"},{"floor":40,"key":"PreservedInsect"},{"floor":43,"key":"Bag of Marbles"}],"event_choices":[{"damage_healed":0.0,"max_hp_gain":0.0,"max_hp_loss":0.0,"gold_gain":0.0,"event_name":"Scrap Ooze","player_choice":"Success","floor":3.0,"gold_loss":0.0,"damage_taken":7.0,"relics_obtained":["Kunai"]},{"damage_healed":0.0,"max_hp_gain":0.0,"max_hp_loss":0.0,"gold_gain":0.0,"event_name":"Shining Light","player_choice":"Entered Light","floor":10.0,"gold_loss":0.0,"damage_taken":18.0,"cards_upgraded":["Strike_R","Defend_R"]},{"damage_healed":0.0,"max_hp_gain":5.0,"max_hp_loss":0.0,"gold_gain":0.0,"event_name":"Forgotten Altar","player_choice":"Shed Blood","floor":19.0,"gold_loss":0.0,"damage_taken":23.0},{"damage_healed":0,"gold_gain":0,"player_choice":"Memory 3","damage_taken":10,"max_hp_gain":0,"max_hp_loss":0,"event_name":"SensoryStone","floor":44,"gold_loss":0}],"is_beta":false,"boss_relics":[{"not_picked":["Astrolabe","Mark of Pain"],"picked":"Sozu"},{"not_picked":["Coffee Dripper","Pandora\u0027s Box"],"picked":"Tiny House"}],"items_purged_floors":[38],"is_endless":false,"potions_floor_spawned":[1,5,8,16,18,29,31,39,40,42],"killed_by":"Time Eater","ascension_level":4}}