{"host":"ypphcgdomtfqpc2w","time":1611655772,"event":{"mods":["BaseMod","DeckTracker","Minty Spire (QoL Compilation)","Relic Stats","StSLib"],"gold_per_floor":[119,135,155,155,41,41,60,90,90,90,116,135,153,181,181,257,257,268,268,268,286,301,301,315,341,341,354,354,354,366,32,32,103,103,123,135,153,153,201,227,227,255,278,292,292,618,618,636,636,636,636,636,636,29,57,57],"floor_reached":57,"language":"ENG","playtime":5204,"items_purged":["Strike_R","Strike_R"],"score":2793,"play_id":"3ac8191a-1b80-4075-950a-d86ee2c7bac3","local_time":"20210126190932","is_ascension_mode":true,"campfire_choices":[{"data":"Sever Soul","floor":6,"key":"SMITH"},{"data":"True Grit","floor":10,"key":"SMITH"},{"data":"Disarm","floor":15,"key":"SMITH"},{"data":"Metallicize","floor":23,"key":"SMITH"},{"data":"Blood for Blood","floor":28,"key":"SMITH"},{"data":"Limit Break","floor":32,"key":"SMITH"},{"data":"Uppercut","floor":41,"key":"SMITH"},{"floor":45,"key":"RECALL"},{"data":"Feel No Pain","floor":49,"key":"SMITH"},{"data":"Feel No Pain","floor":53,"key":"SMITH"}],"circlet_count":0,"master_deck":["AscendersBane","Strike_R","Strike_R","Defend_R","Defend_R","Defend_R","Sever Soul+1","True Grit+1","Feel No Pain+1","Blood for Blood+1","Thunderclap","Feel No Pain+1","Disarm+1","Metallicize+1","Reaper","Feed","Armaments+1","Cleave","Battle Trance+1","Ghostly Armor","Havoc+1","Limit Break+1","Exhume","Uppercut+1","Shrug It Off","Flame Barrier","Shrug It Off+1","Power Through+1","Barricade+1","Headbutt+1","Pommel Strike+1"],"relics":["Burning Blood","Incense Burner","White Beast Statue","Darkstone Periapt","Happy Flower","Coffee Dripper","Enchiridion","Vajra","Shuriken","OrangePellets","Runic Cube","Frozen Egg 2","Bottled Lightning","Bag of Preparation","Old Coin","Kunai","Medical Kit","Lantern","Torii"],"acts_visited":["Exordium","TheCity","TheBeyond","TheEnding"],"potions_floor_usage":[11,12,13,14,16,21,22,24,25,25,30,33,40,40,40,42,56,56],"damage_taken":[{"damage":7,"enemies":"Small Slimes","floor":1,"turns":4},{"damage":1,"enemies":"Cultist","floor":2,"turns":3},{"damage":5,"enemies":"Jaw Worm","floor":3,"turns":3},{"damage":9,"enemies":"Red Slaver","floor":7,"turns":4},{"damage":34,"enemies":"Lagavulin","floor":8,"turns":6},{"damage":8,"enemies":"Gremlin Nob","floor":11,"turns":3},{"damage":11,"enemies":"2 Fungi Beasts","floor":12,"turns":4},{"damage":0,"enemies":"Exordium Wildlife","floor":13,"turns":3},{"damage":9,"enemies":"Lagavulin","floor":14,"turns":7},{"damage":21,"enemies":"Hexaghost","floor":16,"turns":8},{"damage":38,"enemies":"Shell Parasite","floor":18,"turns":10},{"damage":8,"enemies":"3 Byrds","floor":21,"turns":5},{"damage":18,"enemies":"Snake Plant","floor":22,"turns":5},{"damage":0,"enemies":"Centurion and Healer","floor":24,"turns":5},{"damage":24,"enemies":"Gremlin Leader","floor":25,"turns":6},{"damage":3,"enemies":"3 Cultists","floor":27,"turns":5},{"damage":3,"enemies":"Sentry and Sphere","floor":30,"turns":8},{"damage":6,"enemies":"Champ","floor":33,"turns":8},{"damage":17,"enemies":"3 Shapes","floor":35,"turns":8},{"damage":0,"enemies":"Orb Walker","floor":36,"turns":4},{"damage":11,"enemies":"3 Darklings","floor":37,"turns":7},{"damage":67,"enemies":"Giant Head","floor":40,"turns":8},{"damage":31,"enemies":"Reptomancer","floor":42,"turns":5},{"damage":13,"enemies":"Sphere and 2 Shapes","floor":44,"turns":6},{"damage":33,"enemies":"Nemesis","floor":46,"turns":11},{"damage":2,"enemies":"Spire Growth","floor":48,"turns":11},{"damage":28,"enemies":"Donu and Deca","floor":50,"turns":16},{"damage":81,"enemies":"Awakened One","floor":51,"turns":16},{"damage":38,"enemies":"Shield and Spear","floor":55,"turns":14},{"damage":54,"enemies":"The Heart","floor":56,"turns":14}],"seed_played":"-7399574544861725969","potions_obtained":[{"floor":2,"key":"GamblersBrew"},{"floor":3,"key":"PowerPotion"},{"floor":11,"key":"PowerPotion"},{"floor":12,"key":"DistilledChaos"},{"floor":13,"key":"AttackPotion"},{"floor":14,"key":"FearPotion"},{"floor":16,"key":"Fire Potion"},{"floor":21,"key":"Strength Potion"},{"floor":22,"key":"DuplicationPotion"},{"floor":24,"key":"DistilledChaos"},{"floor":25,"key":"Dexterity Potion"},{"floor":27,"key":"Strength Potion"},{"floor":30,"key":"FearPotion"},{"floor":33,"key":"SteroidPotion"},{"floor":35,"key":"Strength Potion"},{"floor":36,"key":"SteroidPotion"},{"floor":37,"key":"EntropicBrew"},{"floor":40,"key":"SteroidPotion"},{"floor":42,"key":"Regen Potion"},{"floor":44,"key":"DuplicationPotion"}],"is_trial":false,"path_per_floor":["M","M","M","?","$","R","M","E","T","R","E","M","M","E","R","B",null,"M","?","?","M","M","R","M","E","T","M","R","$","M","$","R","B",null,"M","M","M","?","T","E","R","E","T","M","R","E","?","M","R","B","B",null,"R","$","E","B",null],"character_chosen":"IRONCLAD","items_purchased":["Blood for Blood","Limit Break","OrangePellets","Kunai","Medical Kit","Lantern"],"campfire_rested":0,"item_purchase_floors":[5,31,31,54,54,54],"current_hp_per_floor":[67,72,73,73,73,73,70,42,42,42,40,35,41,38,38,39,66,41,20,20,27,22,22,39,50,50,71,71,71,86,86,86,92,92,98,101,99,99,99,108,108,105,105,108,108,99,99,118,118,122,126,126,126,126,106,81],"gold":57,"neow_bonus":"TRANSFORM_CARD","is_daily":false,"chose_seed":false,"campfire_upgraded":9,"win_rate":0.0,"timestamp":1611655772,"path_taken":["M","M","M","?","?","R","M","E","T","R","E","M","?","E","R","BOSS","M","?","?","M","M","R","M","E","T","?","R","?","M","$","R","BOSS","M","M","M","?","?","E","R","E","T","M","R","E","?","M","R","BOSS","BOSS","R","$","E","BOSS"],"items_purchased_type":["Card","Card","Relic","Relic","Relic","Relic"],"build_version":"2020-12-22","purchased_purges":2,"victory":true,"max_hp_per_floor":[75,75,75,75,75,75,75,75,75,75,75,75,75,75,75,75,75,78,78,78,81,81,81,85,85,85,88,88,88,92,92,92,92,92,98,101,104,104,104,108,108,112,112,115,115,115,115,118,118,122,126,126,126,126,126,126],"relic_stats":{"Darkstone Periapt":0,"OrangePellets":[24],"Happy Flower":[60],"Torii":1,"counters":[30,217],"Shuriken":[26],"Bag of Preparation":[14],"Kunai":[6],"Medical Kit":[23],"obtain_stats":[{"Darkstone Periapt":11,"Lantern":54,"Happy Flower":14,"Torii":55,"Enchiridion":19,"Vajra":25,"Incense Burner":8,"Bag of Preparation":43,"Frozen Egg 2":40,"Medical Kit":54,"Burning Blood":0,"White Beast Statue":9,"Old Coin":46,"OrangePellets":31,"Shuriken":26,"Coffee Dripper":17,"Bottled Lightning":42,"Kunai":54,"Runic Cube":34},{"Darkstone Periapt":6,"Lantern":28,"Happy Flower":9,"Torii":29,"Enchiridion":11,"Vajra":15,"Incense Burner":5,"Bag of Preparation":23,"Frozen Egg 2":22,"Medical Kit":28,"Burning Blood":0,"White Beast Statue":5,"Old Coin":25,"OrangePellets":17,"Shuriken":15,"Coffee Dripper":10,"Bottled Lightning":23,"Kunai":28,"Runic Cube":18},{"Darkstone Periapt":23,"Lantern":189,"Happy Flower":37,"Torii":203,"Enchiridion":55,"Vajra":76,"Incense Burner":20,"Bag of Preparation":129,"Frozen Egg 2":124,"Medical Kit":189,"Burning Blood":0,"White Beast Statue":20,"Old Coin":146,"OrangePellets":89,"Shuriken":76,"Coffee Dripper":45,"Bottled Lightning":129,"Kunai":189,"Runic Cube":97}],"Burning Blood":145,"Runic Cube":[52]},"card_choices":[{"not_picked":["Perfected Strike","Cleave"],"picked":"Sever Soul","floor":1},{"not_picked":["Pommel Strike","Perfected Strike"],"picked":"True Grit","floor":2},{"not_picked":["Sword Boomerang","Clothesline"],"picked":"Feel No Pain","floor":3},{"not_picked":["Headbutt","Heavy Blade"],"picked":"Thunderclap","floor":7},{"not_picked":["Rampage","Heavy Blade"],"picked":"Feel No Pain","floor":8},{"not_picked":["Body Slam","Twin Strike","Sword Boomerang"],"picked":"SKIP","floor":11},{"not_picked":["Flex","Headbutt"],"picked":"Disarm","floor":12},{"not_picked":["Spot Weakness","True Grit"],"picked":"Metallicize","floor":13},{"not_picked":["Intimidate","Carnage"],"picked":"Reaper","floor":14},{"not_picked":["Barricade","Brutality"],"picked":"Feed","floor":16},{"not_picked":["Hemokinesis","Second Wind"],"picked":"Armaments+1","floor":18},{"not_picked":["Searing Blow","Blood for Blood","Clothesline+1"],"picked":"SKIP","floor":21},{"not_picked":["Reckless Charge","Anger"],"picked":"Battle Trance+1","floor":22},{"not_picked":["Sever Soul","Warcry"],"picked":"Ghostly Armor","floor":24},{"not_picked":["True Grit","Clash","Pummel"],"picked":"SKIP","floor":25},{"not_picked":["Rage+1","Pummel","Twin Strike+1"],"picked":"SKIP","floor":27},{"not_picked":["Clash","Entrench"],"picked":"Havoc+1","floor":30},{"not_picked":["Corruption","Offering"],"picked":"Exhume","floor":33},{"not_picked":["Clothesline","Dual Wield"],"picked":"Uppercut","floor":35},{"not_picked":["Thunderclap","Infernal Blade"],"picked":"Shrug It Off","floor":36},{"not_picked":["Perfected Strike","Armaments","Body Slam"],"picked":"SKIP","floor":37},{"not_picked":["Feel No Pain+1","Intimidate"],"picked":"Flame Barrier","floor":40},{"not_picked":["Flex","Warcry+1"],"picked":"Shrug It Off+1","floor":42},{"not_picked":["Cleave","Havoc"],"picked":"Power Through+1","floor":44},{"not_picked":["Dual Wield","Anger"],"picked":"Barricade+1","floor":46},{"not_picked":["Iron Wave","Thunderclap"],"picked":"Headbutt+1","floor":48},{"not_picked":["Warcry","Uppercut"],"picked":"Pommel Strike+1","floor":55}],"player_experience":2111265,"relics_obtained":[{"floor":8,"key":"Incense Burner"},{"floor":9,"key":"White Beast Statue"},{"floor":11,"key":"Darkstone Periapt"},{"floor":14,"key":"Happy Flower"},{"floor":19,"key":"Enchiridion"},{"floor":25,"key":"Vajra"},{"floor":26,"key":"Shuriken"},{"floor":40,"key":"Frozen Egg 2"},{"floor":42,"key":"Bottled Lightning"},{"floor":43,"key":"Bag of Preparation"},{"floor":46,"key":"Old Coin"},{"floor":55,"key":"Torii"}],"event_choices":[{"damage_healed":0,"gold_gain":0,"player_choice":"0 cards matched","damage_taken":0,"max_hp_gain":0,"max_hp_loss":0,"event_name":"Match and Keep!","floor":4,"gold_loss":0,"cards_obtained":[]},{"damage_healed":0,"gold_gain":0,"player_choice":"Obtained Book","damage_taken":21,"max_hp_gain":0,"max_hp_loss":0,"event_name":"Cursed Tome","floor":19,"gold_loss":0},{"damage_healed":0,"gold_gain":0,"cards_transformed":["Strike_R"],"player_choice":"Transformed","damage_taken":0,"max_hp_gain":0,"max_hp_loss":0,"event_name":"Transmorgrifier","floor":20,"gold_loss":0,"cards_obtained":["Cleave"]},{"cards_removed":["Headbutt"],"damage_healed":0,"gold_gain":0,"player_choice":"Removed Attack","damage_taken":0,"max_hp_gain":0,"max_hp_loss":0,"event_name":"Falling","floor":38,"gold_loss":0},{"cards_removed":["Bash"],"damage_healed":0,"gold_gain":0,"player_choice":"Purged","damage_taken":0,"max_hp_gain":0,"max_hp_loss":0,"event_name":"Purifier","floor":47,"gold_loss":0}],"is_beta":false,"boss_relics":[{"not_picked":["Philosopher\u0027s Stone","Black Star"],"picked":"Coffee Dripper"},{"not_picked":["Fusion Hammer","Astrolabe"],"picked":"Runic Cube"}],"items_purged_floors":[5,31],"is_endless":false,"potions_floor_spawned":[2,3,8,11,12,13,14,16,18,21,22,24,25,27,30,33,35,36,37,40,42,44,46,48,55],"ascension_level":20}}