{"host":"9qk11wtevf51xvhl","time":1611702599,"event":{"mods":["BaseMod","Minty Spire (QoL Compilation)"],"gold_per_floor":[111,111,124,137,137,165,165,176,200,200,200,200],"floor_reached":11,"language":"ENG","playtime":750,"items_purged":[],"score":110,"play_id":"bf6c09b8-7c8a-4b38-9288-f0f81f0b9904","local_time":"20210127000959","is_ascension_mode":true,"campfire_choices":[{"data":"Feed","floor":7,"key":"SMITH"},{"data":"Brutality","floor":10,"key":"SMITH"}],"circlet_count":0,"master_deck":["AscendersBane","Strike_R","Strike_R","Strike_R","Strike_R","Defend_R","Defend_R","Defend_R","Defend_R","Bash","Flame Barrier","Brutality+1","Spot Weakness","Feed+1"],"relics":["Burning Blood","Orichalcum","Nunchaku"],"acts_visited":["Exordium"],"potions_floor_usage":[6,6,6],"damage_taken":[{"damage":18,"enemies":"Jaw Worm","floor":1,"turns":4},{"damage":0,"enemies":"Small Slimes","floor":3,"turns":4},{"damage":1,"enemies":"Cultist","floor":4,"turns":4},{"damage":30,"enemies":"Gremlin Nob","floor":6,"turns":6},{"damage":23,"enemies":"Exordium Thugs","floor":8,"turns":6},{"damage":44,"enemies":"Lagavulin","floor":11,"turns":7}],"seed_played":"4982969244743028366","potions_obtained":[{"floor":1,"key":"Block Potion"},{"floor":3,"key":"DuplicationPotion"},{"floor":4,"key":"DuplicationPotion"}],"is_trial":false,"path_per_floor":["M","?","M","M","?","E","R","M","T","R","E"],"character_chosen":"IRONCLAD","items_purchased":[],"campfire_rested":0,"item_purchase_floors":[],"current_hp_per_floor":[68,68,74,79,79,55,55,42,42,42,0,0],"gold":200,"neow_bonus":"TEN_PERCENT_HP_BONUS","is_daily":false,"chose_seed":false,"campfire_upgraded":2,"win_rate":0.0,"timestamp":1611702599,"path_taken":["M","?","M","M","?","E","R","M","T","R","E"],"items_purchased_type":[],"build_version":"2020-12-22","purchased_purges":0,"victory":false,"max_hp_per_floor":[88,88,88,88,88,88,88,92,92,92,92,92],"card_choices":[{"not_picked":["Feel No Pain","Cleave"],"picked":"Flame Barrier","floor":1},{"not_picked":["Second Wind","Dual Wield"],"picked":"Spot Weakness","floor":3},{"not_picked":["Infernal Blade","Havoc","Pommel Strike"],"picked":"SKIP","floor":4},{"not_picked":["Disarm","Whirlwind"],"picked":"Feed","floor":6},{"not_picked":["Flex","Flame Barrier","Pommel Strike"],"picked":"SKIP","floor":8}],"player_experience":514874,"relics_obtained":[{"floor":6,"key":"Orichalcum"},{"floor":9,"key":"Nunchaku"}],"event_choices":[{"damage_healed":0,"gold_gain":0,"cards_transformed":["Strike_R"],"player_choice":"Change","damage_taken":0,"max_hp_gain":0,"max_hp_loss":0,"event_name":"Living Wall","floor":2,"gold_loss":0,"cards_obtained":["Brutality"]},{"damage_healed":0,"gold_gain":0,"player_choice":"Got Potions","damage_taken":0,"max_hp_gain":0,"max_hp_loss":0,"event_name":"Lab","floor":5,"gold_loss":0}],"is_beta":false,"boss_relics":[],"items_purged_floors":[],"is_endless":false,"potions_floor_spawned":[1,3,4],"killed_by":"Lagavulin","ascension_level":10}}