{"host":"zk71suw73lg2r165","time":1611626924,"event":{"mods":["BaseMod","Colored Map","Minty Spire (QoL Compilation)","Permanent Neow","Relic Stats","StSLib"],"gold_per_floor":[18,29,46,58,76,104,104,130,130,160,175,175,175,206,206,285,285,302,317,317,68,68,68,101,101,101,133,148,163,195,195,195,268,268,280,296,296,22,39,39,59,59,86,86,12,12,27,61,61,61,61,61],"floor_reached":51,"language":"ENG","playtime":2047,"items_purged":["Strike_B"],"score":1505,"play_id":"aaab9f45-7c10-4d70-b197-cc1536e9197b","local_time":"20210125210844","is_ascension_mode":true,"campfire_choices":[{"data":"Apotheosis","floor":7.0,"key":"SMITH"},{"data":"Self Repair","floor":12.0,"key":"SMITH"},{"data":"Static Discharge","floor":15.0,"key":"SMITH"},{"data":"Fission","floor":23.0,"key":"SMITH"},{"floor":25.0,"key":"RECALL"},{"data":"Genetic Algorithm","floor":32.0,"key":"SMITH"},{"floor":40.0,"key":"REST"},{"floor":42.0,"key":"REST"},{"floor":44,"key":"REST"},{"floor":49,"key":"REST"}],"circlet_count":0,"master_deck":["AscendersBane","Strike_B","Strike_B","Defend_B","Defend_B","Defend_B","Defend_B+1","Zap","Dualcast","Apotheosis+1","Self Repair+1","Ball Lightning","Go for the Eyes","Static Discharge+1","Sweeping Beam","Steam","Storm","Genetic Algorithm+1","Skim+1","Ball Lightning","Lockon","Electrodynamics","Compile Driver","Ghostly","Ghostly","Ghostly","Fission+1","Double Energy","Machine Learning","Coolheaded+1","Auto Shields+1","Rainbow","Capacitor","Genetic Algorithm+1","Barrage","Redo","Defragment+1","White Noise","Hologram","Core Surge","Steam Power","Consume"],"relics":["FrozenCore","InkBottle","Omamori","Gremlin Horn","Art of War","Bag of Marbles","Dream Catcher","Mummified Hand","Ancient Tea Set","Letter Opener","Question Card","Fusion Hammer","Mercury Hourglass","War Paint","Ice Cream"],"acts_visited":["Exordium","TheCity","TheBeyond"],"potions_floor_usage":[51,51],"damage_taken":[{"damage":7.0,"enemies":"2 Louse","floor":1.0,"turns":3.0},{"damage":2.0,"enemies":"Jaw Worm","floor":2.0,"turns":3.0},{"damage":15.0,"enemies":"Small Slimes","floor":3.0,"turns":5.0},{"damage":4.0,"enemies":"Blue Slaver","floor":4.0,"turns":4.0},{"damage":13.0,"enemies":"Large Slime","floor":5.0,"turns":4.0},{"damage":7.0,"enemies":"Lagavulin","floor":6.0,"turns":6.0},{"damage":22.0,"enemies":"3 Sentries","floor":8.0,"turns":4.0},{"damage":15.0,"enemies":"Lagavulin","floor":10.0,"turns":5.0},{"damage":4.0,"enemies":"Lots of Slimes","floor":11.0,"turns":3.0},{"damage":10.0,"enemies":"3 Sentries","floor":14.0,"turns":4.0},{"damage":28.0,"enemies":"The Guardian","floor":16.0,"turns":9.0},{"damage":24.0,"enemies":"2 Thieves","floor":18.0,"turns":4.0},{"damage":0.0,"enemies":"Chosen","floor":19.0,"turns":5.0},{"damage":0.0,"enemies":"Gremlin Leader","floor":24.0,"turns":6.0},{"damage":11.0,"enemies":"Slavers","floor":27.0,"turns":3.0},{"damage":0.0,"enemies":"Snake Plant","floor":28.0,"turns":3.0},{"damage":2.0,"enemies":"Shelled Parasite and Fungi","floor":29.0,"turns":5.0},{"damage":4.0,"enemies":"Book of Stabbing","floor":30.0,"turns":5.0},{"damage":20.0,"enemies":"Collector","floor":33.0,"turns":11.0},{"damage":0.0,"enemies":"3 Shapes","floor":35.0,"turns":1.0},{"damage":0.0,"enemies":"Orb Walker","floor":36.0,"turns":5.0},{"damage":0.0,"enemies":"Transient","floor":39.0,"turns":6.0},{"damage":0.0,"enemies":"Sphere and 2 Shapes","floor":41.0,"turns":4.0},{"damage":0,"enemies":"4 Shapes","floor":47,"turns":4},{"damage":26,"enemies":"Reptomancer","floor":48,"turns":5},{"damage":20,"enemies":"Donu and Deca","floor":50,"turns":6},{"damage":25,"enemies":"Time Eater","floor":51,"turns":7}],"seed_played":"-682463521093264172","potions_obtained":[{"floor":4.0,"key":"DistilledChaos"},{"floor":5.0,"key":"SpeedPotion"},{"floor":6.0,"key":"SpeedPotion"},{"floor":27.0,"key":"AttackPotion"},{"floor":29.0,"key":"LiquidMemories"},{"floor":30.0,"key":"Ancient Potion"}],"is_trial":false,"path_per_floor":["M","M","M","M","M","E","R","E","T","E","M","R","?","E","R","B",null,"M","M","?","$","?","R","E","R","T","E","M","M","E","T","R","B",null,"M","M","?","$","M","R","M","R","T","R","$","?","M","E","R","B","B"],"character_chosen":"DEFECT","items_purchased":["Fission","Mercury Hourglass","Core Surge"],"campfire_rested":4,"item_purchase_floors":[21,38,45],"current_hp_per_floor":[57,62,54,57,54,54,54,32,32,27,33,33,33,33,33,15,57,33,43,35,35,35,35,35,35,35,24,34,35,35,35,35,25,33,35,35,35,35,35,35,35,35,35,35,35,35,35,19,29,19,0,0],"gold":61,"neow_bonus":"RANDOM_COLORLESS_2","is_daily":false,"chose_seed":false,"campfire_upgraded":5,"win_rate":0.0,"timestamp":1611626924,"path_taken":["M","M","M","M","M","E","R","E","T","E","M","R","?","E","R","BOSS","M","M","?","$","?","R","E","R","T","E","M","M","E","?","R","BOSS","M","M","?","$","?","R","M","R","T","R","$","?","?","E","R","BOSS","BOSS"],"items_purchased_type":["Card","Relic","Card"],"build_version":"2020-12-22","purchased_purges":1,"victory":false,"max_hp_per_floor":[71,71,71,71,71,71,71,71,71,71,71,71,71,71,71,71,71,71,71,35,35,35,35,35,35,35,35,35,35,35,35,35,35,35,35,35,35,35,35,35,35,35,35,35,35,35,35,35,35,35,35,35],"relic_stats":{"Dream Catcher":4,"Gremlin Horn":[31,31],"counters":[27,130],"Mummified Hand":[69],"Art of War":[11],"Letter Opener":[186],"War Paint":["Defend_B","Skim"],"Question Card":11,"obtain_stats":[{"Ice Cream":48,"Gremlin Horn":10,"Omamori":8,"Letter Opener":30,"War Paint":43,"Ancient Tea Set":27,"Question Card":31,"FrozenCore":17,"Mercury Hourglass":38,"Dream Catcher":24,"Mummified Hand":26,"Fusion Hammer":34,"Art of War":14,"Bag of Marbles":22,"Cracked Core":0,"InkBottle":6},{"Ice Cream":25,"Gremlin Horn":8,"Omamori":7,"Letter Opener":18,"War Paint":23,"Ancient Tea Set":15,"Question Card":18,"FrozenCore":11,"Mercury Hourglass":21,"Dream Catcher":14,"Mummified Hand":14,"Fusion Hammer":19,"Art of War":10,"Bag of Marbles":13,"Cracked Core":0,"InkBottle":6},{"Ice Cream":117,"Gremlin Horn":34,"Omamori":29,"Letter Opener":81,"War Paint":108,"Ancient Tea Set":68,"Question Card":81,"FrozenCore":50,"Mercury Hourglass":98,"Dream Catcher":65,"Mummified Hand":65,"Fusion Hammer":92,"Art of War":41,"Bag of Marbles":59,"Cracked Core":0,"InkBottle":25}],"InkBottle":[51],"FrozenCore":[28],"Mercury Hourglass":[121]},"card_choices":[{"not_picked":["Violence","Thinking Ahead"],"picked":"Apotheosis","floor":0.0},{"not_picked":["Barrage","Steam"],"picked":"Self Repair","floor":1.0},{"not_picked":["Leap","Sweeping Beam"],"picked":"Ball Lightning","floor":2.0},{"not_picked":["Turbo","Force Field"],"picked":"Go for the Eyes","floor":3.0},{"not_picked":["Cold Snap","Chill"],"picked":"Static Discharge","floor":4.0},{"not_picked":["Turbo","Meteor Strike"],"picked":"Sweeping Beam","floor":5.0},{"not_picked":["Gash","Recycle"],"picked":"Steam","floor":6.0},{"not_picked":["Ball Lightning","Sweeping Beam"],"picked":"Storm","floor":8.0},{"not_picked":["Double Energy","Recycle"],"picked":"Genetic Algorithm","floor":10.0},{"not_picked":["Ball Lightning","Streamline"],"picked":"Skim","floor":11.0},{"not_picked":["Meteor Strike","Beam Cell"],"picked":"Lockon","floor":14.0},{"not_picked":["Seek","Core Surge"],"picked":"Electrodynamics","floor":16.0},{"not_picked":["Darkness","Redo+1","Rebound"],"picked":"SKIP","floor":18.0},{"not_picked":["Beam Cell","Turbo"],"picked":"Compile Driver","floor":19.0},{"not_picked":["Stack","Rebound"],"picked":"Double Energy","floor":24.0},{"not_picked":["Melter","Gash"],"picked":"Machine Learning","floor":27.0},{"not_picked":["Redo","Sweeping Beam","Compile Driver"],"picked":"SKIP","floor":28.0},{"not_picked":["Redo+1","Rainbow"],"picked":"Coolheaded+1","floor":29.0},{"not_picked":["Beam Cell","Aggregate"],"picked":"Auto Shields+1","floor":30.0},{"not_picked":["Buffer","Fission","Multi-Cast"],"picked":"Rainbow","floor":33.0},{"not_picked":["Chaos","Turbo","Compile Driver"],"picked":"Capacitor","floor":35.0},{"not_picked":["Aggregate","Cold Snap","Ball Lightning","Streamline"],"picked":"SKIP","floor":36.0},{"not_picked":["Aggregate","Cold Snap","Ball Lightning","Streamline"],"picked":"SKIP","floor":36.0},{"not_picked":["Skim","Rip and Tear","Cold Snap"],"picked":"Barrage","floor":39.0},{"not_picked":["Leap+1","Stack","Turbo"],"picked":"Redo","floor":40.0},{"not_picked":["Fusion+1","Sweeping Beam","Hologram"],"picked":"Defragment","floor":41.0},{"not_picked":["Turbo","Auto Shields+1","Rainbow"],"picked":"White Noise","floor":42.0},{"not_picked":["Sweeping Beam","Undo+1","Barrage+1"],"picked":"Hologram","floor":44},{"not_picked":["Barrage","Hello World","Rip and Tear"],"picked":"Steam Power","floor":47},{"not_picked":["Turbo+1","Ball Lightning","Hologram"],"picked":"Consume","floor":48}],"player_experience":1375393,"relics_obtained":[{"floor":6.0,"key":"InkBottle"},{"floor":8.0,"key":"Omamori"},{"floor":10.0,"key":"Gremlin Horn"},{"floor":14.0,"key":"Art of War"},{"floor":24.0,"key":"Dream Catcher"},{"floor":26.0,"key":"Mummified Hand"},{"floor":27.0,"key":"Ancient Tea Set"},{"floor":30.0,"key":"Letter Opener"},{"floor":31.0,"key":"Question Card"},{"floor":43.0,"key":"War Paint"},{"floor":48,"key":"Ice Cream"}],"event_choices":[{"damage_healed":0.0,"max_hp_gain":0.0,"max_hp_loss":0.0,"gold_gain":0.0,"cards_transformed":["Strike_B"],"event_name":"Living Wall","player_choice":"Change","floor":13.0,"gold_loss":0.0,"damage_taken":0.0,"cards_obtained":["Ball Lightning"]},{"damage_healed":0.0,"max_hp_gain":0.0,"max_hp_loss":36.0,"gold_gain":0.0,"event_name":"Ghosts","player_choice":"Became a Ghost","floor":20.0,"gold_loss":0.0,"damage_taken":0.0,"cards_obtained":["Ghostly","Ghostly","Ghostly"]},{"damage_healed":0.0,"max_hp_gain":0.0,"max_hp_loss":0.0,"gold_gain":0.0,"event_name":"Addict","player_choice":"Stole Relic","floor":22.0,"gold_loss":0.0,"damage_taken":0.0,"relics_obtained":["Bag of Marbles"],"cards_obtained":["Shame"]},{"damage_healed":0.0,"max_hp_gain":0.0,"max_hp_loss":0.0,"gold_gain":0.0,"event_name":"Duplicator","player_choice":"Copied","floor":37.0,"gold_loss":0.0,"damage_taken":0.0,"cards_obtained":["Genetic Algorithm"]},{"damage_healed":0,"gold_gain":0,"player_choice":"Forge","damage_taken":0,"max_hp_gain":0,"max_hp_loss":0,"event_name":"Accursed Blacksmith","floor":46,"gold_loss":0,"cards_upgraded":["Defragment"]}],"is_beta":false,"boss_relics":[{"not_picked":["Philosopher\u0027s Stone","Ectoplasm"],"picked":"FrozenCore"},{"not_picked":["Tiny House","Sozu"],"picked":"Fusion Hammer"}],"items_purged_floors":[21],"is_endless":false,"potions_floor_spawned":[4,5,6,14,27,29,30,33,36,41,48],"killed_by":"Time Eater","ascension_level":20}}