{"host":"oi6p1guiqfwwvxym","time":1611632397,"event":{"mods":["BaseMod","Bestiary","Colored Map","Minty Spire (QoL Compilation)","Relic Stats"],"gold_per_floor":[111,36,56,56,71,71,101,156,156,156,156,156],"floor_reached":11,"language":"ENG","playtime":346,"items_purged":[],"score":142,"play_id":"120663d5-2714-41d3-8e32-6ea485960c10","local_time":"20210125193957","is_ascension_mode":true,"campfire_choices":[{"data":"Bash","floor":6.0,"key":"SMITH"},{"floor":10,"key":"REST"}],"circlet_count":0,"master_deck":["AscendersBane","Strike_R","Strike_R","Strike_R","Strike_R","Defend_R","Defend_R","Defend_R","Defend_R","Bash+1","Burning Pact","Combust","Twin Strike","Armaments"],"relics":["Burning Blood","Mummified Hand","Anchor"],"acts_visited":["Exordium"],"potions_floor_usage":[7,11],"damage_taken":[{"damage":12.0,"enemies":"Small Slimes","floor":1.0,"turns":4.0},{"damage":6.0,"enemies":"2 Louse","floor":3.0,"turns":3.0},{"damage":14.0,"enemies":"Jaw Worm","floor":5.0,"turns":4.0},{"damage":50,"enemies":"Lagavulin","floor":7,"turns":8},{"damage":39,"enemies":"Gremlin Nob","floor":11,"turns":3}],"seed_played":"-1689514651083241395","potions_obtained":[{"floor":0.0,"key":"SkillPotion"},{"floor":0.0,"key":"SteroidPotion"},{"floor":1.0,"key":"FearPotion"},{"floor":7,"key":"SpeedPotion"}],"is_trial":false,"path_per_floor":["M","?","M","?","M","R","E","?","T","R","E"],"character_chosen":"IRONCLAD","items_purchased":[],"campfire_rested":1,"item_purchase_floors":[],"current_hp_per_floor":[62,62,62,62,54,54,10,10,10,32,0,0],"gold":156,"neow_bonus":"THREE_SMALL_POTIONS","is_daily":false,"chose_seed":false,"campfire_upgraded":1,"win_rate":0.0,"timestamp":1611632397,"path_taken":["M","?","M","?","M","R","E","?","T","R","E"],"items_purchased_type":[],"build_version":"2020-12-22","purchased_purges":0,"victory":false,"max_hp_per_floor":[75,75,75,75,75,75,75,75,75,75,75,75],"relic_stats":{"counters":[5,22],"Mummified Hand":[0],"obtain_stats":[{"Anchor":9,"Mummified Hand":7,"Burning Blood":0},{"Anchor":4,"Mummified Hand":4,"Burning Blood":0},{"Anchor":19,"Mummified Hand":19,"Burning Blood":0}],"Burning Blood":24},"card_choices":[{"not_picked":["Entrench","Flex"],"picked":"Burning Pact","floor":1.0},{"not_picked":["Armaments","Dual Wield"],"picked":"Combust","floor":3.0},{"not_picked":["Flex","Armaments"],"picked":"Twin Strike","floor":5.0},{"not_picked":["Exhume","Power Through"],"picked":"Armaments","floor":7}],"player_experience":396799,"relics_obtained":[{"floor":7,"key":"Mummified Hand"},{"floor":9,"key":"Anchor"}],"event_choices":[{"cards_removed":["Strike_R"],"damage_healed":0.0,"max_hp_gain":0.0,"max_hp_loss":0.0,"gold_gain":0.0,"event_name":"The Cleric","player_choice":"Card Removal","floor":2.0,"gold_loss":75.0,"damage_taken":0.0},{"damage_healed":0.0,"max_hp_gain":0.0,"max_hp_loss":0.0,"gold_gain":0.0,"event_name":"Liars Game","player_choice":"Ignored","floor":4.0,"gold_loss":0.0,"damage_taken":0.0},{"damage_healed":0,"gold_gain":55,"player_choice":"Gained Gold","damage_taken":0,"max_hp_gain":0,"max_hp_loss":0,"event_name":"Golden Wing","floor":8,"gold_loss":0}],"is_beta":false,"boss_relics":[],"items_purged_floors":[],"is_endless":false,"potions_floor_spawned":[1,7],"killed_by":"Gremlin Nob","ascension_level":20}}