{"host":"dxb4eoww080epc4n","time":1611674800,"event":{"mods":["AchievementEnabler","BaseMod","Better Note","BetterRewards","Colored Powertips","Conspire","Energized Spire","GifTheSpireLib","Gremlin Skip","Hubris","KinomotoSakuraMod(????)","Minty Spire (QoL Compilation)","Permanent Neow","Quick Restart","Rare Cards Sparkle","Relic Sorter","Replay The Spire","Shop Mod","Spikes Relics","StSLib","The Animator"],"gold_per_floor":[119,119,45,45,77,77,107,126,126,141,154,184,184,184],"floor_reached":13,"language":"ENG","playtime":1172,"items_purged":["Overencumbered"],"score":87,"play_id":"73594afb-49e4-432e-9dda-eb451731eac9","local_time":"20210126162640","is_ascension_mode":false,"campfire_choices":[{"floor":6,"key":"RECALL"}],"circlet_count":0,"master_deck":["animator:Strike_Konosuba","animator:Defend_Konosuba","animator:Strike","animator:Strike","animator:Strike","animator:Defend","animator:Defend","animator:Defend","animator:Kazuma","animator:Aqua+1","animator:Berserker","animator:YunYun","animator:Illya","animator:EmiyaShirou","animator:ShinjiMatou","animator:RinTohsaka","animator:UneriGinkaku"],"relics":["animator:LivingPicture","animator:TheMissingPiece","Durian","BrokenLever","ReplayTheSpireMod:CursedCoin","MerchantsRug","Counterbalance"],"acts_visited":["Exordium"],"potions_floor_usage":[12,12],"damage_taken":[{"damage":5,"enemies":"Cultist","floor":1,"turns":6},{"damage":0,"enemies":"Jaw Worm","floor":5,"turns":4},{"damage":12,"enemies":"3 Sentries","floor":7,"turns":8},{"damage":7,"enemies":"Small Slimes","floor":8,"turns":3},{"damage":0,"enemies":"3 Louse","floor":10,"turns":2},{"damage":12,"enemies":"Blue Slaver","floor":11,"turns":3},{"damage":8,"enemies":"Large Slime","floor":12,"turns":6},{"damage":33,"enemies":"Lagavulin","floor":13,"turns":6}],"seed_played":"-1227736356448035220","potions_obtained":[{"floor":8,"key":"Swift Potion"},{"floor":10,"key":"Block Potion"}],"is_trial":false,"path_per_floor":["M","?","$","?","M","R","E","M","T","M","M","M","E"],"character_chosen":"THE_ANIMATOR","items_purchased":["Durian","ReplayTheSpireMod:CursedCoin","MerchantsRug"],"campfire_rested":0,"item_purchase_floors":[0,3,3],"current_hp_per_floor":[54,54,54,54,57,57,48,44,44,44,35,30,0,0],"gold":184,"neow_bonus":"","is_daily":false,"chose_seed":false,"campfire_upgraded":0,"win_rate":0.0,"timestamp":1611674800,"path_taken":["M","?","$","?","M","R","E","M","T","M","M","M","E"],"items_purchased_type":["Relic","Relic","Relic"],"build_version":"2020-12-22","purchased_purges":1,"victory":false,"max_hp_per_floor":[66,66,66,66,66,66,66,66,66,66,66,66,66,66],"card_choices":[{"not_picked":["animator:Caster","animator:Emonzaemon"],"picked":"animator:Berserker","floor":1},{"not_picked":["animator:Emonzaemon","animator:OrikoMikuni"],"picked":"animator:YunYun","floor":5},{"not_picked":["animator:Ain","animator:Lu"],"picked":"animator:Illya","floor":7},{"not_picked":["animator:Lancer","animator:Rider"],"picked":"animator:EmiyaShirou","floor":8},{"not_picked":["animator:Kazuma","animator:Elsword"],"picked":"animator:ShinjiMatou","floor":10},{"not_picked":["animator:Illya","animator:Togame"],"picked":"animator:RinTohsaka","floor":11},{"not_picked":["animator:Sloth","animator:Konayuki"],"picked":"animator:UneriGinkaku","floor":12}],"player_experience":146416,"relics_obtained":[{"floor":7,"key":"Counterbalance"}],"event_choices":[{"damage_healed":0,"gold_gain":0,"player_choice":"Leave","damage_taken":0,"max_hp_gain":0,"max_hp_loss":0,"event_name":"The Cleric","floor":2,"gold_loss":0}],"is_beta":false,"boss_relics":[],"items_purged_floors":[3],"is_endless":false,"potions_floor_spawned":[8,10],"killed_by":"Lagavulin","ascension_level":0}}