{"host":"7nm1ow5v9mg4ehcw","time":1611657472,"event":{"mods":["BaseMod","Minty Spire (QoL Compilation)","StSLib"],"gold_per_floor":[112,112,127,140,153,178,178,210,233,233,233,259,273,298,298,298,298],"floor_reached":16,"language":"ENG","playtime":832,"items_purged":[],"score":222,"play_id":"4b16d148-6910-4a1e-b041-91913efa48fa","local_time":"20210126113752","is_ascension_mode":true,"campfire_choices":[{"data":"Bash","floor":7,"key":"SMITH"},{"floor":15,"key":"REST"}],"circlet_count":0,"master_deck":["AscendersBane","Strike_R+1","Strike_R","Strike_R","Strike_R","Strike_R","Defend_R","Defend_R","Defend_R","Defend_R","Bash+1","Dramatic Entrance+1","Spot Weakness","Feed","Seeing Red","True Grit","Feel No Pain","Shrug It Off","Flame Barrier","Headbutt","Flame Barrier","Armaments"],"relics":["Burning Blood","PreservedInsect","Omamori","Tiny Chest","Nunchaku","Letter Opener","Odd Mushroom"],"acts_visited":["Exordium"],"potions_floor_usage":[6,16,16],"damage_taken":[{"damage":10,"enemies":"2 Louse","floor":1,"turns":2},{"damage":6,"enemies":"Cultist","floor":3,"turns":3},{"damage":0,"enemies":"Small Slimes","floor":4,"turns":2},{"damage":4,"enemies":"2 Fungi Beasts","floor":5,"turns":2},{"damage":24,"enemies":"Gremlin Nob","floor":6,"turns":4},{"damage":11,"enemies":"Lagavulin","floor":8,"turns":7},{"damage":15,"enemies":"Gremlin Nob","floor":12,"turns":4},{"damage":3,"enemies":"3 Louse","floor":13,"turns":3},{"damage":9,"enemies":"The Mushroom Lair","floor":14,"turns":4},{"damage":60,"enemies":"Hexaghost","floor":16,"turns":16}],"seed_played":"5825263742020877395","potions_obtained":[{"floor":1,"key":"Block Potion"},{"floor":4,"key":"Strength Potion"},{"floor":13,"key":"Ancient Potion"},{"floor":14,"key":"Weak Potion"}],"is_trial":false,"path_per_floor":["M","?","M","M","M","E","R","E","T","?","?","E","M","?","R","B"],"character_chosen":"IRONCLAD","items_purchased":[],"campfire_rested":1,"item_purchase_floors":[],"current_hp_per_floor":[64,64,64,73,78,63,63,58,58,58,33,24,30,30,57,0,0],"gold":298,"neow_bonus":"RANDOM_COLORLESS","is_daily":false,"chose_seed":false,"campfire_upgraded":1,"win_rate":0.0,"timestamp":1611657472,"path_taken":["M","?","M","?","M","E","R","E","T","?","?","E","M","?","R","BOSS"],"items_purchased_type":[],"build_version":"2020-12-22","purchased_purges":0,"victory":false,"max_hp_per_floor":[75,75,75,78,81,84,84,84,84,84,84,84,87,90,90,90,90],"card_choices":[{"not_picked":["Finesse","Discovery"],"picked":"Dramatic Entrance","floor":0},{"not_picked":["Iron Wave","Warcry"],"picked":"Spot Weakness","floor":1},{"not_picked":["Rupture","Second Wind"],"picked":"Seeing Red","floor":3},{"not_picked":["Body Slam","Searing Blow"],"picked":"True Grit","floor":4},{"not_picked":["Cleave","Spot Weakness"],"picked":"Feel No Pain","floor":5},{"not_picked":["Berserk","Rage"],"picked":"Shrug It Off","floor":6},{"not_picked":["Feel No Pain","Spot Weakness"],"picked":"Flame Barrier","floor":8},{"not_picked":["Carnage","Anger"],"picked":"Headbutt","floor":12},{"not_picked":["Anger","Pummel"],"picked":"Flame Barrier","floor":13},{"not_picked":["Headbutt","Flex"],"picked":"Armaments","floor":14}],"player_experience":350129,"relics_obtained":[{"floor":6,"key":"PreservedInsect"},{"floor":8,"key":"Omamori"},{"floor":9,"key":"Tiny Chest"},{"floor":12,"key":"Letter Opener"},{"floor":14,"key":"Odd Mushroom"}],"event_choices":[{"damage_healed":0,"gold_gain":0,"player_choice":"1 cards matched","damage_taken":0,"max_hp_gain":0,"max_hp_loss":0,"event_name":"Match and Keep!","floor":2,"gold_loss":0,"cards_obtained":["Feed"]},{"damage_healed":0,"gold_gain":0,"player_choice":"Box","damage_taken":0,"relics_obtained":["Nunchaku"],"max_hp_gain":0,"max_hp_loss":0,"event_name":"Big Fish","floor":10,"gold_loss":0,"cards_obtained":["Regret"]},{"damage_healed":0,"gold_gain":0,"player_choice":"Entered Light","damage_taken":25,"max_hp_gain":0,"max_hp_loss":0,"event_name":"Shining Light","floor":11,"gold_loss":0,"cards_upgraded":["Dramatic Entrance","Strike_R"]},{"damage_healed":0,"gold_gain":0,"player_choice":"Fought Mushrooms","damage_taken":0,"max_hp_gain":0,"max_hp_loss":0,"event_name":"Mushrooms","floor":14,"gold_loss":0}],"is_beta":false,"boss_relics":[],"items_purged_floors":[],"is_endless":false,"potions_floor_spawned":[1,4,13,14],"killed_by":"Hexaghost","ascension_level":17}}