{"host":"52m1o8iwwagurbjs","time":1611620862,"event":{"mods":["AchievementEnabler","BaseMod","Bestiary","Colored Powertips","GifTheSpireLib","Minty Spire (QoL Compilation)","Quick Restart","RNG Fix","Relic Stats","StSLib"],"gold_per_floor":[117,40,40,102,112,143,143,169,195,220,242,254,289,266,278,411,423,455,427,316,22,22,58,58,89,89,130,93,93,117,132,132,262,262,282,302,325,325,107,143,143,18,18,18,18,18,18,18],"floor_reached":47,"language":"ENG","playtime":1528,"items_purged":["Strike_G","Strike_G","Strike_G"],"score":578,"play_id":"95da3ef1-0832-4965-a07b-394029ed2d50","local_time":"20210125192742","is_ascension_mode":true,"campfire_choices":[{"data":"Bouncing Flask","floor":7.0,"key":"SMITH"},{"floor":15,"key":"REST"},{"data":"Envenom","floor":24,"key":"SMITH"},{"floor":29,"key":"REST"},{"floor":32,"key":"REST"},{"data":"Wraith Form v2","floor":41,"key":"SMITH"},{"floor":46,"key":"RECALL"}],"circlet_count":0,"master_deck":["Strike_G","Strike_G","Defend_G","Defend_G","Defend_G","Defend_G","Defend_G","Survivor","Neutralize","Bouncing Flask+1","Dash","Quick Slash","Deadly Poison","Underhanded Strike+1","Dagger Throw+1","Dagger Throw+1","PiercingWail","Wraith Form v2+1","Dagger Spray+1","Poisoned Stab+1","Underhanded Strike+1","Envenom+1","Eviscerate+1","Crippling Poison","Dagger Spray+1","Caltrops","Deflect+1","Night Terror","Prepared+1","Bouncing Flask+1","Footwork","Venomology"],"relics":["Ring of the Snake","NeowsBlessing","Boot","Molten Egg 2","Ninja Scroll","Potion Belt","MawBank","Golden Idol","Philosopher\u0027s Stone","OrangePellets","Turnip","Gremlin Horn","Letter Opener","Akabeko","Snecko Eye","Omamori","Nunchaku","White Beast Statue"],"acts_visited":["Exordium","TheCity","TheBeyond"],"potions_floor_usage":[13,23,23,23,25,25,25,25,27,27,27,27,33,33,33,37,40,47],"damage_taken":[{"damage":0.0,"enemies":"Small Slimes","floor":1.0,"turns":1.0},{"damage":0.0,"enemies":"Cultist","floor":5.0,"turns":1.0},{"damage":0.0,"enemies":"Gremlin Nob","floor":6.0,"turns":1.0},{"damage":32.0,"enemies":"3 Sentries","floor":8.0,"turns":11.0},{"damage":18.0,"enemies":"Gremlin Nob","floor":10.0,"turns":4.0},{"damage":0.0,"enemies":"Jaw Worm","floor":11.0,"turns":3.0},{"damage":0,"enemies":"2 Fungi Beasts","floor":13,"turns":1},{"damage":22,"enemies":"Hexaghost","floor":16,"turns":8},{"damage":28,"enemies":"3 Byrds","floor":18,"turns":3},{"damage":8,"enemies":"Book of Stabbing","floor":23,"turns":5},{"damage":14,"enemies":"Gremlin Leader","floor":25,"turns":4},{"damage":10,"enemies":"Book of Stabbing","floor":27,"turns":4},{"damage":9,"enemies":"2 Thieves","floor":30,"turns":2},{"damage":0,"enemies":"Chosen and Byrds","floor":31,"turns":4},{"damage":12,"enemies":"Automaton","floor":33,"turns":7},{"damage":8,"enemies":"3 Darklings","floor":35,"turns":9},{"damage":0,"enemies":"Orb Walker","floor":36,"turns":2},{"damage":2,"enemies":"3 Darklings","floor":37,"turns":4},{"damage":13,"enemies":"Giant Head","floor":40,"turns":7},{"damage":44,"enemies":"Reptomancer","floor":47,"turns":4}],"seed_played":"-2547168309490518298","potions_obtained":[{"floor":6.0,"key":"Fire Potion"},{"floor":11.0,"key":"SteroidPotion"},{"floor":16,"key":"EssenceOfSteel"},{"floor":19,"key":"PowerPotion"},{"floor":19,"key":"Block Potion"},{"floor":19,"key":"CunningPotion"},{"floor":23,"key":"EntropicBrew"},{"floor":25,"key":"Swift Potion"},{"floor":27,"key":"Swift Potion"},{"floor":31,"key":"Poison Potion"},{"floor":33,"key":"Energy Potion"},{"floor":35,"key":"FearPotion"},{"floor":37,"key":"DistilledChaos"}],"is_trial":false,"path_per_floor":["M","$","?","?","M","E","R","E","T","E","M","?","M","?","R","B",null,"M","?","$","$","?","E","R","E","T","E","$","R","M","M","R","B",null,"M","M","M","?","$","E","R","$","T","T","$","R","E"],"character_chosen":"THE_SILENT","items_purchased":["Dash","PowerPotion","Poisoned Stab+1","OrangePellets","Caltrops","Footwork","Omamori"],"campfire_rested":3,"item_purchase_floors":[2,20,21,21,28,39,39],"current_hp_per_floor":[70,70,52,52,52,52,52,20,20,2,2,2,2,18,37,15,65,37,37,37,37,37,29,29,15,15,5,5,24,15,15,34,22,65,57,57,55,55,55,42,42,42,42,42,42,42,0,0],"gold":18,"neow_bonus":"THREE_ENEMY_KILL","is_daily":false,"chose_seed":false,"campfire_upgraded":3,"win_rate":0.0,"timestamp":1611620862,"path_taken":["M","$","?","?","M","E","R","E","T","E","?","?","M","?","R","BOSS","M","?","?","$","?","E","R","E","T","E","$","R","M","M","R","BOSS","M","M","M","?","?","E","R","$","T","?","$","R","E"],"items_purchased_type":["Card","Potion","Card","Relic","Card","Card","Relic"],"build_version":"2020-12-22","purchased_purges":3,"victory":false,"max_hp_per_floor":[70,70,70,70,70,70,70,70,70,70,70,65,65,65,65,65,65,65,65,65,65,65,65,65,65,65,65,65,65,65,65,65,65,65,65,65,65,62,62,62,62,62,62,62,62,62,62,62],"relic_stats":{"OrangePellets":[10],"Nunchaku":[1],"Gremlin Horn":[17,17],"counters":[20,85],"Golden Idol":108,"Snecko Eye":[25,23,30,17],"Turnip":[0],"Letter Opener":[45],"Boot":[95],"MawBank":120,"obtain_stats":[{"Potion Belt":9,"NeowsBlessing":0,"Gremlin Horn":25,"Golden Idol":12,"Omamori":39,"Letter Opener":26,"Boot":3,"MawBank":10,"Akabeko":27,"White Beast Statue":44,"OrangePellets":21,"Nunchaku":40,"Ninja Scroll":8,"Snecko Eye":34,"Molten Egg 2":6,"Philosopher\u0027s Stone":17,"Turnip":23,"Ring of the Snake":0},{"Potion Belt":4,"NeowsBlessing":0,"Gremlin Horn":11,"Golden Idol":6,"Omamori":18,"Letter Opener":11,"Boot":1,"MawBank":5,"Akabeko":12,"White Beast Statue":19,"OrangePellets":9,"Nunchaku":19,"Ninja Scroll":4,"Snecko Eye":15,"Molten Egg 2":3,"Philosopher\u0027s Stone":8,"Turnip":10,"Ring of the Snake":0},{"Potion Belt":14,"NeowsBlessing":0,"Gremlin Horn":42,"Golden Idol":21,"Omamori":74,"Letter Opener":42,"Boot":1,"MawBank":18,"Akabeko":46,"White Beast Statue":81,"OrangePellets":33,"Nunchaku":81,"Ninja Scroll":14,"Snecko Eye":59,"Molten Egg 2":3,"Philosopher\u0027s Stone":30,"Turnip":38,"Ring of the Snake":0}],"Ring of the Snake":[30]},"card_choices":[{"not_picked":["Backstab","Slice"],"picked":"Bouncing Flask","floor":1.0},{"not_picked":["Blade Dance","Reflex"],"picked":"Quick Slash","floor":5.0},{"not_picked":["Dodge and Roll","Slice+1"],"picked":"Deadly Poison","floor":6.0},{"not_picked":["Blade Dance","Deflect"],"picked":"Underhanded Strike+1","floor":8.0},{"not_picked":["Predator+1","A Thousand Cuts"],"picked":"Dagger Throw+1","floor":10.0},{"not_picked":["Sucker Punch+1","Underhanded Strike+1"],"picked":"Dagger Throw+1","floor":11.0},{"not_picked":["Backflip","Dodge and Roll"],"picked":"PiercingWail","floor":13},{"not_picked":["Unload+1","Storm of Steel"],"picked":"Wraith Form v2","floor":16},{"not_picked":["Backstab+1","Underhanded Strike+1"],"picked":"Dagger Spray+1","floor":18},{"not_picked":["Concentrate","Finisher+1"],"picked":"Eviscerate+1","floor":23},{"not_picked":["Cloak And Dagger","Deadly Poison"],"picked":"Crippling Poison","floor":25},{"not_picked":["Masterful Stab+1","Finisher+1"],"picked":"Dagger Spray+1","floor":27},{"not_picked":["Quick Slash+1","Blade Dance+1","Bane+1"],"picked":"SKIP","floor":30},{"not_picked":["Sucker Punch+1","Dagger Spray+1"],"picked":"Deflect+1","floor":31},{"not_picked":["Tools of the Trade","Grand Finale+1"],"picked":"Night Terror","floor":33},{"not_picked":["Quick Slash+1","Deflect","Prepared"],"picked":"SKIP","floor":35},{"not_picked":["Quick Slash+1","Setup+1"],"picked":"Prepared+1","floor":36},{"not_picked":["Infinite Blades","Sucker Punch+1"],"picked":"Bouncing Flask+1","floor":37},{"not_picked":["Tools of the Trade","Dagger Throw+1"],"picked":"Venomology","floor":40}],"player_experience":1203063,"relics_obtained":[{"floor":6.0,"key":"Molten Egg 2"},{"floor":8.0,"key":"Ninja Scroll"},{"floor":9.0,"key":"Potion Belt"},{"floor":10.0,"key":"MawBank"},{"floor":23,"key":"Turnip"},{"floor":25,"key":"Gremlin Horn"},{"floor":26,"key":"Letter Opener"},{"floor":27,"key":"Akabeko"},{"floor":40,"key":"Nunchaku"},{"floor":44,"key":"White Beast Statue"}],"event_choices":[{"damage_healed":0.0,"max_hp_gain":0.0,"max_hp_loss":0.0,"gold_gain":0.0,"event_name":"Scrap Ooze","player_choice":"Success","floor":3.0,"gold_loss":0.0,"damage_taken":18.0,"relics_obtained":["Boot"]},{"damage_healed":0.0,"max_hp_gain":0.0,"max_hp_loss":0.0,"gold_gain":62.0,"event_name":"Golden Wing","player_choice":"Gained Gold","floor":4.0,"gold_loss":0.0,"damage_taken":0.0},{"damage_healed":0.0,"max_hp_gain":0.0,"max_hp_loss":5.0,"gold_gain":0.0,"event_name":"Golden Idol","player_choice":"Lose Max HP","floor":12.0,"gold_loss":0.0,"damage_taken":0.0,"relics_obtained":["Golden Idol"]},{"damage_healed":16,"gold_gain":0,"player_choice":"Healed","damage_taken":0,"max_hp_gain":0,"max_hp_loss":0,"event_name":"The Cleric","floor":14,"gold_loss":35},{"damage_healed":0,"gold_gain":0,"player_choice":"Bought 3 Potions","damage_taken":0,"max_hp_gain":0,"max_hp_loss":0,"event_name":"The Woman in Blue","floor":19,"gold_loss":0},{"damage_healed":0,"gold_gain":0,"player_choice":"2 cards matched","damage_taken":0,"max_hp_gain":0,"max_hp_loss":0,"event_name":"Match and Keep!","floor":22,"gold_loss":0,"cards_obtained":["Underhanded Strike","Envenom"]},{"damage_healed":0,"gold_gain":0,"player_choice":"Max HP","damage_taken":0,"max_hp_gain":0,"max_hp_loss":3,"event_name":"Winding Halls","floor":38,"gold_loss":0}],"is_beta":false,"boss_relics":[{"not_picked":["Ectoplasm","Calling Bell"],"picked":"Philosopher\u0027s Stone"},{"not_picked":["Fusion Hammer","Velvet Choker"],"picked":"Snecko Eye"}],"items_purged_floors":[20,21,42],"is_endless":false,"potions_floor_spawned":[6,11,16,23,25,27,31,33,35,37],"killed_by":"Reptomancer","ascension_level":1}}