{"host":"oigynbtg272c19pw","time":1611665067,"event":{"mods":["BaseMod","Colored Map","Minty Spire (QoL Compilation)","Relic Stats","Slay the Relics Exporter","StSLib"],"gold_per_floor":[113,113,23,23,43,69,34,64,64,89,89,164,182,198,198,269,269,285,1,26,37,53,379,393,413,413,432,432,432],"floor_reached":28,"playtime":1594,"items_purged":["Perfected Strike"],"score":645,"play_id":"d55f627d-e306-44ba-9323-d70df6aa7a13","local_time":"20210126134427","is_ascension_mode":true,"campfire_choices":[{"data":"Berserk","floor":11.0,"key":"SMITH"},{"data":"Feed","floor":15.0,"key":"SMITH"}],"circlet_count":0,"master_deck":["AscendersBane","Bash","Dropkick","Berserk+1","Reckless Charge","PanicButton","Inflame","Rampage","Feed+1","Hemokinesis","Flame Barrier","Pommel Strike","Offering","Sentinel","Corruption","Heavy Blade","Body Slam","Fiend Fire","Ghostly Armor","Searing Blow","Rage","Flame Barrier+1","Rupture","True Grit","Battle Trance","Shrug It Off","Blood for Blood","Combust","Barricade"],"relics":["Burning Blood","NeowsBlessing","TungstenRod","Darkstone Periapt","Pantograph","FossilizedHelix","StoneCalendar","Matryoshka","Pandora\u0027s Box","Membership Card","Bag of Preparation","Centennial Puzzle","Old Coin","Eternal Feather","Smiling Mask"],"acts_visited":["Exordium","TheCity"],"potions_floor_usage":[24],"damage_taken":[{"damage":0.0,"enemies":"Small Slimes","floor":1.0,"turns":1.0},{"damage":0.0,"enemies":"Cultist","floor":5.0,"turns":1.0},{"damage":0.0,"enemies":"Lagavulin","floor":6.0,"turns":1.0},{"damage":7.0,"enemies":"Gremlin Nob","floor":8.0,"turns":3.0},{"damage":0.0,"enemies":"Lagavulin","floor":10.0,"turns":5.0},{"damage":1.0,"enemies":"2 Louse","floor":13.0,"turns":2.0},{"damage":0.0,"enemies":"Looter","floor":14.0,"turns":4.0},{"damage":9.0,"enemies":"Slime Boss","floor":16.0,"turns":11.0},{"damage":14.0,"enemies":"Spheric Guardian","floor":18.0,"turns":4.0},{"damage":2.0,"enemies":"Chosen","floor":21.0,"turns":6.0},{"damage":16.0,"enemies":"Sentry and Sphere","floor":22.0,"turns":4.0},{"damage":57,"enemies":"Gremlin Leader","floor":23,"turns":8},{"damage":2,"enemies":"Centurion and Healer","floor":24,"turns":5},{"damage":21,"enemies":"3 Cultists","floor":25,"turns":6},{"damage":76,"enemies":"Cultist and Chosen","floor":27,"turns":6},{"damage":21,"enemies":"Book of Stabbing","floor":28,"turns":4}],"seed_played":"7745140190211429778","potions_obtained":[{"floor":5.0,"key":"Swift Potion"},{"floor":6.0,"key":"LiquidMemories"},{"floor":8.0,"key":"Strength Potion"},{"floor":16.0,"key":"SkillPotion"},{"floor":22.0,"key":"FairyPotion"},{"floor":24,"key":"Fruit Juice"},{"floor":25,"key":"Ancient Potion"}],"is_trial":false,"path_per_floor":["M","?","$","T","M","E","?","E","T","E","R","T","M","M","R","B",null,"M","$","T","M","M","E","M","M","T","M","E"],"character_chosen":"IRONCLAD","items_purchased":["PanicButton","Membership Card","Rupture","True Grit","Block Potion"],"campfire_rested":0,"item_purchase_floors":[3,19,19,19,19],"current_hp_per_floor":[74,74,74,74,75,75,75,74,74,78,78,78,81,81,81,82,84,76,76,76,84,78,27,40,29,29,16,0,0],"gold":432,"neow_bonus":"THREE_ENEMY_KILL","is_daily":false,"chose_seed":false,"campfire_upgraded":2,"win_rate":0.0,"timestamp":1611665067,"path_taken":["M","?","$","?","M","E","?","E","T","E","R","?","?","M","R","BOSS","M","$","?","M","M","E","M","M","T","M","E"],"items_purchased_type":["Card","Relic","Card","Card","Potion"],"build_version":"2020-12-13","purchased_purges":1,"victory":false,"max_hp_per_floor":[75,75,75,75,75,75,75,75,75,78,78,78,81,81,81,85,85,85,85,85,89,93,93,102,106,106,106,106,106],"relic_stats":{"Darkstone Periapt":0,"Centennial Puzzle":[21],"counters":[16,71],"Pantograph":0,"StoneCalendar":[143],"Pandora\u0027s Box":["Sentinel","Corruption","Heavy Blade","Perfected Strike","Body Slam","Fiend Fire","Ghostly Armor","Searing Blow","Rage"],"Eternal Feather":0,"Bag of Preparation":[14],"Smiling Mask":0,"obtain_stats":[{"Darkstone Periapt":6,"NeowsBlessing":0,"StoneCalendar":10,"Eternal Feather":26,"Bag of Preparation":20,"Smiling Mask":26,"Burning Blood":0,"Old Coin":23,"Centennial Puzzle":20,"Matryoshka":12,"Pantograph":8,"Pandora\u0027s Box":17,"Membership Card":19,"TungstenRod":4,"FossilizedHelix":9},{"Darkstone Periapt":3,"NeowsBlessing":0,"StoneCalendar":5,"Eternal Feather":14,"Bag of Preparation":9,"Smiling Mask":14,"Burning Blood":0,"Old Coin":12,"Centennial Puzzle":9,"Matryoshka":5,"Pantograph":4,"Pandora\u0027s Box":8,"Membership Card":9,"TungstenRod":1,"FossilizedHelix":4},{"Darkstone Periapt":3,"NeowsBlessing":0,"StoneCalendar":11,"Eternal Feather":61,"Bag of Preparation":32,"Smiling Mask":61,"Burning Blood":0,"Old Coin":50,"Centennial Puzzle":32,"Matryoshka":11,"Pantograph":6,"Pandora\u0027s Box":28,"Membership Card":32,"TungstenRod":1,"FossilizedHelix":6}],"Burning Blood":63,"TungstenRod":37},"card_choices":[{"not_picked":["Sword Boomerang","Thunderclap"],"picked":"Dropkick","floor":1.0},{"not_picked":["Rage","Warcry"],"picked":"Inflame","floor":5.0},{"not_picked":["Armaments","Headbutt"],"picked":"Rampage","floor":6.0},{"not_picked":["Twin Strike","Sword Boomerang"],"picked":"Feed","floor":8.0},{"not_picked":["Infernal Blade","Entrench"],"picked":"Hemokinesis","floor":10.0},{"not_picked":["Twin Strike","Metallicize"],"picked":"Flame Barrier","floor":13.0},{"not_picked":["Warcry","Thunderclap"],"picked":"Pommel Strike","floor":14.0},{"not_picked":["Double Tap","Barricade"],"picked":"Offering","floor":16.0},{"not_picked":["Iron Wave","Seeing Red"],"picked":"Flame Barrier+1","floor":18.0},{"not_picked":["Ghostly Armor","Body Slam"],"picked":"Battle Trance","floor":21.0},{"not_picked":["Sword Boomerang","Headbutt"],"picked":"Shrug It Off","floor":22.0},{"not_picked":["Twin Strike","Heavy Blade","Pommel Strike"],"picked":"SKIP","floor":23},{"not_picked":["Carnage","Warcry"],"picked":"Blood for Blood","floor":24},{"not_picked":["Clash","Carnage"],"picked":"Combust","floor":25},{"not_picked":["Perfected Strike","Thunderclap"],"picked":"Barricade","floor":27}],"player_experience":1490067,"relics_obtained":[{"floor":4.0,"key":"TungstenRod"},{"floor":6.0,"key":"Darkstone Periapt"},{"floor":8.0,"key":"Pantograph"},{"floor":9.0,"key":"FossilizedHelix"},{"floor":10.0,"key":"StoneCalendar"},{"floor":12.0,"key":"Matryoshka"},{"floor":20.0,"key":"Bag of Preparation"},{"floor":20.0,"key":"Centennial Puzzle"},{"floor":23,"key":"Old Coin"},{"floor":26,"key":"Eternal Feather"},{"floor":26,"key":"Smiling Mask"}],"event_choices":[{"damage_healed":0.0,"max_hp_gain":0.0,"max_hp_loss":0.0,"gold_gain":0.0,"event_name":"Match and Keep!","player_choice":"2 cards matched","floor":2.0,"gold_loss":0.0,"damage_taken":0.0,"cards_obtained":["Berserk","Reckless Charge"]},{"damage_healed":18.0,"max_hp_gain":0.0,"max_hp_loss":0.0,"gold_gain":0.0,"event_name":"The Cleric","player_choice":"Healed","floor":7.0,"gold_loss":35.0,"damage_taken":0.0}],"is_beta":false,"boss_relics":[{"not_picked":["Empty Cage","Runic Cube"],"picked":"Pandora\u0027s Box"}],"items_purged_floors":[19],"is_endless":false,"potions_floor_spawned":[5,6,8,16,22,24,25],"killed_by":"Book of Stabbing","ascension_level":20}}