{"host":"8ztb9kwpjc2zof9s","time":1611637762,"event":{"mods":["BaseMod","Block Reminder","Curses Come First","Minty Spire (QoL Compilation)","Relic Stats","StSLib"],"gold_per_floor":[111,111,128,145,156,156,169,198,198,198,123,154,154,167,167,262,262,280,195,1,1,21,21,38,38,93,93,112,112,139,155,155,155,155],"floor_reached":33,"language":"ENG","playtime":1171,"items_purged":["Strike_G"],"score":427,"play_id":"85de6162-728f-4269-ba3c-dd13a4931b1d","local_time":"20210125210922","is_ascension_mode":true,"campfire_choices":[{"data":"Leg Sweep","floor":6,"key":"SMITH"},{"floor":10,"key":"REST"},{"data":"Neutralize","floor":15,"key":"SMITH"},{"data":"Deadly Poison","floor":23,"key":"SMITH"},{"data":"Deadly Poison","floor":25,"key":"SMITH"},{"data":"Deadly Poison","floor":27,"key":"SMITH"},{"floor":32,"key":"REST"}],"circlet_count":0,"master_deck":["Strike_G","Strike_G","Strike_G","Strike_G","Defend_G","Defend_G","Defend_G","Defend_G","Defend_G","Survivor","Neutralize+1","Leg Sweep+1","Deadly Poison","Deadly Poison+1","Crippling Poison","Unload","Poisoned Stab","Night Terror","PiercingWail","Deadly Poison+1","Leg Sweep+1","Deadly Poison+1"],"relics":["Ring of the Snake","NeowsBlessing","Ornamental Fan","Ninja Scroll","StrikeDummy","Busted Crown","Question Card","TwistedFunnel","Boot","Du-Vu Doll"],"acts_visited":["Exordium","TheCity"],"potions_floor_usage":[8,8,22,22,22,30,31],"damage_taken":[{"damage":0,"enemies":"Jaw Worm","floor":1,"turns":1},{"damage":0,"enemies":"Cultist","floor":3,"turns":1},{"damage":0,"enemies":"2 Louse","floor":4,"turns":1},{"damage":13,"enemies":"Exordium Thugs","floor":5,"turns":6},{"damage":1,"enemies":"Large Slime","floor":7,"turns":10},{"damage":33,"enemies":"3 Sentries","floor":8,"turns":13},{"damage":10,"enemies":"Lagavulin","floor":12,"turns":6},{"damage":0,"enemies":"Blue Slaver","floor":14,"turns":4},{"damage":4,"enemies":"The Guardian","floor":16,"turns":10},{"damage":5,"enemies":"Spheric Guardian","floor":18,"turns":5},{"damage":0,"enemies":"2 Thieves","floor":22,"turns":4},{"damage":12,"enemies":"Snake Plant","floor":24,"turns":4},{"damage":9,"enemies":"Snecko","floor":28,"turns":5},{"damage":11,"enemies":"Gremlin Leader","floor":30,"turns":5},{"damage":6,"enemies":"Centurion and Healer","floor":31,"turns":6},{"damage":56,"enemies":"Automaton","floor":33,"turns":6}],"seed_played":"-4142388730185124826","potions_obtained":[{"floor":2,"key":"BlessingOfTheForge"},{"floor":2,"key":"BlessingOfTheForge"},{"floor":2,"key":"CunningPotion"},{"floor":7,"key":"LiquidMemories"},{"floor":8,"key":"Strength Potion"},{"floor":12,"key":"AttackPotion"},{"floor":28,"key":"LiquidMemories"},{"floor":30,"key":"PowerPotion"}],"is_trial":false,"path_per_floor":["M","?","M","M","M","R","M","E","T","R","$","E","?","M","R","B",null,"M","?","$","?","M","R","M","R","T","R","M","?","E","M","R","B"],"character_chosen":"THE_SILENT","items_purchased":["TwistedFunnel","Deadly Poison"],"campfire_rested":2,"item_purchase_floors":[20,20],"current_hp_per_floor":[63,63,63,63,50,50,49,16,16,37,37,27,27,27,27,23,58,53,53,53,53,53,53,41,41,41,41,32,32,21,15,36,0,0],"gold":155,"neow_bonus":"THREE_ENEMY_KILL","is_daily":false,"chose_seed":false,"campfire_upgraded":5,"win_rate":0.0,"timestamp":1611637762,"path_taken":["M","?","?","?","M","R","?","E","T","R","$","E","?","M","R","BOSS","M","?","$","?","M","R","M","R","T","R","?","?","E","M","R","BOSS"],"items_purchased_type":["Relic","Card"],"build_version":"2020-12-22","purchased_purges":1,"victory":false,"max_hp_per_floor":[70,70,70,70,70,70,70,70,70,70,70,70,70,70,70,70,70,70,70,70,70,70,70,70,70,70,70,70,70,70,70,70,70,70],"relic_stats":{"Busted Crown":12,"counters":[16,87],"Ornamental Fan":[56],"Question Card":5,"Boot":[22],"obtain_stats":[{"TwistedFunnel":20,"Du-Vu Doll":30,"Busted Crown":17,"NeowsBlessing":0,"Ornamental Fan":8,"Ninja Scroll":9,"StrikeDummy":12,"Question Card":19,"Boot":26,"Ring of the Snake":0},{"TwistedFunnel":10,"Du-Vu Doll":14,"Busted Crown":9,"NeowsBlessing":0,"Ornamental Fan":6,"Ninja Scroll":6,"StrikeDummy":7,"Question Card":10,"Boot":12,"Ring of the Snake":0},{"TwistedFunnel":57,"Du-Vu Doll":75,"Busted Crown":52,"NeowsBlessing":0,"Ornamental Fan":32,"Ninja Scroll":32,"StrikeDummy":38,"Question Card":57,"Boot":65,"Ring of the Snake":0}],"Ring of the Snake":[32]},"card_choices":[{"not_picked":["Deflect","Acrobatics"],"picked":"Leg Sweep","floor":1},{"not_picked":["Setup","Deflect"],"picked":"Deadly Poison","floor":3},{"not_picked":["Escape Plan","Dagger Throw"],"picked":"Deadly Poison","floor":4},{"not_picked":["Infinite Blades","Blade Dance","Outmaneuver"],"picked":"SKIP","floor":5},{"not_picked":["Expertise","Terror"],"picked":"Crippling Poison","floor":7},{"not_picked":["Backstab","Accuracy","Night Terror"],"picked":"SKIP","floor":8},{"not_picked":["Outmaneuver","Phantasmal Killer"],"picked":"Unload","floor":12},{"not_picked":["Sucker Punch","Flechettes"],"picked":"Poisoned Stab","floor":14},{"not_picked":["Bullet Time","Storm of Steel"],"picked":"Night Terror","floor":16},{"not_picked":[],"picked":"PiercingWail","floor":18},{"not_picked":["Cloak And Dagger"],"picked":"Deadly Poison","floor":22},{"not_picked":["Underhanded Strike","Quick Slash"],"picked":"SKIP","floor":24},{"not_picked":["Endless Agony","Underhanded Strike+1"],"picked":"SKIP","floor":28},{"not_picked":["Dagger Throw+1","Cloak And Dagger"],"picked":"SKIP","floor":30},{"not_picked":["Blade Dance+1","Reflex+1"],"picked":"SKIP","floor":31}],"player_experience":273685,"relics_obtained":[{"floor":8,"key":"Ornamental Fan"},{"floor":9,"key":"Ninja Scroll"},{"floor":12,"key":"StrikeDummy"},{"floor":26,"key":"Boot"},{"floor":30,"key":"Du-Vu Doll"}],"event_choices":[{"damage_healed":0,"gold_gain":0,"player_choice":"Got Potions","damage_taken":0,"max_hp_gain":0,"max_hp_loss":0,"event_name":"Lab","floor":2,"gold_loss":0},{"damage_healed":0,"gold_gain":0,"player_choice":"Ignored","damage_taken":0,"max_hp_gain":0,"max_hp_loss":0,"event_name":"Shining Light","floor":13,"gold_loss":0},{"damage_healed":0,"gold_gain":0,"player_choice":"Obtained Relic","damage_taken":0,"relics_obtained":["Question Card"],"max_hp_gain":0,"max_hp_loss":0,"event_name":"Addict","floor":19,"gold_loss":85},{"damage_healed":0,"gold_gain":0,"player_choice":"Copied","damage_taken":0,"max_hp_gain":0,"max_hp_loss":0,"event_name":"Duplicator","floor":21,"gold_loss":0,"cards_obtained":["Leg Sweep"]},{"damage_healed":0,"gold_gain":0,"player_choice":"Ignored","damage_taken":0,"max_hp_gain":0,"max_hp_loss":0,"event_name":"Vampires","floor":29,"gold_loss":0}],"is_beta":false,"boss_relics":[{"not_picked":["HoveringKite","Fusion Hammer"],"picked":"Busted Crown"}],"items_purged_floors":[11],"is_endless":false,"potions_floor_spawned":[7,8,12,14,18,28,30],"killed_by":"Automaton","ascension_level":9}}