{"host":"h4qgcirtxz6qax9j","time":1611669624,"event":{"mods":["AchievementEnabler","BaseMod","Colored Powertips","Custom Start","Hermit","Marisa£¨Ùöéë¡¡Øª×âÞÞ£©","Minty Spire (QoL Compilation)","StSLib","SuperFastMode","The Servant 0.9.4"],"gold_per_floor":[126,155,130,169,7,7,7,46,46,11,39,114,150,177,177,290,290,335,550,568,588,588,588,639,688,688,715,715,715,771,801,801,815,815],"floor_reached":33,"language":"KOR","playtime":1064,"items_purged":[],"score":371,"play_id":"e8a85004-84d0-48fa-8c67-80c383d47b0a","local_time":"20210126230024","is_ascension_mode":false,"campfire_choices":[{"data":"BinaryStars","floor":6,"key":"SMITH"},{"floor":15,"key":"REST"},{"floor":23,"key":"REST"},{"floor":28,"key":"REST"},{"floor":32,"key":"REST"}],"circlet_count":0,"master_deck":["Strike_MRS","Strike_MRS","Strike_MRS","Strike_MRS","Defend_MRS","Defend_MRS","Defend_MRS","Defend_MRS","MasterSpark","UpSweep","Robbery","SprinkleStarSeal","Robbery","NonDirectionalLaser","GalacticHalo","BinaryStars+1","LuminesStrike","PulseMagic","MillisecondPulsars","EarthLightRay+1","Writhe","Parasite","Parasite","MachineGunSpark","Singularity+1","LuminesStrike+1","EarthLightRay"],"relics":["MiniHakkero","Meat on the Bone","Black Star","Old Coin","ShroomBag","HornCleat","Bronze Scales","Ornamental Fan","Nloth\u0027s Gift"],"acts_visited":["Exordium","TheCity"],"potions_floor_usage":[25,25,33,33],"damage_taken":[{"damage":0,"enemies":"2 Louse","floor":1,"turns":2},{"damage":5,"enemies":"Small Slimes","floor":2,"turns":4},{"damage":6,"enemies":"Cultist","floor":4,"turns":3},{"damage":23,"enemies":"3 Sentries","floor":8,"turns":6},{"damage":11,"enemies":"Lots of Slimes","floor":11,"turns":4},{"damage":7,"enemies":"Large Slime","floor":13,"turns":3},{"damage":7,"enemies":"2 Fungi Beasts","floor":14,"turns":3},{"damage":0,"enemies":"Slime Boss","floor":16,"turns":3},{"damage":49,"enemies":"2 Thieves","floor":18,"turns":5},{"damage":0,"enemies":"Spheric Guardian","floor":20,"turns":3},{"damage":11,"enemies":"Snake Plant","floor":21,"turns":3},{"damage":31,"enemies":"Book of Stabbing","floor":24,"turns":5},{"damage":32,"enemies":"Snecko","floor":25,"turns":5},{"damage":11,"enemies":"Shelled Parasite and Fungi","floor":27,"turns":4},{"damage":20,"enemies":"Sentry and Sphere","floor":30,"turns":4},{"damage":40,"enemies":"Chosen and Byrds","floor":31,"turns":5},{"damage":63,"enemies":"Automaton","floor":33,"turns":6}],"seed_played":"-4640924515340336628","potions_obtained":[{"floor":1,"key":"Strength Potion"},{"floor":11,"key":"BlessingOfTheForge"},{"floor":14,"key":"ColorlessPotion"},{"floor":31,"key":"PowerPotion"}],"is_trial":false,"path_per_floor":["M","M","$","M","$","R","$","E","T","?","M","?","M","M","R","B",null,"M","?","M","M","?","R","E","M","T","M","R","?","M","M","R","B"],"character_chosen":"MARISA","items_purchased":["NonDirectionalLaser","BinaryStars"],"campfire_rested":4,"item_purchase_floors":[3,5],"current_hp_per_floor":[75,70,70,64,64,64,64,41,41,59,48,37,42,47,69,69,75,38,38,38,39,39,61,38,22,22,33,55,55,43,25,47,0,0],"gold":815,"neow_bonus":"THREE_CARDS","is_daily":false,"chose_seed":false,"campfire_upgraded":1,"win_rate":0.0,"timestamp":1611669624,"path_taken":["M","M","$","M","$","R","$","E","T","?","M","?","M","M","R","BOSS","M","?","M","M","?","R","E","M","T","M","R","?","M","?","R","BOSS"],"items_purchased_type":["Card","Card"],"build_version":"2020-12-22","purchased_purges":0,"victory":false,"max_hp_per_floor":[75,75,75,75,75,75,75,75,75,75,75,75,75,75,75,75,75,75,75,75,75,75,75,75,75,75,75,75,75,75,75,75,75,75],"card_choices":[{"not_picked":["SprinkleStarSeal","WitchOfGreed"],"picked":"Robbery","floor":0},{"not_picked":["DoubleSpark","Acceleration"],"picked":"SprinkleStarSeal","floor":1},{"not_picked":["WitchOfGreed","6A"],"picked":"Robbery","floor":2},{"not_picked":["Acceleration","WitchLeyline"],"picked":"GalacticHalo","floor":4},{"not_picked":["JA","GrandCross"],"picked":"LuminesStrike","floor":8},{"not_picked":["6A","IllusionStar","OrrerysSun"],"picked":"SKIP","floor":11},{"not_picked":["GalacticHalo","GravityBeat"],"picked":"PulseMagic","floor":13},{"not_picked":["GalacticHalo","GasGiant","WitchLeyline"],"picked":"SKIP","floor":14},{"not_picked":["BigCrunch","BlazingStar"],"picked":"MillisecondPulsars","floor":16},{"not_picked":["NonDirectionalLaser","GrandCross","SporeBomb"],"picked":"SKIP","floor":18},{"not_picked":["WitchOfGreed","StarlightTyphoon","GalacticHalo+1"],"picked":"SKIP","floor":20},{"not_picked":["ManaConvection","GrandCross+1"],"picked":"EarthLightRay+1","floor":21},{"not_picked":["MilkyWay","GravityBeat"],"picked":"MachineGunSpark","floor":24},{"not_picked":["AsteroidBelt","BlazeAway"],"picked":"Singularity+1","floor":25},{"not_picked":["PowerUp+1","GravityBeat","DC"],"picked":"SKIP","floor":27},{"not_picked":["CasketOfStar","OneTimeOff"],"picked":"LuminesStrike+1","floor":30},{"not_picked":["DoubleSpark","MysteriousBeam"],"picked":"EarthLightRay","floor":31}],"player_experience":98507,"relics_obtained":[{"floor":8,"key":"Meat on the Bone"},{"floor":9,"key":"Ancient Tea Set"},{"floor":24,"key":"HornCleat"},{"floor":24,"key":"Bronze Scales"},{"floor":26,"key":"Ornamental Fan"}],"event_choices":[{"damage_healed":18,"gold_gain":0,"player_choice":"Healed","damage_taken":0,"max_hp_gain":0,"max_hp_loss":0,"event_name":"The Cleric","floor":10,"gold_loss":35},{"damage_healed":0,"gold_gain":75,"player_choice":"Gather Gold","damage_taken":11,"max_hp_gain":0,"max_hp_loss":0,"event_name":"World of Goop","floor":12,"gold_loss":0},{"damage_healed":0,"gold_gain":0,"player_choice":"Obtained Relic","damage_taken":0,"relics_obtained":["Old Coin"],"max_hp_gain":0,"max_hp_loss":0,"event_name":"Addict","floor":19,"gold_loss":85},{"damage_healed":0,"gold_gain":0,"player_choice":"Opened","damage_taken":0,"relics_obtained":["ShroomBag"],"max_hp_gain":0,"max_hp_loss":0,"event_name":"The Mausoleum","floor":22,"gold_loss":0,"cards_obtained":["Writhe"]},{"damage_healed":0,"gold_gain":0,"player_choice":"Traded Relic","damage_taken":0,"relics_obtained":["Nloth\u0027s Gift"],"max_hp_gain":0,"max_hp_loss":0,"event_name":"N\u0027loth","floor":29,"relics_lost":["Ancient Tea Set"],"gold_loss":0}],"is_beta":false,"boss_relics":[{"not_picked":["Velvet Choker","Ectoplasm"],"picked":"Black Star"}],"items_purged_floors":[],"is_endless":false,"potions_floor_spawned":[1,11,14,20,24,31],"killed_by":"Automaton","ascension_level":0}}