{"host":"70zhvo5nwrhp1mbg","time":1611640609,"event":{"mods":["BaseMod","Colored Map","Colored Powertips","Highlight Path","Minty Spire (QoL Compilation)","Rare Cards Sparkle","StSLib"],"gold_per_floor":[111,129,55,55,65,98,98,68,92,92,103,119,137,155,155,252,252,263,275,0,0,0,19,19,48,48,48,48],"floor_reached":27,"language":"ENG","playtime":1417,"items_purged":[],"score":366,"play_id":"f41681a0-a956-46be-a499-f8a7b69a6702","local_time":"20210126005649","is_ascension_mode":true,"campfire_choices":[{"data":"Bash","floor":7.0,"key":"SMITH"},{"data":"Shrug It Off","floor":10.0,"key":"SMITH"},{"floor":15.0,"key":"REST"},{"floor":24,"key":"REST"}],"circlet_count":0,"master_deck":["Strike_R+1","Strike_R","Strike_R+1","Strike_R","Strike_R","Defend_R","Defend_R","Defend_R","Defend_R","Bash+1","Impervious","Carnage","Shrug It Off+1","Cleave","Infernal Blade","Anger","Flex","Demon Form","Shockwave+1","Clothesline","Ghostly","Ghostly","Ghostly","Ghostly","Ghostly"],"relics":["Burning Blood","Omamori","Whetstone","Mark of Pain","Tiny Chest","Bird Faced Urn"],"acts_visited":["Exordium","TheCity"],"potions_floor_usage":[19,23,25],"damage_taken":[{"damage":8.0,"enemies":"Jaw Worm","floor":1.0,"turns":5.0},{"damage":0.0,"enemies":"Small Slimes","floor":2.0,"turns":3.0},{"damage":3.0,"enemies":"Cultist","floor":5.0,"turns":4.0},{"damage":32.0,"enemies":"3 Sentries","floor":6.0,"turns":9.0},{"damage":30.0,"enemies":"Gremlin Gang","floor":11.0,"turns":4.0},{"damage":19.0,"enemies":"3 Louse","floor":12.0,"turns":3.0},{"damage":13.0,"enemies":"Blue Slaver","floor":13.0,"turns":3.0},{"damage":9.0,"enemies":"Exordium Wildlife","floor":14.0,"turns":4.0},{"damage":53.0,"enemies":"Slime Boss","floor":16.0,"turns":15.0},{"damage":28,"enemies":"Shell Parasite","floor":18,"turns":6},{"damage":28,"enemies":"2 Thieves","floor":19,"turns":4},{"damage":3,"enemies":"Cultist and Chosen","floor":23,"turns":6},{"damage":36,"enemies":"Book of Stabbing","floor":25,"turns":8},{"damage":11,"enemies":"Sentry and Sphere","floor":27,"turns":4}],"seed_played":"-7822857628353160407","potions_obtained":[{"floor":1.0,"key":"Regen Potion"},{"floor":8.0,"key":"Strength Potion"},{"floor":8.0,"key":"FairyPotion"},{"floor":12.0,"key":"FearPotion"},{"floor":14.0,"key":"SkillPotion"},{"floor":16.0,"key":"Swift Potion"},{"floor":19,"key":"FearPotion"},{"floor":23,"key":"Weak Potion"}],"is_trial":false,"path_per_floor":["M","M","$","?","M","E","R","?","T","R","M","M","M","M","R","B",null,"M","M","?","?","$","M","R","E","T","M"],"character_chosen":"IRONCLAD","items_purchased":["AttackPotion","Cleave"],"campfire_rested":2,"item_purchase_floors":[3,3],"current_hp_per_floor":[70,76,76,76,79,53,53,53,53,53,41,28,21,18,42,22,66,44,22,22,22,22,25,37,7,7,0,0],"gold":48,"neow_bonus":"ONE_RANDOM_RARE_CARD","is_daily":false,"chose_seed":false,"campfire_upgraded":2,"win_rate":0.0,"timestamp":1611640609,"path_taken":["M","M","$","?","M","E","R","?","T","R","M","?","?","M","R","BOSS","M","M","?","?","$","M","R","E","T","M"],"items_purchased_type":["Potion","Card"],"build_version":"2020-12-22","purchased_purges":0,"victory":false,"max_hp_per_floor":[80,80,80,80,80,80,80,80,80,80,80,80,80,80,80,80,80,80,80,80,40,40,40,40,40,40,40,40],"card_choices":[{"not_picked":["Seeing Red","Entrench"],"picked":"Carnage","floor":1.0},{"not_picked":["Clash","Blood for Blood"],"picked":"Shrug It Off","floor":2.0},{"not_picked":["Blood for Blood","Sword Boomerang"],"picked":"Infernal Blade","floor":5.0},{"not_picked":["Dropkick","Evolve","Cleave"],"picked":"SKIP","floor":6.0},{"not_picked":["Carnage","Seeing Red","Metallicize"],"picked":"SKIP","floor":11.0},{"not_picked":["Feed","Clothesline"],"picked":"Anger","floor":12.0},{"not_picked":["Clash","Infernal Blade","Shrug It Off"],"picked":"SKIP","floor":13.0},{"not_picked":["Burning Pact","Rage"],"picked":"Flex","floor":14.0},{"not_picked":["Impervious","Barricade"],"picked":"Demon Form","floor":16.0},{"not_picked":["Clash","Rupture+1"],"picked":"Shockwave+1","floor":18},{"not_picked":["Twin Strike","Hemokinesis"],"picked":"Clothesline","floor":19},{"not_picked":["Perfected Strike","Sever Soul","Thunderclap"],"picked":"SKIP","floor":23},{"not_picked":["Flex","Warcry","Dropkick"],"picked":"SKIP","floor":25}],"player_experience":506091,"relics_obtained":[{"floor":6.0,"key":"Omamori"},{"floor":9.0,"key":"Whetstone"},{"floor":25,"key":"Tiny Chest"},{"floor":26,"key":"Bird Faced Urn"}],"event_choices":[{"damage_healed":0.0,"max_hp_gain":0.0,"max_hp_loss":0.0,"gold_gain":0.0,"event_name":"Shining Light","player_choice":"Ignored","floor":4.0,"gold_loss":0.0,"damage_taken":0.0},{"damage_healed":0.0,"max_hp_gain":0.0,"max_hp_loss":0.0,"gold_gain":0.0,"event_name":"The Woman in Blue","player_choice":"Bought 2 Potions","floor":8.0,"gold_loss":0.0,"damage_taken":0.0},{"damage_healed":0,"gold_gain":0,"player_choice":"Paid Fearfully","damage_taken":0,"max_hp_gain":0,"max_hp_loss":0,"event_name":"Masked Bandits","floor":20,"gold_loss":275},{"damage_healed":0,"gold_gain":0,"player_choice":"Became a Ghost","damage_taken":0,"max_hp_gain":0,"max_hp_loss":40,"event_name":"Ghosts","floor":21,"gold_loss":0,"cards_obtained":["Ghostly","Ghostly","Ghostly","Ghostly","Ghostly"]}],"is_beta":false,"boss_relics":[{"not_picked":["Runic Cube","Fusion Hammer"],"picked":"Mark of Pain"}],"items_purged_floors":[],"is_endless":false,"potions_floor_spawned":[1,12,14,16,19,23],"killed_by":"Sentry and Sphere","ascension_level":9}}