{"host":"jfbo3eu2ui08ej1u","time":1611638922,"event":{"mods":["2.2 Compatiblity","AchievementEnabler","Act Like it!","Aspiration","BaseMod","Better Altar","Better Match","Better Note","Better Sensory Stone","Better Skull","Better Third Choice","Block Reminder","Colored Map","Colored Powertips","Conspire","DeckTracker","Displayed Cursed Tome","Energized Spire","Fox Events","GifTheSpireLib","Hubris","Infinite Spire","Marked Mod","Minty Spire (QoL Compilation)","Pale of the Ancients","Poor People Problems","Quick Restart","Relic Filter","Reliquary","Reorder Act Four","Replay The Spire","Shop Mod","Spicy Shops","Spire Arcade","StSLib","Stuff the Spire","The Blue Laboratory","The Disciple","The Forsaken","The Hierophant","The Marked","Uncapped","Unceasing Turn Reminder","Wandering Minibosses"],"gold_per_floor":[119,130,145,163,183,183,183],"floor_reached":6,"language":"ENG","playtime":265,"items_purged":[],"score":80,"play_id":"8ec57075-85a7-4536-9775-caa139b6853e","local_time":"20210126002842","is_ascension_mode":true,"campfire_choices":[],"circlet_count":0,"master_deck":["AscendersBane","Strike_G","Strike_G","Strike_G","Strike_G","Defend_G","Defend_G","Defend_G","Defend_G","Defend_G","Survivor","Neutralize","Caltrops","Poisoned Stab","Hidden Blade","ReplayTheSpireMod:Scrap Shanks","Blade Dance","Acrobatics"],"relics":["Ring of the Snake"],"acts_visited":["Exordium"],"potions_floor_usage":[6,6],"damage_taken":[{"damage":7.0,"enemies":"Jaw Worm","floor":1.0,"turns":7.0},{"damage":10.0,"enemies":"Small Slimes","floor":2.0,"turns":4.0},{"damage":2.0,"enemies":"Cultist","floor":3.0,"turns":4.0},{"damage":8.0,"enemies":"3 Louse","floor":4.0,"turns":5.0},{"damage":24.0,"enemies":"Large Slime","floor":5.0,"turns":7.0},{"damage":15,"enemies":"Lagavulin","floor":6,"turns":2}],"seed_played":"-369884458187476381","potions_obtained":[{"floor":2.0,"key":"GamblersBrew"},{"floor":4.0,"key":"SteroidPotion"}],"is_trial":false,"path_per_floor":["M","M","M","M","M","E"],"character_chosen":"THE_SILENT","items_purchased":[],"campfire_rested":0,"item_purchase_floors":[],"current_hp_per_floor":[52,42,40,32,8,0,0],"gold":183,"neow_bonus":"TRANSFORM_CARD","is_daily":false,"chose_seed":false,"campfire_upgraded":0,"win_rate":0.0,"timestamp":1611638922,"path_taken":["M","M","M","M","M","E"],"items_purchased_type":[],"build_version":"2020-12-22","purchased_purges":0,"victory":false,"max_hp_per_floor":[66,66,66,66,66,66,66],"card_choices":[{"not_picked":["Noxious Fumes","Distraction"],"picked":"Poisoned Stab","floor":1.0},{"not_picked":["Outmaneuver","StuffTheSpire:BumpUp"],"picked":"Hidden Blade","floor":2.0},{"not_picked":["All Out Attack","StuffTheSpire:Shiver"],"picked":"ReplayTheSpireMod:Scrap Shanks","floor":3.0},{"not_picked":["Slice","Noxious Fumes"],"picked":"Blade Dance","floor":4.0},{"not_picked":["Underhanded Strike","Hidden Blade"],"picked":"Acrobatics","floor":5.0}],"player_experience":1230607,"relics_obtained":[],"event_choices":[],"is_beta":false,"boss_relics":[],"items_purged_floors":[],"is_endless":false,"potions_floor_spawned":[2,4],"killed_by":"Lagavulin","ascension_level":20}}