{"host":"bf9sa99gaumonoeu","time":1611632289,"event":{"mods":["AchievementEnabler","Act Like it!","Aspiration","BaseMod","Bestiary","Better Note","Block Reminder","Colored Map","Colored Powertips","Downfall","Friendly Minions","Gensokyo","GifTheSpireLib","Hallownest","Hermit","Highlight Path","Jorbs\u0027s Wanderer Trilogy","KinomotoSakuraMod(????)","Koishi","Marisa????????","Minty Spire (QoL Compilation)","Rare Cards Sparkle","Relic Filter Mod","Relic Stats","Reliquary","Remilia??????","Spire Arcade","StSLib","The Administrix","The Animator","The Bug Knight","The Construct","The Cursed","The Disciple","The Hierophant","The Mystic","The Necromancer","The Poker Player","The Runesmith","The Senshi","The Servant 0.9.4","ojb\u0027s Info Mod"],"gold_per_floor":[113,130,141,66,66,66,96,96,119,132,132,146,27,71,71,159,159,183,183,211,211,41,83,83,105,132,132,153,181,200,239,239,239,239],"floor_reached":33,"language":"ENG","playtime":2181,"items_purged":["Strike_G","Strike_G"],"score":630,"play_id":"8a62db7d-9396-4b25-a4a4-215f332638c2","local_time":"20210126013809","is_ascension_mode":true,"campfire_choices":[{"data":"Riddle With Holes","floor":6,"key":"SMITH"},{"data":"Neutralize","floor":11,"key":"SMITH"},{"floor":15,"key":"REST"},{"floor":24,"key":"REST"},{"floor":27,"key":"REST"},{"data":"Phantasmal Killer","floor":32,"key":"SMITH"}],"circlet_count":0,"master_deck":["AscendersBane","Strike_G","Strike_G","Defend_G","Defend_G","Defend_G","Defend_G","Defend_G","Survivor","Neutralize+1","Riddle With Holes+1","Slice","Adrenaline+1","Deflect","Deflect","Footwork","Dagger Spray","aspiration:Lunge","PiercingWail","Finisher","Skewer","PiercingWail","Phantasmal Killer+1","Riddle With Holes","Endless Agony+1","Blur"],"relics":["Ring of the Snake","Matryoshka","Runesmith:AutoHammer","reliquary:PartyBalloon","reliquary:RoseTintedGlasses","CeramicFish","aspiration:PoetsPen_weak","Akabeko","Gambling Chip","reliquary:SharkskinSheath","reliquary:TuningFork","reliquary:Knoch","Prayer Wheel"],"acts_visited":["Exordium","TheCity"],"potions_floor_usage":[7,7,16,16,23,23,29,33,33],"damage_taken":[{"damage":1,"enemies":"Small Slimes","floor":1,"turns":6},{"damage":0,"enemies":"Jaw Worm","floor":2,"turns":4},{"damage":1,"enemies":"Cultist","floor":3,"turns":4},{"damage":2,"enemies":"Gremlin Nob","floor":7,"turns":3},{"damage":0,"enemies":"3 Louse","floor":10,"turns":4},{"damage":5,"enemies":"Exordium Thugs","floor":12,"turns":5},{"damage":28,"enemies":"3 Sentries","floor":14,"turns":13},{"damage":29,"enemies":"The Guardian","floor":16,"turns":16},{"damage":2,"enemies":"2 Thieves","floor":18,"turns":3},{"damage":0,"enemies":"3 Byrds","floor":20,"turns":3},{"damage":35,"enemies":"Gremlin Leader","floor":23,"turns":6},{"damage":1,"enemies":"Centurion and Healer","floor":25,"turns":6},{"damage":0,"enemies":"Snecko","floor":28,"turns":3},{"damage":2,"enemies":"Book of Stabbing","floor":29,"turns":4},{"damage":2,"enemies":"Snake Plant","floor":30,"turns":4},{"damage":5,"enemies":"Slavers","floor":31,"turns":2},{"damage":51,"enemies":"Collector","floor":33,"turns":9}],"seed_played":"1031681410734693119","potions_obtained":[{"floor":0,"key":"LiquidMemories"},{"floor":0,"key":"Fire Potion"},{"floor":0,"key":"AttackPotion"},{"floor":7,"key":"SteroidPotion"},{"floor":10,"key":"DistilledChaos"},{"floor":12,"key":"Poison Potion"},{"floor":19,"key":"EntropicBrew"},{"floor":19,"key":"Energy Potion"},{"floor":25,"key":"AttackPotion"},{"floor":29,"key":"LiquidMemories"},{"floor":30,"key":"CunningPotion"}],"is_trial":false,"path_per_floor":["M","M","M","?","T","R","E","?","T","M","R","M","$","E","R","B",null,"M","?","M","T","$","E","R","M","T","R","M","E","M","E","R","B"],"character_chosen":"THE_SILENT","items_purchased":["Footwork","Skewer"],"campfire_rested":3,"item_purchase_floors":[13,22],"current_hp_per_floor":[58,58,57,57,57,57,55,55,55,55,55,50,50,22,41,12,53,51,51,51,51,51,16,35,34,34,53,53,51,49,44,44,0,0],"gold":239,"neow_bonus":"THREE_SMALL_POTIONS","is_daily":false,"chose_seed":false,"campfire_upgraded":3,"win_rate":0.0,"timestamp":1611632289,"path_taken":["M","M","M","?","?","R","E","?","T","M","R","M","$","E","R","BOSS","M","?","M","?","$","E","R","M","T","R","M","E","?","E","R","BOSS"],"items_purchased_type":["Card","Card"],"build_version":"2020-12-22","purchased_purges":2,"victory":false,"max_hp_per_floor":[66,66,66,66,66,66,66,66,66,66,66,66,66,66,66,66,66,66,66,66,66,66,66,66,66,66,66,66,66,66,66,66,66,66],"relic_stats":{"counters":[17,95],"CeramicFish":90,"Gambling Chip":[25],"Prayer Wheel":0,"obtain_stats":[{"reliquary:PartyBalloon":9,"CeramicFish":14,"aspiration:PoetsPen_weak":17,"Akabeko":21,"Matryoshka":5,"Gambling Chip":21,"Prayer Wheel":31,"reliquary:RoseTintedGlasses":9,"reliquary:TuningFork":26,"Runesmith:AutoHammer":7,"reliquary:Knoch":29,"Ring of the Snake":0,"reliquary:SharkskinSheath":23},{"reliquary:PartyBalloon":4,"CeramicFish":7,"aspiration:PoetsPen_weak":8,"Akabeko":10,"Matryoshka":3,"Gambling Chip":10,"Prayer Wheel":16,"reliquary:RoseTintedGlasses":4,"reliquary:TuningFork":12,"Runesmith:AutoHammer":4,"reliquary:Knoch":14,"Ring of the Snake":0,"reliquary:SharkskinSheath":11},{"reliquary:PartyBalloon":17,"CeramicFish":39,"aspiration:PoetsPen_weak":55,"Akabeko":61,"Matryoshka":14,"Gambling Chip":61,"Prayer Wheel":86,"reliquary:RoseTintedGlasses":17,"reliquary:TuningFork":73,"Runesmith:AutoHammer":17,"reliquary:Knoch":80,"Ring of the Snake":0,"reliquary:SharkskinSheath":67}],"Ring of the Snake":[35]},"card_choices":[{"not_picked":["Dagger Spray","PiercingWail"],"picked":"Riddle With Holes","floor":1},{"not_picked":["Crippling Poison","Skewer"],"picked":"Slice","floor":2},{"not_picked":["Flying Knee","Bane"],"picked":"Adrenaline","floor":3},{"not_picked":["Choke","Distraction"],"picked":"Deflect","floor":7},{"not_picked":["Bane","Acrobatics"],"picked":"Deflect","floor":10},{"not_picked":["Quick Slash","Flying Knee","Deflect"],"picked":"SKIP","floor":12},{"not_picked":["Flechettes","Expertise"],"picked":"Dagger Spray","floor":14},{"not_picked":["Unload","Malaise"],"picked":"aspiration:Lunge","floor":16},{"not_picked":["Accuracy","Flying Knee"],"picked":"PiercingWail","floor":18},{"not_picked":["Skewer","PiercingWail"],"picked":"Finisher","floor":20},{"not_picked":["Poisoned Stab","Slice"],"picked":"PiercingWail","floor":23},{"not_picked":["Distraction","Heel Hook"],"picked":"Phantasmal Killer","floor":25},{"not_picked":["Backflip","Bouncing Flask"],"picked":"Riddle With Holes","floor":28},{"not_picked":["Escape Plan","Choke","Dagger Spray"],"picked":"SKIP","floor":29},{"not_picked":["Reflex","Dagger Throw"],"picked":"Endless Agony+1","floor":30},{"not_picked":["Slice","Deflect"],"picked":"Blur","floor":31}],"player_experience":1255811,"relics_obtained":[{"floor":5,"key":"Matryoshka"},{"floor":7,"key":"Runesmith:AutoHammer"},{"floor":9,"key":"reliquary:PartyBalloon"},{"floor":9,"key":"reliquary:RoseTintedGlasses"},{"floor":14,"key":"CeramicFish"},{"floor":21,"key":"Akabeko"},{"floor":21,"key":"Gambling Chip"},{"floor":23,"key":"reliquary:SharkskinSheath"},{"floor":26,"key":"reliquary:TuningFork"},{"floor":29,"key":"reliquary:Knoch"},{"floor":31,"key":"Prayer Wheel"}],"event_choices":[{"cards_removed":["Strike_G"],"damage_healed":0,"gold_gain":0,"player_choice":"Card Removal","damage_taken":0,"max_hp_gain":0,"max_hp_loss":0,"event_name":"The Cleric","floor":4,"gold_loss":75},{"damage_healed":0,"gold_gain":0,"player_choice":"Upgraded","damage_taken":0,"max_hp_gain":0,"max_hp_loss":0,"event_name":"Upgrade Shrine","floor":8,"gold_loss":0,"cards_upgraded":["Adrenaline"]},{"damage_healed":0,"gold_gain":0,"player_choice":"Got Potions","damage_taken":0,"max_hp_gain":0,"max_hp_loss":0,"event_name":"Lab","floor":19,"gold_loss":0}],"is_beta":false,"boss_relics":[{"not_picked":["aspiration:RunesmithSkillbook","Velvet Choker"],"picked":"aspiration:PoetsPen_weak"}],"items_purged_floors":[13,22],"is_endless":false,"potions_floor_spawned":[3,7,10,12,25,29,30,31],"killed_by":"Collector","ascension_level":20}}