{"host":"s5d39dhq0ddhxhke","time":1611651520,"event":{"mods":["AchievementEnabler","BaseMod","Colored Map","Minty Spire (QoL Compilation)","SuperFastMode"],"gold_per_floor":[11,29,47,47,66,110,75,0,0,18,38,69,69,69,69],"floor_reached":14,"language":"ENG","playtime":508,"items_purged":["Strike_R"],"score":179,"play_id":"b72b32f4-f3e8-4808-b672-d2b6f3be61d3","local_time":"20210126105840","is_ascension_mode":true,"campfire_choices":[{"floor":13,"key":"REST"}],"circlet_count":0,"master_deck":["AscendersBane","Strike_R","Strike_R","Strike_R","Strike_R","Defend_R","Defend_R","Defend_R","Defend_R","Bash","Headbutt","Fire Breathing","Bludgeon"],"relics":["Burning Blood","Golden Idol","Bottled Tornado","Molten Egg 2","Bottled Flame"],"acts_visited":["Exordium"],"potions_floor_usage":[6,11,11],"damage_taken":[{"damage":3,"enemies":"Jaw Worm","floor":1,"turns":5},{"damage":6,"enemies":"2 Louse","floor":2,"turns":3},{"damage":1,"enemies":"Cultist","floor":3,"turns":3},{"damage":22,"enemies":"Large Slime","floor":5,"turns":6},{"damage":32,"enemies":"Gremlin Nob","floor":6,"turns":4},{"damage":9,"enemies":"Exordium Wildlife","floor":10,"turns":4},{"damage":15,"enemies":"Lots of Slimes","floor":11,"turns":3},{"damage":25,"enemies":"3 Sentries","floor":12,"turns":5},{"damage":52,"enemies":"Lagavulin","floor":14,"turns":6}],"seed_played":"2526120712552829772","potions_obtained":[{"floor":3,"key":"SkillPotion"},{"floor":6,"key":"AttackPotion"},{"floor":10,"key":"DuplicationPotion"}],"is_trial":false,"path_per_floor":["M","M","M","?","M","E","?","$","T","M","M","E","R","E"],"character_chosen":"IRONCLAD","items_purchased":[],"campfire_rested":1,"item_purchase_floors":[],"current_hp_per_floor":[85,85,89,58,42,16,38,38,38,35,26,7,33,0,0],"gold":69,"neow_bonus":"TWENTY_PERCENT_HP_BONUS","is_daily":false,"chose_seed":false,"campfire_upgraded":0,"win_rate":0.0,"timestamp":1611651520,"path_taken":["M","M","M","?","M","E","?","?","T","M","M","E","R","E"],"items_purchased_type":[],"build_version":"2020-12-22","purchased_purges":1,"victory":false,"max_hp_per_floor":[89,89,89,89,89,89,89,89,89,89,89,89,89,89,89],"card_choices":[{"not_picked":["Clothesline","Bloodletting"],"picked":"Headbutt","floor":1},{"not_picked":["Thunderclap","Flex","Clothesline"],"picked":"SKIP","floor":2},{"not_picked":["Disarm","Twin Strike"],"picked":"Fire Breathing","floor":3},{"not_picked":["Headbutt","Flex","Sword Boomerang"],"picked":"SKIP","floor":5},{"not_picked":["Reckless Charge","Disarm"],"picked":"Bludgeon","floor":6},{"not_picked":["Body Slam+1","Iron Wave+1","Warcry"],"picked":"SKIP","floor":10},{"not_picked":["Clash+1","Dropkick+1","Anger+1"],"picked":"SKIP","floor":11},{"not_picked":["Warcry","Flex","Iron Wave+1"],"picked":"SKIP","floor":12}],"player_experience":464685,"relics_obtained":[{"floor":6,"key":"Bottled Tornado"},{"floor":9,"key":"Molten Egg 2"},{"floor":12,"key":"Bottled Flame"}],"event_choices":[{"damage_healed":0,"gold_gain":0,"player_choice":"Take Damage","damage_taken":31,"relics_obtained":["Golden Idol"],"max_hp_gain":0,"max_hp_loss":0,"event_name":"Golden Idol","floor":4,"gold_loss":0},{"damage_healed":22,"gold_gain":0,"player_choice":"Healed","damage_taken":0,"max_hp_gain":0,"max_hp_loss":0,"event_name":"The Cleric","floor":7,"gold_loss":35}],"is_beta":false,"boss_relics":[],"items_purged_floors":[8],"is_endless":false,"potions_floor_spawned":[3,6,10],"killed_by":"Lagavulin","ascension_level":15}}