{"host":"70zhvo5nwrhp1mbg","time":1611641622,"event":{"mods":["BaseMod","Colored Map","Colored Powertips","Highlight Path","Minty Spire (QoL Compilation)","Rare Cards Sparkle","StSLib"],"gold_per_floor":[112,112,112,130,13,40,40,55,55,74,74,93,108,133,133,231,231,217,217,72,72,89,89,118,118,118,118,118],"floor_reached":27,"language":"ENG","playtime":998,"items_purged":[],"score":386,"play_id":"29cca10c-b1a7-4417-b6e1-8ec30d63650f","local_time":"20210126011342","is_ascension_mode":true,"campfire_choices":[{"data":"Bash","floor":7,"key":"SMITH"},{"data":"Combust","floor":11,"key":"SMITH"},{"floor":15,"key":"REST"},{"data":"Reaper","floor":23,"key":"SMITH"},{"floor":25,"key":"REST"}],"circlet_count":0,"master_deck":["Strike_R","Strike_R","Strike_R","Strike_R","Strike_R","Defend_R","Defend_R","Defend_R","Defend_R","Bash+1","Combust+1","Headbutt","Inflame","Reckless Charge","Clothesline","Armaments","Rampage","Pommel Strike","Reaper+1","Inflame","Shrug It Off+1"],"relics":["Burning Blood","NeowsBlessing","Unceasing Top","Self Forming Clay","Happy Flower","SacredBark","Anchor","Thread and Needle","Ornamental Fan"],"acts_visited":["Exordium","TheCity"],"potions_floor_usage":[10,13,14,24,27],"damage_taken":[{"damage":0,"enemies":"Cultist","floor":1,"turns":1},{"damage":0,"enemies":"Jaw Worm","floor":4,"turns":1},{"damage":0,"enemies":"3 Sentries","floor":6,"turns":1},{"damage":0,"enemies":"Small Slimes","floor":8,"turns":3},{"damage":6,"enemies":"3 Louse","floor":10,"turns":3},{"damage":2,"enemies":"2 Fungi Beasts","floor":12,"turns":2},{"damage":3,"enemies":"Large Slime","floor":13,"turns":4},{"damage":41,"enemies":"Gremlin Nob","floor":14,"turns":5},{"damage":56,"enemies":"Hexaghost","floor":16,"turns":10},{"damage":25,"enemies":"2 Thieves","floor":18,"turns":4},{"damage":27,"enemies":"Spheric Guardian","floor":22,"turns":5},{"damage":44,"enemies":"Book of Stabbing","floor":24,"turns":7},{"damage":83,"enemies":"Gremlin Leader","floor":27,"turns":7}],"seed_played":"887709311683210778","potions_obtained":[{"floor":8,"key":"EssenceOfSteel"},{"floor":10,"key":"Weak Potion"},{"floor":12,"key":"BlessingOfTheForge"},{"floor":22,"key":"Strength Potion"},{"floor":24,"key":"Ancient Potion"}],"is_trial":false,"path_per_floor":["M","?","?","M","$","E","R","M","T","M","R","M","M","E","R","B",null,"M","?","$","?","M","R","E","R","T","E"],"character_chosen":"IRONCLAD","items_purchased":["Inflame","Reckless Charge","Anchor"],"campfire_rested":2,"item_purchase_floors":[5,5,20],"current_hp_per_floor":[78,78,78,80,80,80,80,80,80,80,80,80,80,45,69,19,65,58,58,58,80,64,64,39,63,63,0,0],"gold":118,"neow_bonus":"THREE_ENEMY_KILL","is_daily":false,"chose_seed":false,"campfire_upgraded":3,"win_rate":0.0,"timestamp":1611641622,"path_taken":["M","?","?","M","$","E","R","M","T","M","R","M","M","E","R","BOSS","M","?","$","?","M","R","E","R","T","E"],"items_purchased_type":["Card","Card","Relic"],"build_version":"2020-12-22","purchased_purges":0,"victory":false,"max_hp_per_floor":[80,80,80,80,80,80,80,80,80,80,80,80,80,80,80,80,80,80,80,80,80,80,80,80,80,80,80,80],"card_choices":[{"not_picked":["Clash","Dropkick"],"picked":"Combust","floor":1},{"not_picked":["Clash","Armaments"],"picked":"Headbutt","floor":4},{"not_picked":["Thunderclap","Flex"],"picked":"Clothesline","floor":6},{"not_picked":["Headbutt","Heavy Blade"],"picked":"Armaments","floor":8},{"not_picked":["Entrench","Headbutt","Wild Strike"],"picked":"SKIP","floor":10},{"not_picked":["Brutality","Warcry"],"picked":"Rampage","floor":12},{"not_picked":["Heavy Blade","Clothesline","Thunderclap"],"picked":"SKIP","floor":13},{"not_picked":["Headbutt","Dark Embrace"],"picked":"Pommel Strike","floor":14},{"not_picked":["Limit Break","Fiend Fire"],"picked":"Reaper","floor":16},{"not_picked":["Thunderclap","Dark Embrace"],"picked":"Inflame","floor":18},{"not_picked":["Rage","Rampage"],"picked":"Shrug It Off+1","floor":22},{"not_picked":["Body Slam","Disarm","Heavy Blade"],"picked":"SKIP","floor":24}],"player_experience":507508,"relics_obtained":[{"floor":6,"key":"Unceasing Top"},{"floor":9,"key":"Self Forming Clay"},{"floor":14,"key":"Happy Flower"},{"floor":24,"key":"Thread and Needle"},{"floor":26,"key":"Ornamental Fan"}],"event_choices":[{"damage_healed":0,"gold_gain":0,"player_choice":"Ignored","damage_taken":0,"max_hp_gain":0,"max_hp_loss":0,"event_name":"Shining Light","floor":2,"gold_loss":0},{"damage_healed":0,"gold_gain":0,"player_choice":"Ignored","damage_taken":0,"max_hp_gain":0,"max_hp_loss":0,"event_name":"Golden Wing","floor":3,"gold_loss":0},{"damage_healed":0,"gold_gain":0,"player_choice":"Ignored","damage_taken":0,"max_hp_gain":0,"max_hp_loss":0,"event_name":"Beggar","floor":19,"gold_loss":0},{"damage_healed":26,"gold_gain":0,"player_choice":"Heal","damage_taken":0,"max_hp_gain":0,"max_hp_loss":0,"event_name":"The Library","floor":21,"gold_loss":0}],"is_beta":false,"boss_relics":[{"not_picked":["Runic Dome","Ectoplasm"],"picked":"SacredBark"}],"items_purged_floors":[],"is_endless":false,"potions_floor_spawned":[8,10,12,22,24],"killed_by":"Gremlin Leader","ascension_level":9}}