{"host":"5mo0809oo9tcrmpl","time":1611619537,"event":{"mods":["BaseMod","Highlight Path","Minty Spire (QoL Compilation)","Relic Stats","Slay the Relics Exporter"],"gold_per_floor":[215,230,240,251,2,2,28,28,28,63,5,37,50,82,82,160,160,179,179,190,210,210,244,244,278,278,308,358,358,375,386,386,465,465,482,498,498,361,411,411,422,439,439,450,167,183,215,234,234,234,234],"floor_reached":50,"language":"ENG","playtime":2591,"items_purged":["Strike_G","Strike_G"],"score":1178,"play_id":"298cf633-f9e5-48bd-9e4a-7ea55df9dbd0","local_time":"20210125180537","is_ascension_mode":true,"campfire_choices":[{"data":"Neutralize","floor":6.0,"key":"SMITH"},{"floor":8.0,"key":"REST"},{"data":"Caltrops","floor":15.0,"key":"SMITH"},{"data":"Noxious Fumes","floor":24.0,"key":"SMITH"},{"data":"Noxious Fumes","floor":29.0,"key":"SMITH"},{"data":"Terror","floor":32.0,"key":"SMITH"},{"data":"Calculated Gamble","floor":40.0,"key":"SMITH"},{"floor":49.0,"key":"RECALL"}],"circlet_count":0,"master_deck":["AscendersBane","Strike_G","Strike_G","Strike_G+1","Defend_G+1","Defend_G","Defend_G","Defend_G","Defend_G","Survivor","Neutralize+1","Terror+1","Noxious Fumes+1","Noxious Fumes+1","Backflip","Caltrops+1","Backstab","Night Terror","Dagger Spray+1","Skewer","Adrenaline+1","Deflect","Backflip","A Thousand Cuts+1","Corpse Explosion","Backflip","Noxious Fumes+1","Calculated Gamble+1","Infinite Blades+1","Footwork+1"],"relics":["Ring of the Snake","Membership Card","PreservedInsect","Orichalcum","Kunai","Torii","Meat on the Bone","Akabeko","Smiling Mask","Coffee Dripper","Vajra","Frozen Egg 2","Matryoshka","Pantograph","Busted Crown","HornCleat","War Paint","TheAbacus","Whetstone"],"acts_visited":["Exordium","TheCity","TheBeyond"],"potions_floor_usage":[50,50],"damage_taken":[{"damage":0.0,"enemies":"Small Slimes","floor":1.0,"turns":4.0},{"damage":4.0,"enemies":"Cultist","floor":2.0,"turns":5.0},{"damage":1.0,"enemies":"Jaw Worm","floor":3.0,"turns":4.0},{"damage":12.0,"enemies":"Gremlin Gang","floor":4.0,"turns":5.0},{"damage":26.0,"enemies":"Gremlin Nob","floor":7.0,"turns":4.0},{"damage":14.0,"enemies":"Lagavulin","floor":10.0,"turns":6.0},{"damage":3.0,"enemies":"3 Sentries","floor":12.0,"turns":6.0},{"damage":0.0,"enemies":"Looter","floor":13.0,"turns":4.0},{"damage":10.0,"enemies":"Lagavulin","floor":14.0,"turns":5.0},{"damage":10.0,"enemies":"The Guardian","floor":16.0,"turns":10.0},{"damage":5.0,"enemies":"3 Byrds","floor":18.0,"turns":3.0},{"damage":0.0,"enemies":"Spheric Guardian","floor":20.0,"turns":1.0},{"damage":2.0,"enemies":"3 Cultists","floor":21.0,"turns":4.0},{"damage":4.0,"enemies":"Book of Stabbing","floor":23.0,"turns":4.0},{"damage":20.0,"enemies":"Slavers","floor":25.0,"turns":5.0},{"damage":9.0,"enemies":"Gremlin Leader","floor":27.0,"turns":3.0},{"damage":9.0,"enemies":"Chosen and Byrds","floor":30.0,"turns":4.0},{"damage":12.0,"enemies":"Shelled Parasite and Fungi","floor":31.0,"turns":4.0},{"damage":43.0,"enemies":"Collector","floor":33.0,"turns":9.0},{"damage":0.0,"enemies":"3 Shapes","floor":35.0,"turns":2.0},{"damage":20.0,"enemies":"3 Darklings","floor":36.0,"turns":5.0},{"damage":0.0,"enemies":"4 Shapes","floor":41.0,"turns":4.0},{"damage":20.0,"enemies":"Jaw Worm Horde","floor":42.0,"turns":4.0},{"damage":1.0,"enemies":"3 Darklings","floor":44.0,"turns":3.0},{"damage":25.0,"enemies":"Spire Growth","floor":46.0,"turns":4.0},{"damage":0.0,"enemies":"Nemesis","floor":47.0,"turns":7.0},{"damage":8.0,"enemies":"Transient","floor":48.0,"turns":6.0},{"damage":72,"enemies":"Time Eater","floor":50,"turns":8}],"seed_played":"5202947906357921543","potions_obtained":[{"floor":1.0,"key":"AttackPotion"},{"floor":3.0,"key":"CunningPotion"},{"floor":12.0,"key":"Explosive Potion"},{"floor":16.0,"key":"DuplicationPotion"},{"floor":18.0,"key":"Strength Potion"},{"floor":27.0,"key":"LiquidBronze"},{"floor":30.0,"key":"EssenceOfSteel"},{"floor":33.0,"key":"FearPotion"},{"floor":41.0,"key":"EssenceOfSteel"},{"floor":42.0,"key":"AttackPotion"}],"is_trial":false,"path_per_floor":["M","M","M","M","$","R","E","R","T","E","?","E","M","E","R","B",null,"M","?","M","M","?","E","R","E","T","E","?","R","M","M","R","B",null,"M","M","?","$","?","R","M","M","T","M","$","M","E","M","R","B"],"character_chosen":"THE_SILENT","items_purchased":["Membership Card","PreservedInsect","Noxious Fumes+1","Calculated Gamble","Footwork+1","War Paint","TheAbacus","Dexterity Potion"],"campfire_rested":1,"item_purchase_floors":[5,5,38,38,45,45,45,45],"current_hp_per_floor":[59,55,54,42,42,42,16,35,35,21,21,30,42,44,44,34,58,53,47,47,45,27,35,35,27,27,30,30,30,33,33,33,27,60,60,40,40,40,40,40,40,32,32,43,43,30,42,46,46,0,0],"gold":234,"neow_bonus":"HUNDRED_GOLD","is_daily":false,"chose_seed":false,"campfire_upgraded":6,"win_rate":0.0,"timestamp":1611619537,"path_taken":["M","M","M","M","$","R","E","R","T","E","?","E","?","E","R","BOSS","M","?","M","?","?","E","R","E","T","E","?","R","M","M","R","BOSS","M","?","?","?","?","R","M","M","T","M","$","?","E","M","R","BOSS"],"items_purchased_type":["Relic","Relic","Card","Card","Card","Relic","Relic","Potion"],"build_version":"2020-12-22","purchased_purges":2,"victory":false,"max_hp_per_floor":[66,66,66,66,66,66,66,66,66,66,66,66,66,66,66,66,66,66,66,66,66,71,71,71,71,71,71,71,71,71,71,71,71,71,71,71,71,71,71,71,71,71,71,71,71,71,71,71,71,71,71],"relic_stats":{"Torii":49,"counters":[28,133],"PreservedInsect":310,"Whetstone":["Dagger Spray","Strike_G"],"Orichalcum":[192],"War Paint":["Defend_G","Adrenaline"],"Smiling Mask":-12,"Busted Crown":16,"TheAbacus":[30],"Pantograph":50,"Kunai":[32],"obtain_stats":[{"Torii":10,"Vajra":23,"PreservedInsect":5,"Whetstone":47,"Orichalcum":7,"Frozen Egg 2":25,"War Paint":45,"Smiling Mask":14,"Akabeko":12,"Matryoshka":26,"Busted Crown":34,"HornCleat":43,"TheAbacus":45,"Pantograph":27,"Coffee Dripper":17,"Membership Card":5,"Kunai":9,"Ring of the Snake":0,"Meat on the Bone":11},{"Torii":6,"Vajra":14,"PreservedInsect":4,"Whetstone":26,"Orichalcum":5,"Frozen Egg 2":15,"War Paint":24,"Smiling Mask":9,"Akabeko":7,"Matryoshka":15,"Busted Crown":19,"HornCleat":23,"TheAbacus":24,"Pantograph":16,"Coffee Dripper":10,"Membership Card":4,"Kunai":5,"Ring of the Snake":0,"Meat on the Bone":6},{"Torii":28,"Vajra":65,"PreservedInsect":18,"Whetstone":119,"Orichalcum":22,"Frozen Egg 2":70,"War Paint":108,"Smiling Mask":43,"Akabeko":34,"Matryoshka":70,"Busted Crown":90,"HornCleat":105,"TheAbacus":108,"Pantograph":73,"Coffee Dripper":53,"Membership Card":18,"Kunai":22,"Ring of the Snake":0,"Meat on the Bone":28}],"Ring of the Snake":[56],"Meat on the Bone":168},"card_choices":[{"not_picked":["Calculated Gamble","Underhanded Strike"],"picked":"Terror","floor":1.0},{"not_picked":["Underhanded Strike","Acrobatics"],"picked":"Noxious Fumes","floor":2.0},{"not_picked":["Deflect","Leg Sweep"],"picked":"Noxious Fumes","floor":3.0},{"not_picked":["Prepared","PiercingWail"],"picked":"Backflip","floor":4.0},{"not_picked":["Deadly Poison","Endless Agony"],"picked":"Caltrops","floor":7.0},{"not_picked":["Heel Hook","Skewer"],"picked":"Backstab","floor":10.0},{"not_picked":["Slice","Escape Plan"],"picked":"Night Terror","floor":12.0},{"not_picked":["Flying Knee","Outmaneuver"],"picked":"Dagger Spray","floor":13.0},{"not_picked":["Escape Plan","Deadly Poison"],"picked":"Skewer","floor":14.0},{"not_picked":["Burst","Unload"],"picked":"Adrenaline","floor":16.0},{"not_picked":["Sucker Punch","Flying Knee","Slice"],"picked":"SKIP","floor":18.0},{"not_picked":["All Out Attack","Deadly Poison"],"picked":"Deflect","floor":20.0},{"not_picked":["Bane","Deflect","Quick Slash"],"picked":"SKIP","floor":21.0},{"not_picked":["All Out Attack","Deflect","Backstab"],"picked":"SKIP","floor":23.0},{"not_picked":["Dagger Throw","Tactician"],"picked":"Backflip","floor":25.0},{"not_picked":["Outmaneuver","Predator","Underhanded Strike"],"picked":"SKIP","floor":27.0},{"not_picked":["Concentrate","Flying Knee","Prepared"],"picked":"SKIP","floor":30.0},{"not_picked":["Backflip","Terror"],"picked":"A Thousand Cuts+1","floor":31.0},{"not_picked":["Tools of the Trade+1","A Thousand Cuts+1"],"picked":"Corpse Explosion","floor":33.0},{"not_picked":["Predator"],"picked":"SKIP","floor":35.0},{"not_picked":["Concentrate"],"picked":"SKIP","floor":36.0},{"not_picked":["Flying Knee+1"],"picked":"SKIP","floor":41.0},{"not_picked":[],"picked":"Infinite Blades+1","floor":42.0},{"not_picked":["Poisoned Stab"],"picked":"SKIP","floor":44.0},{"not_picked":["Slice+1"],"picked":"SKIP","floor":46.0},{"not_picked":["Dash"],"picked":"SKIP","floor":47.0},{"not_picked":["Dagger Spray"],"picked":"SKIP","floor":48.0}],"player_experience":1221280,"relics_obtained":[{"floor":7.0,"key":"Orichalcum"},{"floor":9.0,"key":"Kunai"},{"floor":10.0,"key":"Torii"},{"floor":12.0,"key":"Akabeko"},{"floor":14.0,"key":"Smiling Mask"},{"floor":23.0,"key":"Vajra"},{"floor":25.0,"key":"Frozen Egg 2"},{"floor":26.0,"key":"Matryoshka"},{"floor":27.0,"key":"Pantograph"},{"floor":43.0,"key":"HornCleat"},{"floor":47.0,"key":"Whetstone"}],"event_choices":[{"damage_healed":0.0,"max_hp_gain":0.0,"max_hp_loss":0.0,"gold_gain":0.0,"event_name":"WeMeetAgain","player_choice":"Paid Gold","floor":11.0,"gold_loss":58.0,"damage_taken":0.0,"relics_obtained":["Meat on the Bone"]},{"damage_healed":0.0,"max_hp_gain":0.0,"max_hp_loss":0.0,"gold_gain":0.0,"event_name":"Knowing Skull","player_choice":"","floor":19.0,"potions_obtained":[],"gold_loss":0.0,"damage_taken":6.0,"cards_obtained":[]},{"damage_healed":0.0,"max_hp_gain":5.0,"max_hp_loss":0.0,"gold_gain":0.0,"event_name":"Forgotten Altar","player_choice":"Shed Blood","floor":22.0,"gold_loss":0.0,"damage_taken":23.0},{"damage_healed":0.0,"max_hp_gain":0.0,"max_hp_loss":0.0,"gold_gain":50.0,"event_name":"Golden Shrine","player_choice":"Pray","floor":28.0,"gold_loss":0.0,"damage_taken":0.0},{"damage_healed":0.0,"max_hp_gain":0.0,"max_hp_loss":0.0,"gold_gain":0.0,"event_name":"Match and Keep!","player_choice":"1 cards matched","floor":37.0,"gold_loss":0.0,"damage_taken":0.0,"cards_obtained":["Backflip"]},{"damage_healed":0.0,"max_hp_gain":0.0,"max_hp_loss":0.0,"gold_gain":50.0,"event_name":"Golden Shrine","player_choice":"Pray","floor":39.0,"gold_loss":0.0,"damage_taken":0.0}],"is_beta":false,"boss_relics":[{"not_picked":["Calling Bell","Ectoplasm"],"picked":"Coffee Dripper"},{"not_picked":["Sozu","HoveringKite"],"picked":"Busted Crown"}],"items_purged_floors":[38,45],"is_endless":false,"potions_floor_spawned":[1,3,12,16,18,21,27,30,33,41,42,46],"killed_by":"Time Eater","ascension_level":20}}