{"host":"wkuscavjg97fbbrj","time":1611634130,"event":{"mods":["BaseMod","Colored Powertips","Downfall","Minty Spire (QoL Compilation)","Permanent Neow","Quick Restart","Replay The Spire","StSLib"],"gold_per_floor":[99,119,132,143,55,55,55,55,75,75,95,113,23,49,69,169,169,169,182,222,237,315,315,315,334,334,350,365,378,378,378,393,498,498,498,512,530,543,543,555,582,617,617,643,643,643,176,187,198,198,198,198],"floor_reached":50,"language":"ENG","playtime":3326,"items_purged":["Looming Evil","Guardian:Defend_Guardian+1"],"score":535,"play_id":"1709998a-614b-4db7-98c9-7fc15cd4149c","local_time":"20210125230850","is_ascension_mode":false,"campfire_choices":[{"data":"Guardian:SphericShield","floor":1,"key":"SMITH"},{"data":"Guardian:TwinSlam","floor":6,"key":"SMITH"},{"data":"Guardian:BodySlam","floor":10,"key":"SMITH"},{"data":"Guardian:Clone","floor":18,"key":"SMITH"},{"data":"Guardian:DecasProtection","floor":18,"key":"SMITH"},{"data":"Guardian:StasisStrike","floor":23,"key":"SMITH"},{"data":"Guardian:StasisField","floor":23,"key":"SMITH"},{"data":"Guardian:ChargeCore","floor":26,"key":"SMITH"},{"data":"Guardian:CurlUp","floor":26,"key":"SMITH"},{"data":"Guardian:TimeSifter","floor":30,"key":"SMITH"},{"data":"Guardian:Defend_Guardian","floor":30,"key":"SMITH"},{"floor":35,"key":"DIG"},{"data":"Guardian:Strike_Guardian","floor":43,"key":"SMITH"},{"data":"Guardian:Strike_Guardian","floor":43,"key":"SMITH"},{"data":"Guardian:Defend_Guardian","floor":45,"key":"SMITH"},{"data":"Guardian:Defend_Guardian","floor":45,"key":"SMITH"}],"circlet_count":0,"master_deck":["Guardian:Strike_Guardian+1","Guardian:Strike_Guardian+1","Guardian:Defend_Guardian+1","Guardian:Defend_Guardian+1","Guardian:CurlUp+1","Guardian:TwinSlam+1","Guardian:SphericShield+1","Guardian:ChargeCore+1","Guardian:Clone+1","Guardian:BodySlam+1","Guardian:DecasProtection+1","Guardian:StasisStrike+1","CurseOfTheBell","Guardian:StasisField+1","Guardian:TimeSifter+1","Guardian:PiercingHide+1","Guardian:Incinerate+1","Guardian:PrismaticBeam+1","Guardian:PiercingHide","Guardian:SphericShield","Guardian:RefractedBeam+1","Guardian:ChargeUp"],"relics":["Guardian:ModeShifterPlus","Darkstone Periapt","Nunchaku","Calling Bell","Guardian:PickAxe","Meat on the Bone","Replay:Arrowhead","Ornamental Fan","Replay:Bottled Flurry","Replay:Bottled Eggs","Gremlin Food","Potion Belt","Pocketwatch","Guardian:BottledStasis"],"acts_visited":["Exordium","TheCity","TheBeyond"],"potions_floor_usage":[9,9,14,14,16,27,42,48],"damage_taken":[{"damage":0,"enemies":"Small Slimes","floor":2,"turns":4},{"damage":1,"enemies":"Cultist","floor":3,"turns":5},{"damage":0,"enemies":"Jaw Worm","floor":4,"turns":4},{"damage":0,"enemies":"downfall:FleeingMerchant","floor":5,"turns":4},{"damage":9,"enemies":"2 Fungi Beasts","floor":9,"turns":2},{"damage":1,"enemies":"Exordium Wildlife","floor":11,"turns":3},{"damage":0,"enemies":"Gremlin Gang","floor":12,"turns":3},{"damage":11,"enemies":"downfall:FleeingMerchant","floor":13,"turns":4},{"damage":6,"enemies":"Gremlin Nob","floor":14,"turns":5},{"damage":10,"enemies":"Exordium Thugs","floor":15,"turns":3},{"damage":46,"enemies":"WA_ARCHETYPE_RETAIN","floor":16,"turns":8},{"damage":11,"enemies":"Chosen","floor":19,"turns":7},{"damage":11,"enemies":"Snecko","floor":21,"turns":8},{"damage":17,"enemies":"Centurion and Healer","floor":25,"turns":9},{"damage":5,"enemies":"Cultist and Chosen","floor":27,"turns":6},{"damage":0,"enemies":"Snecko","floor":28,"turns":5},{"damage":21,"enemies":"3 Cultists","floor":29,"turns":7},{"damage":9,"enemies":"Chosen and Byrds","floor":32,"turns":8},{"damage":30,"enemies":"SI_MIRROR_ARCHETYPE","floor":33,"turns":13},{"damage":20,"enemies":"3 Darklings","floor":36,"turns":9},{"damage":8,"enemies":"3 Shapes","floor":37,"turns":5},{"damage":6,"enemies":"Sphere and 2 Shapes","floor":38,"turns":7},{"damage":0,"enemies":"Spire Growth","floor":40,"turns":10},{"damage":26,"enemies":"Nemesis","floor":42,"turns":13},{"damage":7,"enemies":"R_Hoarder","floor":44,"turns":8},{"damage":0,"enemies":"downfall:FleeingMerchant","floor":47,"turns":4},{"damage":5,"enemies":"3 Darklings","floor":48,"turns":5},{"damage":0,"enemies":"4 Shapes","floor":49,"turns":5},{"damage":146,"enemies":"IC_BLOCK_ARCHETYPE","floor":50,"turns":4}],"seed_played":"6359581876154333341","potions_obtained":[{"floor":3,"key":"Strength Potion"},{"floor":4,"key":"ColorlessPotion"},{"floor":9,"key":"Energy Potion"},{"floor":11,"key":"Swift Potion"},{"floor":15,"key":"Strength Potion"},{"floor":16,"key":"SteroidPotion"},{"floor":19,"key":"Elixir"},{"floor":25,"key":"DistilledChaos"},{"floor":27,"key":"Reflective Coating"},{"floor":29,"key":"Swift Potion"},{"floor":42,"key":"FearPotion"},{"floor":48,"key":"Guardian:DefensiveModePotion"},{"floor":49,"key":"bronze:BurnAndBuffPotion"}],"is_trial":false,"path_per_floor":["R","M","M","M","$","R","T","?","M","R","M","M","$","E","M","B",null,"R","M","?","M","T","R","T","M","R","M","M","M","R","?","M","B",null,"R","M","M","M","?","M","T","E","R","E","R","?","$","M","M","B"],"character_chosen":"GUARDIAN","items_purchased":["Guardian:Gem_Crimson","Guardian:BottledStasis","Guardian:PiercingHide","Guardian:SphericShield"],"campfire_rested":0,"item_purchase_floors":[5,47,47,47],"current_hp_per_floor":[80,80,79,79,79,79,79,85,76,76,75,75,64,58,48,2,92,92,81,58,47,47,47,47,42,42,49,49,40,40,40,43,25,92,92,72,64,58,58,58,58,44,44,49,49,49,49,56,56,0,0,0],"gold":198,"neow_bonus":"ONE_RANDOM_RARE_CARD","is_daily":false,"chose_seed":false,"campfire_upgraded":15,"win_rate":0.0,"timestamp":1611634130,"path_taken":["R","M","M","M","$","R","T","?","M","R","?","M","$","E","M","BOSS","R","M","?","M","?","R","T","M","R","M","?","M","R","?","M","BOSS","R","M","M","M","?","M","T","E","R","E","R","?","$","M","M","BOSS"],"items_purchased_type":["Card","Relic","Card","Card"],"build_version":"2020-12-22","purchased_purges":2,"victory":false,"max_hp_per_floor":[80,80,80,80,80,80,80,86,86,86,86,86,86,86,86,86,92,92,92,92,92,92,92,92,92,92,92,92,92,92,92,92,92,92,92,92,92,92,92,92,92,92,92,92,92,92,92,92,92,92,92,92],"card_choices":[{"not_picked":["Guardian:PrimingBeam","Guardian:TemporalStrike"],"picked":"Guardian:ChargeCore","floor":2},{"not_picked":["Guardian:WalkerClaw","Guardian:Suspension"],"picked":"Guardian:Gem_Lightblue","floor":3},{"not_picked":["Guardian:VentSteam","Guardian:CrystalBeam"],"picked":"Guardian:Gem_Crimson","floor":4},{"not_picked":["Guardian:Reroute","Guardian:PiercingHide","Guardian:TemporalShield"],"picked":"SKIP","floor":5},{"not_picked":["Guardian:TemporalShield","Guardian:Suspension","Guardian:FloatingOrbs"],"picked":"SKIP","floor":9},{"not_picked":["Guardian:WalkerClaw","Guardian:FloatingOrbs","Guardian:GemFire"],"picked":"SKIP","floor":11},{"not_picked":["Guardian:Recover","Guardian:Emergency"],"picked":"Guardian:Gem_Green","floor":12},{"not_picked":["Guardian:Reroute","Guardian:TemporalStrike","Guardian:Suspension"],"picked":"SKIP","floor":13},{"not_picked":["Guardian:Gem_Purple","Guardian:VentSteam"],"picked":"Guardian:Gem_Cyan","floor":14},{"not_picked":["Guardian:Gem_Crimson","Guardian:RefractedBeam"],"picked":"Guardian:Gem_Lightblue","floor":15},{"not_picked":["Guardian:GemFire","Guardian:ConstructionForm"],"picked":"Guardian:StasisStrike","floor":16},{"not_picked":["Guardian:TemporalStrike","Guardian:Planning"],"picked":"Guardian:Gem_Lightblue","floor":19},{"not_picked":["Guardian:Gem_Lightblue","Guardian:PrismaticBeam"],"picked":"Guardian:StasisField","floor":20},{"not_picked":["Guardian:DecasProtection","Guardian:Repulse+1","Guardian:Reroute"],"picked":"SKIP","floor":21},{"not_picked":["Guardian:Gem_Cyan","Guardian:TemporalShield","Guardian:Gem_Purple"],"picked":"SKIP","floor":25},{"not_picked":["Guardian:RollAttack","Guardian:CrystalBeam","Guardian:Incinerate"],"picked":"SKIP","floor":27},{"not_picked":["Guardian:TemporalShield+1","Guardian:Orbwalk+1","Guardian:Reroute+1"],"picked":"SKIP","floor":28},{"not_picked":["Guardian:Suspension+1","Guardian:CrystalBeam"],"picked":"Guardian:TimeSifter","floor":29},{"not_picked":["Guardian:ShieldSpikes+1","Guardian:ChargeCore","Guardian:Gem_Cyan"],"picked":"SKIP","floor":32},{"not_picked":["Guardian:Reroute","Guardian:VentSteam"],"picked":"Guardian:PiercingHide+1","floor":36},{"not_picked":["Guardian:ShieldSpikes","Guardian:Reroute","Guardian:ChargeCore+1"],"picked":"SKIP","floor":37},{"not_picked":["Guardian:PolyBeam","Guardian:Gem_Purple","Guardian:Reroute"],"picked":"SKIP","floor":38},{"not_picked":["Guardian:Preprogram","Guardian:Reroute","Guardian:Gem_Lightblue"],"picked":"SKIP","floor":40},{"not_picked":["Guardian:TemporalStrike","Guardian:ChargeUp+1"],"picked":"Guardian:Incinerate+1","floor":42},{"not_picked":["Guardian:Clone","Guardian:Suspension+1"],"picked":"Guardian:PrismaticBeam+1","floor":44},{"not_picked":["Guardian:Repulse","Guardian:ShieldCharger","Guardian:Gem_Green"],"picked":"SKIP","floor":47},{"not_picked":["Guardian:TimeBomb+1","Guardian:TemporalShield+1"],"picked":"Guardian:RefractedBeam+1","floor":48},{"not_picked":["Guardian:TemporalStrike","Guardian:AncientConstruct"],"picked":"Guardian:ChargeUp","floor":49}],"player_experience":179460,"relics_obtained":[{"floor":7,"key":"Darkstone Periapt"},{"floor":14,"key":"Nunchaku"},{"floor":17,"key":"Guardian:PickAxe"},{"floor":17,"key":"Meat on the Bone"},{"floor":17,"key":"Replay:Arrowhead"},{"floor":20,"key":"Ornamental Fan"},{"floor":22,"key":"Replay:Bottled Flurry"},{"floor":35,"key":"Replay:Bottled Eggs"},{"floor":41,"key":"Gremlin Food"},{"floor":42,"key":"Potion Belt"},{"floor":44,"key":"Pocketwatch"}],"event_choices":[],"is_beta":false,"boss_relics":[{"not_picked":["Runic Dome","Black Star"],"picked":"Calling Bell"},{"not_picked":["Kintsugi","Velvet Choker"],"picked":"Guardian:ModeShifterPlus"}],"items_purged_floors":[13,47],"is_endless":false,"potions_floor_spawned":[3,4,9,11,15,16,19,25,27,29,42,48,49],"killed_by":"IC_BLOCK_ARCHETYPE","ascension_level":0}}