{"host":"b0l902yh1rk3g5bq","time":1611623291,"event":{"mods":["AchievementEnabler","Act Like it!","Aspiration","BaseMod","Better Match","Better Sensory Stone","Better Skull","Better Third Choice","BetterRewards","Challenge The Spire","Colored Map","Colored Powertips","Conspire","Downfall","Energized Spire","GifTheSpireLib","Halation","Hubris","Infinite Spire","Minty Spire (QoL Compilation)","Quick Restart","Rare Cards Sparkle","Reliquary","Replay The Spire","StSLib","Stuff the Spire","Trackpad","Virulent Crown","Wandering Minibosses","egg","everything is the same but u backflip on backflip"],"gold_per_floor":[114,114,114,114,139,177,177],"floor_reached":6,"language":"ENG","playtime":195,"items_purged":[],"score":46,"play_id":"f634ab72-9d18-4961-91b1-1e248c3aa10d","local_time":"20210126020811","daily_mods":["Draft","Heirloom","Flight","DeadlyEvents","Elite Swarm"],"is_ascension_mode":true,"campfire_choices":[],"circlet_count":0,"master_deck":["StuffTheSpire:Sprint","All Out Attack","Hidden Blade","Blade Dance+1","Acrobatics","StuffTheSpire:BumpUp","Dodge and Roll","conspire:DoublingDagger","Cloak And Dagger","Caltrops","Sucker Punch","Backflip","Blade Dance","Dash","Dodge and Roll","Burst+1","Skewer"],"relics":["Ring of the Snake","Guardian:GemstoneGun","Golden Idol","Tingsha"],"acts_visited":["Exordium"],"potions_floor_usage":[],"damage_taken":[{"damage":0,"enemies":"2 Louse","floor":1,"turns":1},{"damage":0,"enemies":"Small Slimes","floor":5,"turns":1},{"damage":4,"enemies":"3 Sentries","floor":6,"turns":5}],"seed_played":"-1338297006164352248","potions_obtained":[{"floor":5,"key":"ColorlessPotion"}],"is_trial":true,"path_per_floor":["M","?","?","?","M","E"],"character_chosen":"THE_SILENT","items_purchased":[],"campfire_rested":0,"item_purchase_floors":[],"current_hp_per_floor":[70,70,53,53,53,49,49],"gold":177,"neow_bonus":"","is_daily":false,"chose_seed":false,"campfire_upgraded":0,"win_rate":0.0,"timestamp":1611623291,"path_taken":["M","?","?","?","?","E"],"items_purchased_type":[],"build_version":"2020-12-22","purchased_purges":0,"victory":false,"max_hp_per_floor":[70,70,70,70,70,70,70],"card_choices":[{"not_picked":["Slice","Deflect"],"picked":"StuffTheSpire:Sprint","floor":0},{"not_picked":["Poisoned Stab","StuffTheSpire:Python"],"picked":"All Out Attack","floor":0},{"not_picked":["Tactician","Bane"],"picked":"Hidden Blade","floor":0},{"not_picked":["Hidden Blade","Sucker Punch"],"picked":"Blade Dance","floor":0},{"not_picked":["Masterful Stab","StuffTheSpire:BumpUp"],"picked":"Acrobatics","floor":0},{"not_picked":["Sneak Up","StuffTheSpire:ReptileScales"],"picked":"StuffTheSpire:BumpUp","floor":0},{"not_picked":["Escape Plan","hubris:SlightOfHand"],"picked":"Dodge and Roll","floor":0},{"not_picked":["PiercingWail","Underhanded Strike"],"picked":"conspire:DoublingDagger","floor":0},{"not_picked":["hubris:SlightOfHand","StuffTheSpire:Python"],"picked":"Cloak And Dagger","floor":0},{"not_picked":["Deadly Poison","Predator"],"picked":"Backflip","floor":0},{"not_picked":["StuffTheSpire:MirrorStance","Crippling Poison"],"picked":"Caltrops","floor":0},{"not_picked":["Acrobatics","Outmaneuver"],"picked":"Sucker Punch","floor":0},{"not_picked":["Bane","Hidden Blade"],"picked":"Backflip","floor":0},{"not_picked":["StuffTheSpire:ReptileScales","PiercingWail"],"picked":"Blade Dance","floor":0},{"not_picked":["Terror","PiercingWail"],"picked":"Dash","floor":0},{"not_picked":["Dagger Spray","Cloak And Dagger"],"picked":"Dodge and Roll","floor":1},{"not_picked":["Acrobatics","Hidden Blade"],"picked":"Skewer","floor":5}],"player_experience":703350,"relics_obtained":[{"floor":6,"key":"Tingsha"}],"event_choices":[{"damage_healed":0,"gold_gain":0,"player_choice":"Take Damage","damage_taken":17,"relics_obtained":["Golden Idol"],"max_hp_gain":0,"max_hp_loss":0,"event_name":"Golden Idol","floor":3,"gold_loss":0}],"is_beta":false,"boss_relics":[],"items_purged_floors":[],"is_endless":false,"potions_floor_spawned":[5],"killed_by":"3 Sentries","ascension_level":1}}