{"host":"m4gb89kpcfic7v2a","time":1611690972,"event":{"mods":["BaseMod","BetterRewards","Minty Spire (QoL Compilation)","Replay The Spire","StSLib","The Animator"],"gold_per_floor":[111,123,137,165,184,210,210,120,120,125,125],"floor_reached":10,"language":"ENG","playtime":1318,"items_purged":[],"score":74,"play_id":"df53f286-4d55-4896-97ec-001802db82cb","local_time":"20210126125612","is_ascension_mode":true,"campfire_choices":[{"data":"animator:ElricAlphonse","floor":7,"key":"SMITH"}],"circlet_count":0,"master_deck":["animator:Strike_FullmetalAlchemist","animator:Defend_FullmetalAlchemist","animator:ElricEdward+1","animator:ElricAlphonse+1","animator:RoyMustang","animator:Strike_TenSura","animator:Strike_FullmetalAlchemist","animator:Strike_Fate","animator:Defend_Konosuba","animator:Defend_Kancolle","animator:Defend_FullmetalAlchemist"],"relics":["animator:LivingPicture","animator:TheMissingPiece","Replay:Bottled Eggs","Ancient Tea Set"],"acts_visited":["Exordium"],"potions_floor_usage":[],"damage_taken":[{"damage":0,"enemies":"2 Louse","floor":1,"turns":4},{"damage":0,"enemies":"Small Slimes","floor":2,"turns":3},{"damage":0,"enemies":"Cultist","floor":3,"turns":5},{"damage":1,"enemies":"Looter","floor":4,"turns":4},{"damage":18,"enemies":"Red Slaver","floor":5,"turns":4},{"damage":18,"enemies":"3 Sentries","floor":6,"turns":5},{"damage":36,"enemies":"Lagavulin","floor":10,"turns":6}],"seed_played":"334719999489296335","potions_obtained":[{"floor":3,"key":"Milkshake"},{"floor":5,"key":"Energy Potion"}],"is_trial":false,"path_per_floor":["M","M","M","M","M","E","R","?","T","E"],"character_chosen":"THE_ANIMATOR","items_purchased":[],"campfire_rested":0,"item_purchase_floors":[],"current_hp_per_floor":[72,72,72,71,53,35,35,35,35,0,0],"gold":125,"neow_bonus":"TEN_PERCENT_HP_BONUS","is_daily":false,"chose_seed":false,"campfire_upgraded":1,"win_rate":0.0,"timestamp":1611690972,"path_taken":["M","M","M","M","M","E","R","?","T","E"],"items_purchased_type":[],"build_version":"2020-12-22","purchased_purges":0,"victory":false,"max_hp_per_floor":[72,72,72,72,72,72,72,72,72,72,72],"card_choices":[{"not_picked":["animator:ZankiKiguchi","animator:MumenRider","animator:Tatsumaki"],"picked":"SKIP","floor":1},{"not_picked":["animator:KrulTepes","animator:Yoichi","animator:Shinoa"],"picked":"SKIP","floor":2},{"not_picked":["animator:Genos","animator:AcuraAkari","animator:YaoHaDucy"],"picked":"SKIP","floor":3},{"not_picked":["animator:WinryRockbell","animator:ElricEdward"],"picked":"animator:RoyMustang","floor":4},{"not_picked":["animator:ChaikaTrabant","animator:Cocytus","animator:Shinoa"],"picked":"SKIP","floor":5},{"not_picked":["animator:MetalKnight","animator:Fredrika","animator:Shalltear"],"picked":"SKIP","floor":6}],"player_experience":192700,"relics_obtained":[{"floor":6,"key":"Replay:Bottled Eggs"},{"floor":9,"key":"Ancient Tea Set"}],"event_choices":[],"is_beta":false,"boss_relics":[],"items_purged_floors":[],"is_endless":false,"potions_floor_spawned":[3,5],"killed_by":"Lagavulin","ascension_level":1}}