{"host":"1zwnl30z3cyaxn7y","time":1611661009,"event":{"mods":["BaseMod","Downfall","Marisa£®ÏF”Í°°ƒß¿Ì…≥£©","Minty Spire (QoL Compilation)","Replay The Spire","StSLib","The Bug Knight","The Servant 0.9.4","Warlord Emblem"],"gold_per_floor":[110,127,127,177,206,206,381,381,381,381,414,414,434,191,191,304,304,324,324,356,48,85,85,116,465,465,499,530,579,620,132,132,248,248,276,313,237,237,275,275,337,376,376,446,446,475,526,133,133,159],"floor_reached":51,"language":"ZHS","playtime":3963,"items_purged":["downfall:Malfunctioning","Amnesia","Defend_S","downfall:Malfunctioning","Spreading Infection"],"score":1014,"play_id":"f9745c91-4174-4355-b3bb-ddab9ee8eb47","local_time":"20210126193649","is_ascension_mode":false,"campfire_choices":[{"data":"MurderousAura","floor":6.0,"key":"SMITH"},{"data":"Luminosity","floor":8.0,"key":"SMITH"},{"data":"BottledTime","floor":10.0,"key":"SMITH"},{"floor":15.0,"key":"REST"},{"data":"FloweringNight","floor":23.0,"key":"SMITH"},{"data":"InstantArmor","floor":32.0,"key":"SMITH"},{"data":"Madness","floor":40.0,"key":"SMITH"},{"data":"Madness","floor":45,"key":"SMITH"},{"data":"Amnesia","floor":49,"key":"PURGE"}],"circlet_count":0,"master_deck":["Strike_S","Strike_S","Strike_S","Defend_S+1","Defend_S","Defend_S","KidneyShot+1","Exchange","Luminosity+1","BottledTime+1","MurderousAura+1","Doubt","Sickly","Luminosity","TimeWarp","Barrier","Potential","FloweringNight+1","CurseOfTheBell","Potential+1","TheWorld+1","Clumsy","InstantArmor+1","WasteNot","FlawlessForm+1","Contraction","Wraith","Delirium","Starlight","BottledTime","ShiftingGears","Pain","downfall:Icky","InstantArmor+1","SoulSculpture+1","Replay:Sluggish","InstantArmor","Regret","Replay:Sluggish","Pot Of Greed+1","Pot Of Greed+1","Pot Of Greed+1","Pot Of Greed+1","Madness+1","Madness+1","Deadline+1","Voices","Injury","Pot Of Greed+1","BottledTime","Revamp+1","SilverBlades+1"],"relics":["Uniform","Ring of Greed","ReplayTheSpireMod:Ring of Addiction","Replay:Bandana","Membership Card","SacredBark","White Beast Statue","Kunai","BargainBundle","WarlordEmblem:MantleWalana","MealTicket","Calling Bell","Centennial Puzzle","Eternal Feather","WarlordEmblem:QuestDK","Toolbox","Golden Egg","Old Coin","Replay:Bottled Snecko","WarlordEmblem:MantleLazz","WarlordEmblem:QuestPriest","WarlordEmblem:BreastProtector","HandDrill","Busted Crown","ReplayTheSpireMod:CursedCoin","Grinning Jar","Bronze Scales","WarlordEmblem:MantleCaireseth","Lizard Tail","WarlordEmblem:BrokenWatch","WarlordEmblem:MantleBaku","WarlordEmblem:QuestPaladin","Chemical X"],"acts_visited":["Exordium","TheCity","TheBeyond"],"potions_floor_usage":[41,41,44,44,47,50,50,50,50],"damage_taken":[{"damage":2.0,"enemies":"Small Slimes","floor":1.0,"turns":4.0},{"damage":6.0,"enemies":"Jaw Worm","floor":2.0,"turns":4.0},{"damage":0.0,"enemies":"2 Louse","floor":5.0,"turns":2.0},{"damage":10.0,"enemies":"2 Fungi Beasts","floor":11.0,"turns":4.0},{"damage":12.0,"enemies":"3 Louse","floor":13.0,"turns":4.0},{"damage":9.0,"enemies":"The Guardian","floor":16.0,"turns":12.0},{"damage":0.0,"enemies":"Chosen","floor":18.0,"turns":5.0},{"damage":0.0,"enemies":"Shell Parasite","floor":20.0,"turns":3.0},{"damage":5.0,"enemies":"Shelled Parasite and Fungi","floor":22.0,"turns":5.0},{"damage":10.0,"enemies":"Snake Plant","floor":24.0,"turns":5.0},{"damage":20.0,"enemies":"Gremlin Leader","floor":25.0,"turns":7.0},{"damage":0.0,"enemies":"Snecko","floor":27.0,"turns":4.0},{"damage":0.0,"enemies":"Centurion and Healer","floor":28.0,"turns":5.0},{"damage":32.0,"enemies":"Slavers","floor":29.0,"turns":5.0},{"damage":12.0,"enemies":"Shelled Parasite and Fungi","floor":30.0,"turns":4.0},{"damage":188.0,"enemies":"Collector","floor":33.0,"turns":10.0},{"damage":0.0,"enemies":"3 Shapes","floor":35.0,"turns":4.0},{"damage":0.0,"enemies":"Orb Walker","floor":36.0,"turns":3.0},{"damage":0.0,"enemies":"Sphere and 2 Shapes","floor":39.0,"turns":5.0},{"damage":37,"enemies":"Reptomancer","floor":41,"turns":7},{"damage":157,"enemies":"4 Shapes","floor":42,"turns":6},{"damage":21,"enemies":"2 Orb Walkers","floor":44,"turns":4},{"damage":0,"enemies":"Maw","floor":46,"turns":6},{"damage":0,"enemies":"Giant Head","floor":47,"turns":5},{"damage":13,"enemies":"Awakened One","floor":50,"turns":8}],"seed_played":"7029117002484653704","potions_obtained":[{"floor":1.0,"key":"Weak Potion"},{"floor":4.0,"key":"Flashbang"},{"floor":4.0,"key":"PowerPotion"},{"floor":4.0,"key":"PowerPotion"},{"floor":5.0,"key":"Dexterity Potion"},{"floor":11.0,"key":"AttackPotion"},{"floor":13.0,"key":"Fire Potion"},{"floor":16.0,"key":"Flashbang"},{"floor":18.0,"key":"Fire Potion"},{"floor":20.0,"key":"Fire Potion"},{"floor":22.0,"key":"Guardian:BlockOnCardUsePotion"},{"floor":25.0,"key":"PowerPotion"},{"floor":27.0,"key":"Strength Potion"},{"floor":28.0,"key":"champ:CounterPotion"},{"floor":29.0,"key":"Strength Potion"},{"floor":30.0,"key":"FairyPotion"},{"floor":33.0,"key":"SpeedPotion"},{"floor":35.0,"key":"FairyPotion"},{"floor":36.0,"key":"Swift Potion"},{"floor":39.0,"key":"AttackPotion"},{"floor":41,"key":"Explosive Potion"},{"floor":42,"key":"Weak Potion"},{"floor":44,"key":"ColorlessPotion"},{"floor":46,"key":"Dexterity Potion"},{"floor":47,"key":"Explosive Potion"}],"is_trial":false,"path_per_floor":["M","M","?","?","M","R","?","R","T","R","M","?","M","$","R","B",null,"M","?","M","$","M","R","M","E","T","M","M","E","M","$","R","B",null,"M","M","$","?","M","R","E","M","T","?","R","M","E","$","R","B",null],"character_chosen":"THE_SERVANT","items_purchased":["BargainBundle","WarlordEmblem:MantleWalana","MealTicket","Barrier","Potential","InstantArmor","WasteNot","Toolbox","Golden Egg","WarlordEmblem:QuestPriest","WarlordEmblem:BreastProtector","HandDrill","InstantArmor","EssenceOfSteel","ReplayTheSpireMod:CursedCoin","Grinning Jar","Bronze Scales","WarlordEmblem:QuestPaladin","Chemical X","SilverBlades","Death Potion"],"campfire_rested":1,"item_purchase_floors":[14,14,14,14,14,21,21,21,21,31,31,31,31,31,37,37,37,48,48,48,48],"current_hp_per_floor":[63,57,50,50,50,50,50,50,50,50,40,40,28,28,46,37,63,63,63,61,61,56,61,59,59,59,59,59,27,33,48,69,85,85,85,85,85,74,83,83,46,49,49,28,58,58,58,73,83,74],"gold":159,"neow_bonus":"RANDOM_EVENT","is_daily":false,"chose_seed":false,"campfire_upgraded":7,"win_rate":0.0,"timestamp":1611661009,"path_taken":["M","M","?","?","M","R","?","R","T","R","M","?","M","$","R","BOSS","M","?","M","$","?","R","M","E","T","M","M","E","M","$","R","BOSS","M","M","$","?","M","R","E","M","T","?","R","M","E","$","R","BOSS"],"items_purchased_type":["Relic","Relic","Relic","Card","Card","Card","Card","Relic","Relic","Relic","Relic","Relic","Card","Potion","Relic","Relic","Relic","Relic","Relic","Card","Potion"],"build_version":"2020-12-22","purchased_purges":5,"victory":true,"max_hp_per_floor":[65,65,65,65,65,65,65,65,63,63,63,63,63,63,63,63,63,63,63,61,61,61,61,59,59,59,59,59,59,59,87,87,85,85,85,85,85,85,83,83,83,83,83,83,83,83,83,83,83,83],"card_choices":[{"not_picked":["DualDimension","Alleviate"],"picked":"Luminosity","floor":1.0},{"not_picked":["Rearm","DualDimension"],"picked":"BottledTime","floor":2.0},{"not_picked":["TimeWarp","FastForward"],"picked":"MurderousAura","floor":5.0},{"not_picked":["Potential","SilverBlades"],"picked":"Luminosity","floor":11.0},{"not_picked":["Alleviate","ShatteredReality"],"picked":"TimeWarp","floor":13.0},{"not_picked":["TrueSight","Sunlight"],"picked":"FloweringNight","floor":16.0},{"not_picked":["DoubleEdge+1","TimeWarp"],"picked":"Potential+1","floor":18.0},{"not_picked":["Potential","FastForward","Ricochet"],"picked":"SKIP","floor":20.0},{"not_picked":["Replace","Starlight+1"],"picked":"FlawlessForm","floor":22.0},{"not_picked":["Alleviate","Rewind"],"picked":"Contraction","floor":24.0},{"not_picked":["Replace+1","ShatteredReality"],"picked":"Starlight","floor":25.0},{"not_picked":["Unruled+1","Deny"],"picked":"BottledTime","floor":27.0},{"not_picked":["DualDimension","FastForward","Desolation"],"picked":"SKIP","floor":28.0},{"not_picked":["Rewind","Defy"],"picked":"ShiftingGears","floor":29.0},{"not_picked":["Manipulate","FastForward","Deadline"],"picked":"SKIP","floor":30.0},{"not_picked":["FloweringNight","FlawlessForm"],"picked":"SoulSculpture","floor":33.0},{"not_picked":["Rearm+1"],"picked":"SKIP","floor":35.0},{"not_picked":[],"picked":"InstantArmor","floor":36.0},{"not_picked":[],"picked":"Deadline+1","floor":39.0},{"not_picked":["Potential"],"picked":"SKIP","floor":41},{"not_picked":["FastForward"],"picked":"SKIP","floor":42},{"not_picked":[],"picked":"BottledTime","floor":44},{"not_picked":[],"picked":"Revamp+1","floor":46},{"not_picked":["Unruled+1"],"picked":"SKIP","floor":47}],"player_experience":333445,"relics_obtained":[{"floor":4.0,"key":"Ring of Greed"},{"floor":4.0,"key":"ReplayTheSpireMod:Ring of Addiction"},{"floor":4.0,"key":"Replay:Bandana"},{"floor":4.0,"key":"Membership Card"},{"floor":4.0,"key":"SacredBark"},{"floor":4.0,"key":"White Beast Statue"},{"floor":9.0,"key":"Kunai"},{"floor":17.0,"key":"Centennial Puzzle"},{"floor":17.0,"key":"Eternal Feather"},{"floor":17.0,"key":"WarlordEmblem:QuestDK"},{"floor":25.0,"key":"Old Coin"},{"floor":26.0,"key":"Replay:Bottled Snecko"},{"floor":29.0,"key":"WarlordEmblem:MantleLazz"},{"floor":41,"key":"WarlordEmblem:MantleCaireseth"},{"floor":43,"key":"Lizard Tail"},{"floor":44,"key":"WarlordEmblem:BrokenWatch"},{"floor":47,"key":"WarlordEmblem:MantleBaku"}],"event_choices":[{"damage_healed":0.0,"max_hp_gain":0.0,"max_hp_loss":0.0,"gold_gain":0.0,"event_name":"Living Wall","player_choice":"Grow","floor":0.0,"gold_loss":0.0,"damage_taken":0.0,"cards_upgraded":["KidneyShot"]},{"cards_removed":["Strike_S"],"damage_healed":0.0,"max_hp_gain":0.0,"max_hp_loss":0.0,"gold_gain":0.0,"event_name":"Golden Wing","player_choice":"Card Removal","floor":3.0,"gold_loss":0.0,"damage_taken":7.0},{"damage_healed":0.0,"max_hp_gain":0.0,"max_hp_loss":0.0,"gold_gain":175.0,"event_name":"Liars Game","player_choice":"AGREE","floor":7.0,"gold_loss":0.0,"damage_taken":0.0,"cards_obtained":["Doubt"]},{"damage_healed":0.0,"max_hp_gain":0.0,"max_hp_loss":0.0,"gold_gain":0.0,"event_name":"Match and Keep!","player_choice":"1 cards matched","floor":19.0,"gold_loss":0.0,"damage_taken":0.0,"cards_obtained":["TheWorld"]},{"damage_healed":0.0,"max_hp_gain":0.0,"max_hp_loss":0.0,"gold_gain":0.0,"event_name":"Winding Halls","player_choice":"Embrace Madness","floor":38.0,"gold_loss":0.0,"damage_taken":11.0,"cards_obtained":["Madness","Madness"]},{"damage_healed":0,"gold_gain":0,"player_choice":"Fight","damage_taken":0,"max_hp_gain":0,"max_hp_loss":0,"event_name":"Mysterious Sphere","floor":44,"gold_loss":0}],"is_beta":false,"boss_relics":[{"not_picked":["WarlordEmblem:VoidPower","Ring of Chaos"],"picked":"Calling Bell"},{"not_picked":["Black Star","Tiny House"],"picked":"Busted Crown"}],"items_purged_floors":[14,21,31,37,48],"is_endless":false,"potions_floor_spawned":[1,5,11,13,16,18,20,22,24,25,27,28,29,30,33,35,36,39,41,42,44,46,47],"ascension_level":0}}