{"host":"snn1c4qsf0fj7fzf","time":1611619601,"event":{"mods":["AchievementEnabler","Aspiration","Astrologer","BaseMod","Colored Powertips","Downfall","Hermit","Infinite Spire","Lobotomy","Marisa????????","Minty Spire (QoL Compilation)","Random Character Button","Rare Cards Sparkle","Reimu??????","Reliquary","Replay The Spire","Shop Mod","Spire Arcade","StSLib","The Administrix","The Cursed","The Gatherer","The Hierophant","The Poker Player","The Runesmith","Wandering Minibosses"],"gold_per_floor":[117,130,55,75,75,102,2,31,31,87,87,87,87,122,122,260,260,332,332,392,392,392,417,417],"floor_reached":23,"language":"ENG","playtime":1624,"items_purged":["Regret","Strike_B"],"score":228,"play_id":"f6f75e75-d869-4a1b-b32d-0e0b4c438f8b","local_time":"20210126080641","is_ascension_mode":true,"campfire_choices":[{"data":"Sunder","floor":11,"key":"SMITH"},{"data":"Zap","floor":13,"key":"SMITH"},{"floor":15,"key":"REST"}],"circlet_count":0,"master_deck":["Strike_B","Defend_B","Defend_B","Defend_B","Defend_B","Zap+1","Dualcast","Beam Cell","Ball Lightning","Time Bomb","FTL","Sunder+1","BootSequence","Reboot","FIFO Queue","Steam"],"relics":["Cracked Core","Replay:Rubber Ducky","Tiny Chest","Replay:Bandana","infinitespire:Satchel","infinitespire:Lychee Nut","Replay:Bronze Core","infinitespire:Broken Mirror"],"acts_visited":["Exordium","TheCity"],"potions_floor_usage":[6,18,20],"damage_taken":[{"damage":4,"enemies":"Jaw Worm","floor":1,"turns":3},{"damage":8,"enemies":"Small Slimes","floor":2,"turns":4},{"damage":0,"enemies":"Cultist","floor":4,"turns":2},{"damage":23,"enemies":"3 Sentries","floor":6,"turns":7},{"damage":16,"enemies":"Lagavulin","floor":8,"turns":5},{"damage":16,"enemies":"Gremlin Nob","floor":10,"turns":3},{"damage":1,"enemies":"Exordium Wildlife","floor":14,"turns":2},{"damage":10,"enemies":"The Guardian","floor":16,"turns":9},{"damage":15,"enemies":"Shell Parasite","floor":18,"turns":4},{"damage":45,"enemies":"Chosen","floor":20,"turns":7},{"damage":18,"enemies":"Replay:Snechameleon","floor":23,"turns":3}],"seed_played":"-6230040370539990358","potions_obtained":[{"floor":1,"key":"Weak Potion"},{"floor":8,"key":"Explosive Potion"},{"floor":10,"key":"ColorlessPotion"},{"floor":16,"key":"Guardian:BlockOnCardUsePotion"}],"is_trial":false,"path_per_floor":["M","M","$","M","?","E","$","E","T","E","R","?","R","M","R","B",null,"M","?","M","T","?","E"],"character_chosen":"DEFECT","items_purchased":[],"campfire_rested":1,"item_purchase_floors":[],"current_hp_per_floor":[71,63,63,63,56,33,33,17,17,1,1,7,7,9,25,21,56,44,50,11,11,11,0,0],"gold":417,"neow_bonus":"RANDOM_EVENT","is_daily":false,"chose_seed":false,"campfire_upgraded":2,"win_rate":0.0,"timestamp":1611619601,"path_taken":["M","M","$","M","?","E","$","E","T","E","R","?","R","?","R","BOSS","M","?","M","?","?","E"],"items_purchased_type":[],"build_version":"2020-12-22","purchased_purges":2,"victory":false,"max_hp_per_floor":[75,75,75,75,75,75,75,75,75,56,56,56,56,56,56,56,56,56,56,56,56,56,56,56],"card_choices":[{"not_picked":["Hologram","Steam"],"picked":"Beam Cell","floor":1},{"not_picked":["Sweeping Beam","Steam"],"picked":"Ball Lightning","floor":2},{"not_picked":["Beam Cell","ReplayTheSpireMod:System Scan"],"picked":"Time Bomb","floor":4},{"not_picked":["Coolheaded","ReplaySort","Hologram"],"picked":"SKIP","floor":6},{"not_picked":["Multi-Cast","Leap"],"picked":"FTL","floor":8},{"not_picked":["Gash","Go for the Eyes"],"picked":"Sunder","floor":10},{"not_picked":["Panic Button","Stack"],"picked":"BootSequence","floor":14},{"not_picked":["Amplify","Rainbow"],"picked":"Reboot","floor":16},{"not_picked":["Gash","BootSequence+1"],"picked":"FIFO Queue","floor":18},{"not_picked":["Steam Power","Undo"],"picked":"Steam","floor":20}],"player_experience":321335,"relics_obtained":[{"floor":6,"key":"Tiny Chest"},{"floor":8,"key":"Replay:Bandana"},{"floor":9,"key":"infinitespire:Satchel"},{"floor":10,"key":"infinitespire:Lychee Nut"},{"floor":21,"key":"infinitespire:Broken Mirror"}],"event_choices":[{"damage_healed":0,"gold_gain":0,"player_choice":"Box","damage_taken":0,"relics_obtained":["Replay:Rubber Ducky"],"max_hp_gain":0,"max_hp_loss":0,"event_name":"Big Fish","floor":0,"gold_loss":0,"cards_obtained":["Regret"]},{"cards_removed":["Strike_B"],"damage_healed":0,"gold_gain":0,"player_choice":"Card Removal","damage_taken":7,"max_hp_gain":0,"max_hp_loss":0,"event_name":"Golden Wing","floor":5,"gold_loss":0},{"cards_removed":["Strike_B"],"damage_healed":0,"gold_gain":0,"player_choice":"Elegance","damage_taken":0,"max_hp_gain":0,"max_hp_loss":0,"event_name":"Back to Basics","floor":22,"gold_loss":0}],"is_beta":false,"boss_relics":[{"not_picked":["Busted Crown","reliquary:KinkedSpring"],"picked":"Replay:Bronze Core"}],"items_purged_floors":[3,7],"is_endless":false,"potions_floor_spawned":[1,8,10,16],"killed_by":"Replay:Snechameleon","ascension_level":2}}