{"host":"v79nb9qnzs8cga96","time":1611696142,"event":{"mods":["Aspiration","BaseMod","Better Note","Block Reminder","GifTheSpireLib","Minty Spire (QoL Compilation)","Quarter Circle Forward PUNCH!","SacredBarkPlus","Small Relic Pack","StSLib","Stuff the Spire","The Necromancer","The Poker Player","The Spell Scribe","[IsaacMod]????"],"gold_per_floor":[112,112,112,162,175,175,175,175],"floor_reached":7,"language":"ENG","playtime":510,"items_purged":[],"score":41,"play_id":"706c30fc-d051-4b0d-8b43-a482f31dcfd7","local_time":"20210126232222","is_ascension_mode":true,"campfire_choices":[{"floor":6.0,"key":"REST"}],"circlet_count":0,"master_deck":["theScribe:StarterAttack","theScribe:StarterAttack","theScribe:LightningStrike","theScribe:LightningStrike","theScribe:StarterDefend","theScribe:StarterDefend","theScribe:StarterDefend","theScribe:IcyDefend","theScribe:IcyDefend","theScribe:StarterModifier","theScribe:PiercingBolts","theScribe:ToxicSpellstone+1","theScribe:QuickStudy+1"],"relics":["theScribe:StarterRelic1","HushsDoor","YumHeart","StuffTheSpire:Barrel","Toxic Egg 2","Regal Pillow"],"acts_visited":["Exordium"],"potions_floor_usage":[],"damage_taken":[{"damage":7.0,"enemies":"Cultist","floor":1.0,"turns":5.0},{"damage":72.0,"enemies":"Hiden Room Battle","floor":4.0,"turns":11.0},{"damage":2.0,"enemies":"Small Slimes","floor":5.0,"turns":5.0},{"damage":52,"enemies":"Gremlin Nob","floor":7,"turns":5}],"seed_played":"-9086228955899777726","potions_obtained":[{"floor":1.0,"key":"PowerPotion"}],"is_trial":false,"path_per_floor":["M","T","?","?","M","R","E"],"character_chosen":"THE_SCRIBE","items_purchased":[],"campfire_rested":1,"item_purchase_floors":[],"current_hp_per_floor":[75,75,75,13,11,50,0,0],"gold":175,"neow_bonus":"TEN_PERCENT_HP_BONUS","is_daily":false,"chose_seed":false,"campfire_upgraded":0,"win_rate":0.0,"timestamp":1611696142,"path_taken":["M","?","?","?","M","R","E"],"items_purchased_type":[],"build_version":"2020-12-22","purchased_purges":0,"victory":false,"max_hp_per_floor":[82,82,82,82,82,82,82,82],"card_choices":[{"not_picked":["theScribe:AmplifyingSpellstone","Bomb"],"picked":"theScribe:PiercingBolts","floor":1.0},{"not_picked":["theScribe:FocusingBlow","theScribe:InvigoratingStrike"],"picked":"theScribe:ToxicSpellstone+1","floor":4.0},{"not_picked":["theScribe:Divination+1","theScribe:Maelstrom"],"picked":"theScribe:QuickStudy+1","floor":5.0}],"player_experience":378285,"relics_obtained":[{"floor":2.0,"key":"StuffTheSpire:Barrel"},{"floor":4.0,"key":"Toxic Egg 2"},{"floor":4.0,"key":"Regal Pillow"}],"event_choices":[{"damage_healed":0.0,"max_hp_gain":0.0,"max_hp_loss":0.0,"gold_gain":0.0,"event_name":"HidenRoomEvent","player_choice":"Fight","floor":4.0,"gold_loss":0.0,"damage_taken":0.0}],"is_beta":false,"boss_relics":[],"items_purged_floors":[],"is_endless":false,"potions_floor_spawned":[1],"killed_by":"Gremlin Nob","ascension_level":1}}