{"host":"xmrw7jl1ir2912vf","time":1611630297,"event":{"mods":["BaseMod","Minty Spire (QoL Compilation)","Relic Stats"],"gold_per_floor":[110,110,35,35,35,70,15,15,15,45,65,78,107,107,107,182,182,199,219,219,219,219],"floor_reached":21,"language":"ENG","playtime":698,"items_purged":[],"score":478,"play_id":"46e7a18e-24df-4cdc-9e00-1a57e3f3cc7f","local_time":"20210125220457","is_ascension_mode":true,"campfire_choices":[{"data":"Cleave","floor":8,"key":"SMITH"},{"data":"Sword Boomerang","floor":15,"key":"SMITH"}],"circlet_count":0,"master_deck":["AscendersBane","Strike_R","Strike_R+1","Strike_R","Defend_R","Defend_R+1","Defend_R","Bash","Cleave+1","Sword Boomerang+1","Shrug It Off","Demon Form","Twin Strike","Spot Weakness","Immolate","Clothesline","Shockwave"],"relics":["Burning Blood","NeowsBlessing","Darkstone Periapt","Kunai","Letter Opener","Boot","Lantern","Snecko Eye"],"acts_visited":["Exordium","TheCity"],"potions_floor_usage":[13,21],"damage_taken":[{"damage":0,"enemies":"2 Louse","floor":1,"turns":1},{"damage":0,"enemies":"Gremlin Nob","floor":6,"turns":1},{"damage":0,"enemies":"Lagavulin","floor":10,"turns":1},{"damage":0,"enemies":"Jaw Worm","floor":11,"turns":5},{"damage":5,"enemies":"Small Slimes","floor":12,"turns":4},{"damage":16,"enemies":"3 Sentries","floor":13,"turns":6},{"damage":22,"enemies":"Hexaghost","floor":16,"turns":8},{"damage":49,"enemies":"2 Thieves","floor":18,"turns":4},{"damage":2,"enemies":"Spheric Guardian","floor":19,"turns":3},{"damage":30,"enemies":"Snake Plant","floor":21,"turns":3}],"seed_played":"-3382965948759548931","potions_obtained":[{"floor":10,"key":"BlessingOfTheForge"},{"floor":11,"key":"Swift Potion"},{"floor":12,"key":"Strength Potion"}],"is_trial":false,"path_per_floor":["M","?","?","?","?","E","$","R","T","E","M","M","E","?","R","B",null,"M","M","?","M"],"character_chosen":"IRONCLAD","items_purchased":["Shrug It Off"],"campfire_rested":0,"item_purchase_floors":[7],"current_hp_per_floor":[74,51,51,56,49,55,55,55,55,61,67,68,58,47,47,31,68,25,29,29,0,0],"gold":219,"neow_bonus":"THREE_ENEMY_KILL","is_daily":false,"chose_seed":false,"campfire_upgraded":2,"win_rate":0.0,"timestamp":1611630297,"path_taken":["M","?","?","?","?","E","$","R","T","E","?","M","E","?","R","BOSS","M","M","?","M"],"items_purchased_type":["Card"],"build_version":"2020-12-22","purchased_purges":0,"victory":false,"max_hp_per_floor":[75,75,75,80,80,80,80,80,80,80,80,80,80,80,80,80,80,80,80,80,80,80],"relic_stats":{"Darkstone Periapt":0,"counters":[10,36],"Snecko Eye":[18,18,14,22],"Kunai":[5],"Letter Opener":[5],"Boot":[16],"obtain_stats":[{"Darkstone Periapt":6,"Lantern":14,"NeowsBlessing":0,"Snecko Eye":17,"Kunai":9,"Letter Opener":10,"Boot":13,"Burning Blood":0},{"Darkstone Periapt":2,"Lantern":6,"NeowsBlessing":0,"Snecko Eye":7,"Kunai":2,"Letter Opener":3,"Boot":6,"Burning Blood":0},{"Darkstone Periapt":2,"Lantern":18,"NeowsBlessing":0,"Snecko Eye":26,"Kunai":2,"Letter Opener":3,"Boot":18,"Burning Blood":0}],"Burning Blood":54},"card_choices":[{"not_picked":["Iron Wave","Heavy Blade"],"picked":"Cleave","floor":1},{"not_picked":["Sever Soul","Dark Embrace"],"picked":"Sword Boomerang","floor":6},{"not_picked":["Iron Wave","Clash"],"picked":"Demon Form","floor":10},{"not_picked":["Body Slam","Iron Wave"],"picked":"Twin Strike","floor":11},{"not_picked":["Clothesline","True Grit","Blood for Blood"],"picked":"SKIP","floor":12},{"not_picked":["Iron Wave","Flex"],"picked":"Spot Weakness","floor":13},{"not_picked":["Exhume","Double Tap"],"picked":"Immolate","floor":16},{"not_picked":["Flex+1","Sever Soul"],"picked":"Clothesline","floor":18},{"not_picked":["Sever Soul","Body Slam"],"picked":"Shockwave","floor":19}],"player_experience":469603,"relics_obtained":[{"floor":6,"key":"Darkstone Periapt"},{"floor":9,"key":"Kunai"},{"floor":10,"key":"Letter Opener"},{"floor":13,"key":"Boot"}],"event_choices":[{"damage_healed":0,"gold_gain":0,"player_choice":"Entered Light","damage_taken":23,"max_hp_gain":0,"max_hp_loss":0,"event_name":"Shining Light","floor":2,"gold_loss":0,"cards_upgraded":["Strike_R","Defend_R"]},{"cards_removed":["Strike_R"],"damage_healed":0,"gold_gain":0,"player_choice":"Card Removal","damage_taken":0,"max_hp_gain":0,"max_hp_loss":0,"event_name":"The Cleric","floor":3,"gold_loss":75},{"damage_healed":0,"gold_gain":0,"player_choice":"Donut","damage_taken":0,"max_hp_gain":5,"max_hp_loss":0,"event_name":"Big Fish","floor":4,"gold_loss":0},{"cards_removed":["Defend_R"],"damage_healed":0,"gold_gain":0,"player_choice":"Card Removal","damage_taken":7,"max_hp_gain":0,"max_hp_loss":0,"event_name":"Golden Wing","floor":5,"gold_loss":0},{"damage_healed":0,"gold_gain":0,"player_choice":"Success","damage_taken":11,"relics_obtained":["Lantern"],"max_hp_gain":0,"max_hp_loss":0,"event_name":"Scrap Ooze","floor":14,"gold_loss":0},{"cards_removed":["Strike_R"],"damage_healed":0,"gold_gain":0,"player_choice":"Elegance","damage_taken":0,"max_hp_gain":0,"max_hp_loss":0,"event_name":"Back to Basics","floor":20,"gold_loss":0}],"is_beta":false,"boss_relics":[{"not_picked":["Runic Dome","Philosopher\u0027s Stone"],"picked":"Snecko Eye"}],"items_purged_floors":[],"is_endless":false,"potions_floor_spawned":[10,11,12],"killed_by":"Snake Plant","ascension_level":19}}