{"host":"xz7n3qy1zq36rzpg","time":1611674496,"event":{"mods":["BaseMod","Colored Map","Colored Powertips","Highlight Path","Minty Spire (QoL Compilation)","Quick Restart","Shop Mod"],"gold_per_floor":[114,114,129,144,159,189,219,249,249,264,60,75,105,105,105,205,205,220,235,250,265,280,310,85,115,115,214,129,129,159,159,159,259,259,274,274,289,304,154,184,214,214,214,229,250,100,115,145,145,145],"floor_reached":51,"language":"ENG","playtime":3329,"items_purged":["Flex"],"score":877,"play_id":"db94c168-078b-42bb-954c-7fc298117772","local_time":"20210126162136","daily_mods":["SealedDeck","Flight","Night Terrors"],"is_ascension_mode":false,"campfire_choices":[{"data":"True Grit","floor":15,"key":"SMITH"},{"floor":29,"key":"REST"},{"floor":32,"key":"REST"},{"floor":42,"key":"REST"},{"floor":49,"key":"REST"}],"circlet_count":0,"master_deck":["Wild Strike","Dropkick","Hemokinesis","Warcry","Iron Wave","Body Slam","Uppercut+1","Whirlwind","True Grit+1","Anger","Rupture","Flame Barrier","Disarm","Heavy Blade","Thunderclap","Power Through","Demon Form+1","True Grit","Dark Embrace","Burning Pact","Immolate","Flex+1","True Grit+1","Wild Strike","Armaments","Iron Wave+1","Bandage Up","Heavy Blade+1","Carnage","Shrug It Off","Anger+1","Shrug It Off+1"],"relics":["Black Blood","Mango","Nunchaku","Pen Nib","Ornamental Fan","Regal Pillow","Fusion Hammer","Bottled Tornado","PreservedInsect","Incense Burner","Lantern","Strawberry","Centennial Puzzle","Oddly Smooth Stone","Letter Opener","Shuriken","White Beast Statue","Ginger","Dream Catcher"],"acts_visited":["Exordium","TheCity","TheBeyond"],"potions_floor_usage":[6,13,16,20,23,25,33,33,41,44,46,46,47,50],"damage_taken":[{"damage":2,"enemies":"Jaw Worm","floor":1,"turns":1},{"damage":0,"enemies":"Cultist","floor":3,"turns":3},{"damage":2,"enemies":"2 Louse","floor":4,"turns":2},{"damage":5,"enemies":"Blue Slaver","floor":5,"turns":3},{"damage":23,"enemies":"3 Sentries","floor":6,"turns":6},{"damage":16,"enemies":"Lagavulin","floor":7,"turns":5},{"damage":14,"enemies":"Gremlin Nob","floor":8,"turns":4},{"damage":13,"enemies":"2 Fungi Beasts","floor":10,"turns":3},{"damage":0,"enemies":"3 Louse","floor":12,"turns":2},{"damage":9,"enemies":"3 Sentries","floor":13,"turns":3},{"damage":2,"enemies":"Slime Boss","floor":16,"turns":3},{"damage":0,"enemies":"3 Byrds","floor":18,"turns":3},{"damage":6,"enemies":"Shell Parasite","floor":19,"turns":5},{"damage":22,"enemies":"Centurion and Healer","floor":20,"turns":5},{"damage":0,"enemies":"Snake Plant","floor":21,"turns":3},{"damage":12,"enemies":"3 Cultists","floor":22,"turns":3},{"damage":34,"enemies":"Slavers","floor":23,"turns":2},{"damage":48,"enemies":"Gremlin Leader","floor":25,"turns":5},{"damage":38,"enemies":"Book of Stabbing","floor":30,"turns":4},{"damage":34,"enemies":"Automaton","floor":33,"turns":7},{"damage":2,"enemies":"3 Shapes","floor":35,"turns":2},{"damage":7,"enemies":"3 Darklings","floor":37,"turns":2},{"damage":16,"enemies":"Sphere and 2 Shapes","floor":38,"turns":4},{"damage":48,"enemies":"Reptomancer","floor":40,"turns":5},{"damage":39,"enemies":"Nemesis","floor":41,"turns":5},{"damage":1,"enemies":"Spire Growth","floor":44,"turns":3},{"damage":31,"enemies":"2 Orb Walkers","floor":45,"turns":5},{"damage":7,"enemies":"3 Darklings","floor":47,"turns":2},{"damage":18,"enemies":"Reptomancer","floor":48,"turns":4},{"damage":75,"enemies":"Donu and Deca","floor":50,"turns":8}],"seed_played":"-4735054310349275430","potions_obtained":[{"floor":4,"key":"ColorlessPotion"},{"floor":6,"key":"SteroidPotion"},{"floor":10,"key":"AttackPotion"},{"floor":12,"key":"Weak Potion"},{"floor":13,"key":"DistilledChaos"},{"floor":18,"key":"SpeedPotion"},{"floor":22,"key":"LiquidMemories"},{"floor":23,"key":"LiquidBronze"},{"floor":25,"key":"ElixirPotion"},{"floor":30,"key":"DuplicationPotion"},{"floor":33,"key":"BlessingOfTheForge"},{"floor":35,"key":"LiquidBronze"},{"floor":40,"key":"SteroidPotion"},{"floor":44,"key":"BlessingOfTheForge"},{"floor":45,"key":"BloodPotion"},{"floor":47,"key":"FearPotion"}],"is_trial":false,"path_per_floor":["M","?","M","M","M","E","E","E","T","M","$","M","E","?","R","B",null,"M","M","M","M","M","E","$","E","T","?","?","R","E","?","R","B",null,"M","?","M","M","$","E","E","R","T","M","?","$","M","E","R","B",null],"character_chosen":"IRONCLAD","items_purchased":["Demon Form","True Grit","PreservedInsect","Oddly Smooth Stone","Fruit Juice","Strength Potion"],"campfire_rested":4,"item_purchase_floors":[11,11,24,39,46,46],"current_hp_per_floor":[80,80,80,80,80,77,67,59,59,52,52,58,55,55,55,59,94,94,94,78,84,78,50,50,8,8,8,15,96,64,64,91,63,91,91,91,91,91,91,57,34,86,86,86,71,91,91,89,86,27],"gold":145,"neow_bonus":"","is_daily":true,"chose_seed":false,"campfire_upgraded":1,"win_rate":0.0,"timestamp":1611674496,"path_taken":["M","?","M","?","M","E","E","E","T","M","$","M","E","?","R","BOSS","M","M","M","M","?","E","$","E","T","?","?","R","E","?","R","BOSS","M","?","M","M","$","E","E","R","T","M","?","?","?","E","R","BOSS"],"items_purchased_type":["Card","Card","Relic","Relic","Potion","Potion"],"build_version":"2020-12-22","purchased_purges":1,"victory":true,"max_hp_per_floor":[80,80,80,80,80,94,94,94,94,94,94,94,94,94,94,94,94,94,94,94,94,94,94,94,94,94,94,101,96,96,96,91,91,91,91,91,91,91,91,91,91,86,86,86,86,91,91,91,86,86],"card_choices":[{"not_picked":["Cleave","Anger"],"picked":"Rupture","floor":1},{"not_picked":["Rampage","Bloodletting"],"picked":"Flame Barrier","floor":3},{"not_picked":["Havoc","Warcry"],"picked":"Disarm","floor":4},{"not_picked":["Rupture","Seeing Red"],"picked":"Heavy Blade","floor":5},{"not_picked":["Flame Barrier","Twin Strike"],"picked":"Thunderclap","floor":6},{"not_picked":["Perfected Strike","Bludgeon"],"picked":"Power Through","floor":7},{"not_picked":["Perfected Strike","Warcry","Heavy Blade"],"picked":"SKIP","floor":8},{"not_picked":["Twin Strike","Rupture"],"picked":"Flex","floor":10},{"not_picked":["Twin Strike","Wild Strike"],"picked":"Dark Embrace","floor":12},{"not_picked":["Uppercut","Feel No Pain"],"picked":"Burning Pact","floor":13},{"not_picked":["Juggernaut","Berserk"],"picked":"Immolate","floor":16},{"not_picked":["Body Slam+1","Thunderclap"],"picked":"Flex+1","floor":18},{"not_picked":["Second Wind","Thunderclap","Heavy Blade"],"picked":"SKIP","floor":19},{"not_picked":["Body Slam","Metallicize","Thunderclap"],"picked":"SKIP","floor":20},{"not_picked":["Wild Strike","Clash","Intimidate"],"picked":"SKIP","floor":21},{"not_picked":["Sentinel","Second Wind"],"picked":"True Grit+1","floor":22},{"not_picked":["Metallicize+1","Clash+1"],"picked":"Wild Strike","floor":23},{"not_picked":["Headbutt","Cleave"],"picked":"Armaments","floor":25},{"not_picked":["Intimidate","Juggernaut"],"picked":"Iron Wave+1","floor":30},{"not_picked":["True Grit","Perfected Strike","Thunderclap+1"],"picked":"SKIP","floor":35},{"not_picked":["Madness","Magnetism"],"picked":"Bandage Up","floor":36},{"not_picked":["Headbutt","Blood for Blood"],"picked":"Heavy Blade+1","floor":37},{"not_picked":["Warcry","Wild Strike","Flex"],"picked":"SKIP","floor":38},{"not_picked":["Disarm","Havoc+1","Entrench"],"picked":"SKIP","floor":40},{"not_picked":["Warcry","Spot Weakness"],"picked":"Carnage","floor":41},{"not_picked":["Havoc","Thunderclap"],"picked":"Shrug It Off","floor":44},{"not_picked":["Evolve+1","Thunderclap"],"picked":"Anger+1","floor":47},{"not_picked":["Shockwave","Clothesline+1","Whirlwind"],"picked":"SKIP","floor":48},{"not_picked":["Headbutt","Intimidate+1"],"picked":"Shrug It Off+1","floor":49}],"player_experience":352161,"relics_obtained":[{"floor":6,"key":"Mango"},{"floor":7,"key":"Nunchaku"},{"floor":8,"key":"Pen Nib"},{"floor":9,"key":"Ornamental Fan"},{"floor":13,"key":"Regal Pillow"},{"floor":23,"key":"Bottled Tornado"},{"floor":25,"key":"Incense Burner"},{"floor":26,"key":"Lantern"},{"floor":30,"key":"Centennial Puzzle"},{"floor":40,"key":"Letter Opener"},{"floor":41,"key":"Shuriken"},{"floor":43,"key":"White Beast Statue"},{"floor":45,"key":"Ginger"},{"floor":48,"key":"Dream Catcher"}],"event_choices":[{"damage_healed":0,"gold_gain":0,"player_choice":"Forge","damage_taken":0,"max_hp_gain":0,"max_hp_loss":0,"event_name":"Accursed Blacksmith","floor":2,"gold_loss":0,"cards_upgraded":["Uppercut"]},{"damage_healed":0,"gold_gain":0,"player_choice":"Upgraded","damage_taken":0,"max_hp_gain":0,"max_hp_loss":0,"event_name":"Upgrade Shrine","floor":14,"gold_loss":0,"cards_upgraded":["Demon Form"]},{"damage_healed":0,"gold_gain":99,"player_choice":"Stole From Cult","damage_taken":0,"max_hp_gain":0,"max_hp_loss":0,"event_name":"Nest","floor":27,"gold_loss":0},{"damage_healed":0,"gold_gain":0,"player_choice":"Obtained Relic","damage_taken":0,"relics_obtained":["Strawberry"],"max_hp_gain":0,"max_hp_loss":0,"event_name":"Addict","floor":28,"gold_loss":85},{"damage_healed":0,"gold_gain":0,"player_choice":"Ignored","damage_taken":0,"max_hp_gain":0,"max_hp_loss":0,"event_name":"Vampires","floor":31,"gold_loss":0},{"damage_healed":0,"gold_gain":0,"player_choice":"Memory 1","damage_taken":0,"max_hp_gain":0,"max_hp_loss":0,"event_name":"SensoryStone","floor":36,"gold_loss":0},{"damage_healed":0,"gold_gain":0,"player_choice":"Fight","damage_taken":0,"max_hp_gain":0,"max_hp_loss":0,"event_name":"Mysterious Sphere","floor":45,"gold_loss":0}],"is_beta":false,"boss_relics":[{"not_picked":["SlaversCollar","Astrolabe"],"picked":"Fusion Hammer"},{"not_picked":["Philosopher\u0027s Stone","SacredBark"],"picked":"Black Blood"}],"items_purged_floors":[24],"is_endless":false,"potions_floor_spawned":[4,6,10,12,13,18,22,23,25,30,33,35,40,44,45,47,48],"ascension_level":0}}