{"host":"s2osy7q50b0b981m","time":1611679417,"event":{"mods":["2.2 Compatiblity","AchievementEnabler","Act Like it!","Aspiration","BaseMod","Better Match","Better Note","Better Skull","Better Vampires","BetterRewards","Block Reminder","Colored Map","Colored Powertips","Custom Start","DeckTracker","Downfall","Halation","Hermit","Highlight Path","Hubris","Jorbs\u0027s Wanderer Trilogy","Marisa????????","Minty Spire (QoL Compilation)","Permanent Neow","Quick Restart","Replay The Spire","Shade Mod","StSLib","The Bladedancer","The Bug Knight","The Construct","The Cursed","The Disciple","The Jungle","The Necromancer","The Servant 0.9.4"],"gold_per_floor":[116,116,116,116,116,116,127,127,127,147,147,147,147,17,17,113,113,83,83,83,83,94,94,94,94,94,94,106,106,118,145,145,240,240,250,35,35,50,50,50,61,61,61,76,91,91,91,108,108,108],"floor_reached":51,"language":"ENG","playtime":2454,"items_purged":[],"score":706,"play_id":"584872d2-04ba-44a4-9016-d7c3f322e4a0","local_time":"20210126174337","is_ascension_mode":false,"campfire_choices":[{"data":"Alleviate","floor":6.0,"key":"SMITH"},{"data":"Alleviate","floor":8.0,"key":"SMITH"},{"data":"Defy","floor":12.0,"key":"SMITH"},{"data":"GearUp","floor":15.0,"key":"SMITH"},{"data":"Sunlight","floor":24,"key":"SMITH"},{"data":"Moonlight","floor":27,"key":"SMITH"},{"data":"FastForward","floor":29,"key":"SMITH"},{"data":"Solidify","floor":32,"key":"SMITH"},{"data":"FlawlessForm","floor":40,"key":"SMITH"},{"data":"SoulSculpture","floor":42,"key":"SMITH"},{"floor":46,"key":"REST"},{"floor":49,"key":"REST"}],"circlet_count":0,"master_deck":["Strike_S+1","Strike_S","Strike_S","Strike_S","Defend_S","Defend_S","Defend_S","KidneyShot+1","Exchange","Alleviate+1","Defy+1","Alleviate+1","GearUp+1","Barrier+1","Sunlight+1","ReturningBlade+1","Moonlight+1","FastForward+1","Solidify+1","FlawlessForm+1","GearUp","Defy","SoulSculpture+1","Read+1"],"relics":["Uniform","halation:EternalFortune","Vajra","Velvet Choker","hubris:Icosahedron","MutagenicStrength","Onion Ring","aspiration:Lifesprig","aspiration:RunicSpoon","HandDrill","ReplayTheSpireMod:Shallot","aspiration:StickyExplosives_weak"],"acts_visited":["Exordium","TheCity","TheBeyond"],"potions_floor_usage":[33,33,50],"damage_taken":[{"damage":6.0,"enemies":"Jaw Worm","floor":1.0,"turns":4.0},{"damage":0.0,"enemies":"2 Louse","floor":7.0,"turns":3.0},{"damage":0.0,"enemies":"Cultist","floor":10.0,"turns":4.0},{"damage":0.0,"enemies":"The Guardian","floor":16.0,"turns":24.0},{"damage":4.0,"enemies":"2 Thieves","floor":18.0,"turns":5.0},{"damage":0,"enemies":"3 Byrds","floor":22,"turns":8},{"damage":0,"enemies":"3 Cultists","floor":28,"turns":5},{"damage":0,"enemies":"Snake Plant","floor":30,"turns":3},{"damage":50,"enemies":"hubris:MusketHawk","floor":33,"turns":14},{"damage":0,"enemies":"Orb Walker","floor":35,"turns":3},{"damage":6,"enemies":"3 Shapes","floor":38,"turns":3},{"damage":5,"enemies":"Jaw Worm Horde","floor":41,"turns":7},{"damage":0,"enemies":"3 Darklings","floor":44,"turns":3},{"damage":29,"enemies":"Transient","floor":45,"turns":5},{"damage":0,"enemies":"Spire Growth","floor":48,"turns":3},{"damage":41,"enemies":"Time Eater","floor":50,"turns":20}],"seed_played":"-4941941046030398947","potions_obtained":[{"floor":1.0,"key":"Block Potion"},{"floor":22,"key":"Toxic Potion"},{"floor":28,"key":"champ:CounterPotion"},{"floor":35,"key":"sneckomod:MuddlingPotion"},{"floor":41,"key":"Doom Potion"},{"floor":44,"key":"Dexterity Potion"}],"is_trial":false,"path_per_floor":["M","?","$","?","?","R","M","R","T","M","$","R","?","$","R","B",null,"M","?","$","?","M","?","R","?","T","R","M","R","M","T","R","B",null,"M","$","?","M","$","R","M","R","T","M","M","R","?","M","R","B",null],"character_chosen":"THE_SERVANT","items_purchased":["GearUp","Barrier+1","GearUp","HandDrill"],"campfire_rested":2,"item_purchase_floors":[14,14,36,36],"current_hp_per_floor":[59,62,62,62,62,62,65,65,65,65,65,65,65,65,65,68,74,70,70,70,70,70,70,70,70,70,70,70,70,70,70,70,20,74,74,74,74,68,68,68,63,63,63,63,34,56,56,56,74,33],"gold":108,"neow_bonus":"UPGRADE_CARD","is_daily":false,"chose_seed":false,"campfire_upgraded":10,"win_rate":0.0,"timestamp":1611679417,"path_taken":["M","?","$","?","?","R","M","R","T","?","$","R","?","?","R","BOSS","M","?","?","?","M","?","R","?","T","R","M","R","M","?","R","BOSS","M","$","?","M","$","R","M","R","T","M","M","R","?","?","R","BOSS"],"items_purchased_type":["Card","Card","Card","Relic"],"build_version":"2020-12-22","purchased_purges":0,"victory":true,"max_hp_per_floor":[65,68,68,68,68,68,71,71,71,71,71,71,71,71,71,74,74,74,74,74,74,74,74,74,74,74,74,74,74,74,74,74,74,74,74,74,74,74,74,74,74,74,74,74,74,74,74,74,74,74],"card_choices":[{"not_picked":["SilverBlades","Moondial"],"picked":"Alleviate","floor":1.0},{"not_picked":["BottledTime","Starlight"],"picked":"Alleviate","floor":7.0},{"not_picked":["Spin","Foresight","Desolation"],"picked":"SKIP","floor":10.0},{"not_picked":["KillingDoll","TheWorld"],"picked":"Sunlight","floor":16.0},{"not_picked":["Revamp+1","Spin+1"],"picked":"ReturningBlade+1","floor":18.0},{"not_picked":["Advance+1","Rewind"],"picked":"Moonlight","floor":22},{"not_picked":["Potential","Starlight"],"picked":"FastForward","floor":28},{"not_picked":["Manipulate","ShatteredReality"],"picked":"Solidify","floor":30},{"not_picked":["Solidify","TheWorld"],"picked":"FlawlessForm","floor":33},{"not_picked":["BottledTime+1","TimeWarp","Shuttle+1"],"picked":"SKIP","floor":35},{"not_picked":["Manipulate+1","Alleviate+1"],"picked":"Defy","floor":38},{"not_picked":["InstantArmor+1","Rearm"],"picked":"SoulSculpture","floor":41},{"not_picked":["Alleviate+1","Spin"],"picked":"Read+1","floor":44},{"not_picked":["Manipulate+1","TimeWarp","Gouge"],"picked":"SKIP","floor":45},{"not_picked":["Replace+1","Defy","Rewind+1"],"picked":"SKIP","floor":48}],"player_experience":200906,"relics_obtained":[{"floor":7.0,"key":"halation:EternalFortune"},{"floor":9.0,"key":"Vajra"},{"floor":16.0,"key":"halation:EternalFortune"},{"floor":26,"key":"Onion Ring"},{"floor":31,"key":"aspiration:Lifesprig"},{"floor":43,"key":"ReplayTheSpireMod:Shallot"}],"event_choices":[{"damage_healed":0.0,"max_hp_gain":0.0,"max_hp_loss":0.0,"gold_gain":0.0,"event_name":"Golden Idol","player_choice":"Ignored","floor":5.0,"gold_loss":0.0,"damage_taken":0.0},{"cards_removed":["Barrier"],"damage_healed":0,"gold_gain":0,"player_choice":"Give","damage_taken":0,"max_hp_gain":0,"max_hp_loss":0,"event_name":"betterNote:BetterNote","floor":19,"gold_loss":0,"cards_obtained":["None"]},{"damage_healed":0,"gold_gain":0,"player_choice":"Inject Mutagens","damage_taken":0,"relics_obtained":["MutagenicStrength"],"max_hp_gain":0,"max_hp_loss":0,"event_name":"Drug Dealer","floor":23,"gold_loss":0},{"damage_healed":0,"gold_gain":0,"player_choice":"Ignored","damage_taken":0,"max_hp_gain":0,"max_hp_loss":0,"event_name":"Vampires","floor":25,"gold_loss":0},{"cards_removed":["Defend_S"],"damage_healed":0,"gold_gain":0,"player_choice":"Removed Skill","damage_taken":0,"max_hp_gain":0,"max_hp_loss":0,"event_name":"Falling","floor":37,"gold_loss":0},{"damage_healed":0,"gold_gain":0,"player_choice":"Gave Potion","damage_taken":0,"relics_obtained":["aspiration:StickyExplosives_weak"],"max_hp_gain":0,"max_hp_loss":0,"event_name":"WeMeetAgain","floor":47,"gold_loss":0}],"is_beta":false,"boss_relics":[{"not_picked":["hubris:HollowSoul","Cursed Key"],"picked":"Velvet Choker"},{"not_picked":["Kintsugi","Philosopher\u0027s Stone"],"picked":"aspiration:RunicSpoon"}],"items_purged_floors":[],"is_endless":false,"potions_floor_spawned":[1,22,28,35,41,44],"ascension_level":0}}