{"host":"3xls0xm49ftugio7","time":1611659270,"event":{"mods":["2.2 Compatiblity","A Magickal Journey","AchievementEnabler","Act Like it!","BaseMod","Bestiary","Colored Powertips","Downfall","GifTheSpireLib","Minty Spire (QoL Compilation)","Quick Restart","StSLib","slay the spire mod where everything is the same but ironclad has a cowboy hat"],"gold_per_floor":[99,115,115,115,115,115,115,133,133,133,146,166,76,110,120,225,225,125,142,152,152,59,59,107,107,139,139,139,139,149,163,178,283,283,283,301,301,180,198,98,124,152,52,67,67,102,102,102,119,119,119,149,3,3,3,3,3,3],"floor_reached":56,"language":"ENG","playtime":3289,"items_purged":["bronze:Strike"],"score":893,"play_id":"a80d8a45-09c9-4f1c-a4d2-6c0bbfc61610","local_time":"20210126130750","is_ascension_mode":true,"campfire_choices":[{"data":"bronze:Goto","floor":1.0,"key":"SMITH"},{"floor":6.0,"key":"REST"},{"data":"bronze:InfiniteLoop","floor":10.0,"key":"SMITH"},{"data":"bronze:SpaghettiCode","floor":18.0,"key":"SMITH"},{"data":"bronze:BugBarrage","floor":23.0,"key":"SMITH"},{"data":"bronze:Terminator","floor":25.0,"key":"SMITH"},{"floor":28.0,"key":"REST"},{"floor":35.0,"key":"RECALL"},{"data":"bronze:Overheat","floor":40.0,"key":"SMITH"},{"data":"bronze:Frontload","floor":43.0,"key":"SMITH"},{"data":"bronze:DazingPulse","floor":45.0,"key":"SMITH"},{"floor":47.0,"key":"REST"},{"floor":54,"key":"REST"}],"circlet_count":0,"master_deck":["bronze:Strike+1","bronze:Defend","bronze:Defend+1","bronze:Defend+1","bronze:Defend","bronze:Goto+1","bronze:Terminator+1","bronze:DazingPulse+1","bronze:Explode","bronze:InfiniteLoop+1","bronze:WhirlingStrike","bronze:CloningBeam+1","bronze:MaxOutput+1","bronze:Frontload+1","bronze:SpaghettiCode+1","bronze:BugBarrage+1","bronze:Break+1","bronze:Repair","bronze:GetLatest+1","bronze:Iterate","bronze:ItsAFeature+1","bronze:Optimize+1","bronze:MaxOutput+1","bronze:MaxOutput+1","bronze:Mutator+1","bronze:CleanCode+1","bronze:Repair","bronze:Overheat+1","downfall:Malfunctioning","bronze:Shell+1","bronze:OilSpill+1","bronze:Allocate","bronze:Verify+1","bronze:Shield"],"relics":["bronze:BronzeCore","Frozen Egg 2","Sundial","Ginger","bronze:ElectromagneticCoil","downfall:HeartBlessingGreen","downfall:RedIOU","Potion Belt","Blue Candle","MutagenicStrength","Guardian:GemstoneGun","Cursed Key","champ:Barbells","Darkstone Periapt","downfall:HeartBlessingRed","hexamod:Sixitude","downfall:HeartBlessingBlue","Omamori","Gremlin Horn","bronze:DonusWashers"],"acts_visited":["Exordium","TheCity","TheBeyond","TheEnding"],"potions_floor_usage":[56,56,56],"damage_taken":[{"damage":7.0,"enemies":"Jaw Worm","floor":2.0,"turns":2.0},{"damage":10.0,"enemies":"Jaw Worm","floor":3.0,"turns":5.0},{"damage":0.0,"enemies":"2 Louse","floor":8.0,"turns":1.0},{"damage":0.0,"enemies":"Cultist","floor":11.0,"turns":2.0},{"damage":4.0,"enemies":"Red Slaver","floor":12.0,"turns":3.0},{"damage":5.0,"enemies":"downfall:FleeingMerchant","floor":13.0,"turns":4.0},{"damage":6.0,"enemies":"3 Sentries","floor":14.0,"turns":5.0},{"damage":0.0,"enemies":"Blue Slaver","floor":15.0,"turns":2.0},{"damage":29.0,"enemies":"SI_SHIV_ARCHETYPE","floor":16.0,"turns":10.0},{"damage":33.0,"enemies":"Spheric Guardian","floor":19.0,"turns":5.0},{"damage":0.0,"enemies":"Shell Parasite","floor":20.0,"turns":3.0},{"damage":0.0,"enemies":"downfall:FleeingMerchant","floor":22.0,"turns":4.0},{"damage":29.0,"enemies":"Book of Stabbing","floor":26.0,"turns":5.0},{"damage":0.0,"enemies":"Chosen and Byrds","floor":30.0,"turns":4.0},{"damage":0.0,"enemies":"Sentry and Sphere","floor":31.0,"turns":1.0},{"damage":0.0,"enemies":"Snecko","floor":32.0,"turns":2.0},{"damage":40.0,"enemies":"IC_MUSHROOM_ARCHETYPE","floor":33.0,"turns":5.0},{"damage":6.0,"enemies":"3 Shapes","floor":36.0,"turns":1.0},{"damage":0.0,"enemies":"downfall:FleeingMerchant","floor":38.0,"turns":4.0},{"damage":8.0,"enemies":"3 Darklings","floor":39.0,"turns":3.0},{"damage":1.0,"enemies":"Nemesis","floor":42.0,"turns":7.0},{"damage":0.0,"enemies":"Jaw Worm Horde","floor":44.0,"turns":1.0},{"damage":20.0,"enemies":"Reptomancer","floor":46.0,"turns":3.0},{"damage":0.0,"enemies":"Sphere and 2 Shapes","floor":49.0,"turns":3.0},{"damage":76,"enemies":"DF_ARCHETYPE_ORBS","floor":50,"turns":8},{"damage":58,"enemies":"downfall:CharBossMerchant","floor":52,"turns":6},{"damage":39,"enemies":"downfall:NeowBoss","floor":55,"turns":13},{"damage":56,"enemies":"downfall:NeowBossFinal","floor":56,"turns":8}],"seed_played":"-7150372364683689724","potions_obtained":[{"floor":3.0,"key":"Guardian:BlockOnCardUsePotion"},{"floor":11.0,"key":"SkillPotion"},{"floor":14.0,"key":"LiquidMemories"},{"floor":20.0,"key":"Swift Potion"},{"floor":30.0,"key":"BlessingOfTheForge"},{"floor":31.0,"key":"BlessingOfTheForge"},{"floor":39.0,"key":"bronze:BuildAFunctionPotion"},{"floor":42.0,"key":"bronze:CleanCodePotion"}],"is_trial":false,"path_per_floor":["R","M","?","?","?","R","T","M","?","R","M","M","$","E","M","B",null,"R","M","M","?","$","R","T","R","E","?","R","T","M","M","M","B",null,"R","M","?","$","M","R","T","E","R","M","R","E","R","?","M","B",null,"E","$","R","B","B"],"character_chosen":"THE_AUTOMATON","items_purchased":["bronze:ItsAFeature+1","champ:Barbells","Darkstone Periapt","bronze:Repair","bronze:DonusWashers"],"campfire_rested":4,"item_purchase_floors":[22,38,38,38,53],"current_hp_per_floor":[70,63,53,41,46,68,68,68,68,68,68,64,59,53,53,24,75,75,42,49,49,56,56,56,56,34,34,56,56,63,63,63,33,75,75,69,61,71,73,73,79,81,91,91,91,76,91,91,91,26,91,33,33,60,35,0,0,0],"gold":3,"neow_bonus":"RANDOM_COMMON_RELIC","is_daily":false,"chose_seed":false,"campfire_upgraded":8,"win_rate":0.0,"timestamp":1611659270,"path_taken":["R","M","?","?","?","R","T","M","?","R","?","M","?","E","M","BOSS","R","M","M","?","$","R","T","R","E","?","R","?","M","?","M","BOSS","R","M","?","$","M","R","T","E","R","M","R","E","R","?","M","BOSS","E","$","R","BOSS","BOSS"],"items_purchased_type":["Card","Relic","Relic","Card","Relic"],"build_version":"2020-12-22","purchased_purges":1,"victory":false,"max_hp_per_floor":[70,70,70,70,75,75,75,75,75,75,75,75,75,75,75,75,75,75,75,75,75,75,75,75,75,75,75,75,75,75,75,75,75,75,75,75,75,75,75,75,81,81,91,91,91,91,91,91,91,91,91,91,91,91,91,91,91,91],"card_choices":[{"not_picked":["bronze:Frontload","bronze:Deprecate"],"picked":"bronze:Terminator","floor":2.0},{"not_picked":[],"picked":"bronze:DazingPulse","floor":3.0},{"not_picked":[],"picked":"bronze:Explode","floor":3.0},{"not_picked":["bronze:Fortify","bronze:BronzeArmor"],"picked":"bronze:InfiniteLoop","floor":3.0},{"not_picked":["bronze:Turbo","bronze:BitShift"],"picked":"bronze:WhirlingStrike","floor":8.0},{"not_picked":["bronze:Turbo","bronze:WhirlingStrike"],"picked":"bronze:CloningBeam","floor":11.0},{"not_picked":["bronze:FollowUp","bronze:Optimize+1"],"picked":"bronze:MaxOutput+1","floor":12.0},{"not_picked":["bronze:Branch","bronze:OilSpill"],"picked":"bronze:Frontload","floor":13.0},{"not_picked":["bronze:BuggyMess","bronze:Deprecate"],"picked":"bronze:SpaghettiCode","floor":14.0},{"not_picked":["bronze:Shield","bronze:DelayedGuard"],"picked":"bronze:BugBarrage","floor":15.0},{"not_picked":["bronze:ThunderWave","bronze:RecursiveStrike"],"picked":"bronze:Break","floor":16.0},{"not_picked":["bronze:GetLatest","bronze:ClassDefault+1"],"picked":"bronze:Repair","floor":19.0},{"not_picked":["bronze:FineTuning","bronze:Overheat"],"picked":"bronze:GetLatest+1","floor":20.0},{"not_picked":["bronze:Invalidate","bronze:WhirlingStrike"],"picked":"bronze:Iterate","floor":22.0},{"not_picked":["bronze:Constructor","bronze:Branch+1"],"picked":"bronze:Optimize+1","floor":26.0},{"not_picked":["bronze:ClassDefault+1","bronze:BuggyMess"],"picked":"bronze:MaxOutput+1","floor":30.0},{"not_picked":["bronze:Constructor","bronze:DelayedGuard+1"],"picked":"bronze:MaxOutput+1","floor":31.0},{"not_picked":["bronze:BitShift","bronze:Deprecate","bronze:Separator"],"picked":"SKIP","floor":32.0},{"not_picked":["bronze:FindAndReplace","bronze:InfiniteLoop"],"picked":"bronze:Mutator+1","floor":33.0},{"not_picked":["bronze:Deprecate+1","bronze:Overload","bronze:Turbo+1"],"picked":"SKIP","floor":36.0},{"not_picked":["bronze:Turbo+1","bronze:Constructor+1"],"picked":"bronze:CleanCode+1","floor":38.0},{"not_picked":["bronze:OilSpill+1","bronze:Optimize+1"],"picked":"bronze:Overheat","floor":39.0},{"not_picked":["bronze:Deprecate+1","bronze:Repair+1"],"picked":"bronze:Shell+1","floor":42.0},{"not_picked":["bronze:FineTuning+1","bronze:Repair+1"],"picked":"bronze:OilSpill","floor":44.0},{"not_picked":["bronze:BugBarrage+1","bronze:BronzeArmor+1"],"picked":"bronze:Allocate","floor":46.0},{"not_picked":["bronze:Repulsor+1","bronze:Refactor"],"picked":"bronze:Verify+1","floor":49.0},{"not_picked":["bronze:DelayedSlice+1","bronze:Frontload"],"picked":"bronze:Shield","floor":52}],"player_experience":998513,"relics_obtained":[{"floor":7.0,"key":"Sundial"},{"floor":14.0,"key":"Ginger"},{"floor":24.0,"key":"Potion Belt"},{"floor":26.0,"key":"Blue Candle"},{"floor":29.0,"key":"Guardian:GemstoneGun"},{"floor":42.0,"key":"hexamod:Sixitude"},{"floor":46.0,"key":"Omamori"},{"floor":52,"key":"Gremlin Horn"}],"event_choices":[{"damage_healed":0.0,"max_hp_gain":0.0,"max_hp_loss":0.0,"gold_gain":0.0,"event_name":"Scrap Ooze","player_choice":"Success","floor":4.0,"gold_loss":0.0,"damage_taken":12.0,"relics_obtained":["Frozen Egg 2"]},{"damage_healed":0.0,"max_hp_gain":5.0,"max_hp_loss":0.0,"gold_gain":0.0,"event_name":"Big Fish","player_choice":"Donut","floor":5.0,"gold_loss":0.0,"damage_taken":0.0},{"damage_healed":0.0,"max_hp_gain":0.0,"max_hp_loss":0.0,"gold_gain":0.0,"event_name":"Drug Dealer","player_choice":"Inject Mutagens","floor":27.0,"gold_loss":0.0,"damage_taken":0.0,"relics_obtained":["MutagenicStrength"]},{"cards_removed":["bronze:Replicate"],"damage_healed":0.0,"max_hp_gain":0.0,"max_hp_loss":0.0,"gold_gain":0.0,"event_name":"Falling","player_choice":"Removed Attack","floor":48.0,"gold_loss":0.0,"damage_taken":0.0}],"is_beta":false,"boss_relics":[{"not_picked":["Pandora\u0027s Box","Philosopher\u0027s Stone"],"picked":"bronze:ElectromagneticCoil"},{"not_picked":["Sozu","Coffee Dripper"],"picked":"Cursed Key"}],"items_purged_floors":[13],"is_endless":false,"potions_floor_spawned":[3,11,14,20,30,31,39,42],"killed_by":"downfall:NeowBossFinal","ascension_level":4}}