{"host":"9kesdg97wkrx2bva","time":1611629417,"event":{"mods":["AchievementEnabler","BaseMod","Colored Map","GifTheSpireLib","Infinite Spire","Minty Spire (QoL Compilation)","Replay The Spire","StSLib"],"gold_per_floor":[116,129,28,28,28,62,9,38,62,74,74,94,94,108,108,179,179,199,210,85,101,101,101,130,130,156,182,94,94,94,94,94,168,168,183,213,213,213,213,213,242,252,252,19,36,36,55,55,55],"floor_reached":48,"language":"ENG","playtime":3005,"items_purged":["Strike_G","Strike_G","Strike_G","Decay"],"score":977,"play_id":"a8fbdf29-a585-4343-a350-9d85fd1738ea","local_time":"20210125205017","is_ascension_mode":true,"campfire_choices":[{"data":"Neutralize","floor":11,"key":"SMITH"},{"floor":15,"key":"REST"},{"data":"Blade Dance","floor":23,"key":"SMITH"},{"data":"A Thousand Cuts","floor":30,"key":"SMITH"},{"data":"ReplayTheSpireMod:Scrap Shanks","floor":32,"key":"SMITH"},{"floor":40,"key":"REST"},{"floor":46,"key":"REST"}],"circlet_count":0,"master_deck":["AscendersBane","Strike_G+1","Strike_G+1","Defend_G+1","Defend_G+1","Defend_G+1","Defend_G+1","Survivor","Neutralize+1","Backflip","Choke","Prepared+1","Poisoned Stab+1","Prepared","Wraith Form v2","Underhanded Strike","Skewer+1","Deadly Poison","Envenom+1","Crippling Poison","Underhanded Strike","Blade Dance+1","Bouncing Flask+1","A Thousand Cuts+1","infinitespire:Fortify","Tactician","ReplayTheSpireMod:Scrap Shanks+1","Corpse Explosion","Tactician","Blade Dance","infinitespire:Oblivion","Madness","Madness","Escape Plan+1","Quick Slash+1"],"relics":["Ring of the Snake","NeowsBlessing","Juzu Bracelet","StrikeDummy","Ancient Tea Set","SlaversCollar","Philosopher\u0027s Stone","Lee\u0027s Waffle","infinitespire:PuzzleCube","Blood Vial","WristBlade","The Specimen","Garlic","infinitespire:FocusingShard"],"acts_visited":["Exordium","TheCity","TheBeyond"],"potions_floor_usage":[16,16,19,24,27,41,42,42,47],"damage_taken":[{"damage":0,"enemies":"Small Slimes","floor":1,"turns":1},{"damage":0,"enemies":"Cultist","floor":2,"turns":1},{"damage":0,"enemies":"Gremlin Nob","floor":6,"turns":1},{"damage":26,"enemies":"3 Sentries","floor":8,"turns":12},{"damage":0,"enemies":"Jaw Worm","floor":10,"turns":3},{"damage":0,"enemies":"Exordium Thugs","floor":12,"turns":3},{"damage":0,"enemies":"Large Slime","floor":14,"turns":3},{"damage":3,"enemies":"Slime Boss","floor":16,"turns":8},{"damage":27,"enemies":"Shell Parasite","floor":18,"turns":6},{"damage":13,"enemies":"3 Byrds","floor":19,"turns":6},{"damage":8,"enemies":"Cultist and Chosen","floor":21,"turns":6},{"damage":8,"enemies":"Gremlin Leader","floor":24,"turns":5},{"damage":16,"enemies":"Book of Stabbing","floor":27,"turns":5},{"damage":42,"enemies":"Champ","floor":33,"turns":10},{"damage":9,"enemies":"Orb Walker","floor":35,"turns":3},{"damage":7,"enemies":"Nemesis","floor":41,"turns":5},{"damage":15,"enemies":"3 Darklings","floor":42,"turns":2},{"damage":10,"enemies":"Sphere and 2 Shapes","floor":45,"turns":3},{"damage":25,"enemies":"Jaw Worm Horde","floor":47,"turns":3},{"damage":20,"enemies":"3 Darklings","floor":48,"turns":2}],"seed_played":"-2248478848082536998","potions_obtained":[{"floor":2,"key":"SmokeBomb"},{"floor":10,"key":"Explosive Potion"},{"floor":14,"key":"DuplicationPotion"},{"floor":18,"key":"Languid Potion"},{"floor":21,"key":"ColorlessPotion"},{"floor":24,"key":"Energy Potion"},{"floor":33,"key":"DuplicationPotion"},{"floor":35,"key":"EssenceOfSteel"},{"floor":41,"key":"SneckoOil"}],"is_trial":false,"path_per_floor":["M","M","$","?","?","E","$","E","T","M","R","M","?","M","R","B",null,"M","M","$","M","?","R","E","AVR","T","E","$","?","R","?","R","B",null,"M","?","?","?","?","R","E","M","T","$","M","R","M","M"],"character_chosen":"THE_SILENT","items_purchased":["Prepared","Prepared","Blade Dance","ReplayTheSpireMod:Scrap Shanks","EntropicBrew"],"campfire_rested":3,"item_purchase_floors":[3,7,20,28,44],"current_hp_per_floor":[59,59,59,59,59,59,59,33,33,33,33,33,13,13,32,29,57,30,17,17,9,9,9,1,73,73,57,57,57,57,57,57,17,59,52,52,35,22,22,43,38,25,25,25,17,38,15,0,0],"gold":55,"neow_bonus":"THREE_ENEMY_KILL","is_daily":false,"chose_seed":false,"campfire_upgraded":4,"win_rate":0.0,"timestamp":1611629417,"path_taken":["M","M","$","?","?","E","$","E","T","M","R","M","?","M","R","BOSS","M","M","$","M","?","R","E","AVR","T","E","?","?","R","?","R","BOSS","M","?","?","?","?","R","E","M","T","$","M","R","M","M"],"items_purchased_type":["Card","Card","Card","Card","Potion"],"build_version":"2020-12-22","purchased_purges":4,"victory":false,"max_hp_per_floor":[66,66,66,66,66,66,66,66,66,66,66,66,66,66,66,66,66,66,66,66,66,66,66,66,73,73,73,73,73,73,73,73,73,73,73,73,73,73,73,73,73,73,73,73,73,73,73,73,73],"card_choices":[{"not_picked":["Acrobatics","Escape Plan"],"picked":"Backflip","floor":1},{"not_picked":["Flying Knee","Acrobatics"],"picked":"Choke","floor":2},{"not_picked":["Tactician","Accuracy"],"picked":"Poisoned Stab","floor":6},{"not_picked":["Endless Agony","Poisoned Stab"],"picked":"Wraith Form v2","floor":8},{"not_picked":["Choke","Slice"],"picked":"Underhanded Strike","floor":10},{"not_picked":["Outmaneuver","Sucker Punch"],"picked":"Skewer","floor":12},{"not_picked":["Blur","Choke"],"picked":"Deadly Poison","floor":14},{"not_picked":["ReplayTheSpireMod:From All Sides","Doppelganger"],"picked":"Envenom","floor":16},{"not_picked":["Cloak And Dagger","Endless Agony"],"picked":"Crippling Poison","floor":18},{"not_picked":["Predator","Dash"],"picked":"Underhanded Strike","floor":19},{"not_picked":["Backflip","Die Die Die"],"picked":"Bouncing Flask+1","floor":21},{"not_picked":["Dagger Spray","Caltrops"],"picked":"A Thousand Cuts","floor":24},{"not_picked":["Acrobatics","Expertise"],"picked":"Tactician","floor":27},{"not_picked":["Doppelganger","Replay:Bag of Tricks"],"picked":"Corpse Explosion","floor":33},{"not_picked":["ReplayTheSpireMod:Shiv Toss+1","Bane"],"picked":"Tactician","floor":35},{"not_picked":["Flying Knee+1","Riddle With Holes"],"picked":"Blade Dance","floor":36},{"not_picked":["infinitespire:FinalStrike","Replay:Fractal Strike"],"picked":"infinitespire:Oblivion","floor":37},{"not_picked":["Skewer","All Out Attack"],"picked":"Escape Plan+1","floor":41},{"not_picked":["Slice+1","Concentrate"],"picked":"Quick Slash+1","floor":42},{"not_picked":["Bane","PiercingWail+1","Acrobatics"],"picked":"SKIP","floor":45},{"not_picked":["Toxin Wave","Dodge and Roll","Replay:Poison Smokescreen"],"picked":"SKIP","floor":47}],"player_experience":972267,"relics_obtained":[{"floor":6,"key":"Juzu Bracelet"},{"floor":8,"key":"StrikeDummy"},{"floor":9,"key":"Ancient Tea Set"},{"floor":26,"key":"infinitespire:PuzzleCube"},{"floor":27,"key":"Blood Vial"},{"floor":36,"key":"The Specimen"},{"floor":41,"key":"Garlic"},{"floor":43,"key":"infinitespire:FocusingShard"}],"event_choices":[{"cards_removed":["Defend_G"],"damage_healed":0,"gold_gain":0,"player_choice":"Forget","damage_taken":0,"max_hp_gain":0,"max_hp_loss":0,"event_name":"Living Wall","floor":4,"gold_loss":0},{"damage_healed":0,"gold_gain":0,"player_choice":"Upgraded","damage_taken":0,"max_hp_gain":0,"max_hp_loss":0,"event_name":"Upgrade Shrine","floor":5,"gold_loss":0,"cards_upgraded":["Prepared"]},{"damage_healed":0,"gold_gain":0,"player_choice":"Entered Light","damage_taken":20,"max_hp_gain":0,"max_hp_loss":0,"event_name":"Shining Light","floor":13,"gold_loss":0,"cards_upgraded":["Poisoned Stab","Skewer"]},{"damage_healed":0,"gold_gain":0,"player_choice":"Upgraded","damage_taken":0,"max_hp_gain":0,"max_hp_loss":0,"event_name":"Upgrade Shrine","floor":22,"gold_loss":0,"cards_upgraded":["Envenom"]},{"damage_healed":0,"gold_gain":0,"player_choice":"Cursed","damage_taken":0,"max_hp_gain":0,"max_hp_loss":0,"event_name":"Wheel of Change","floor":29,"gold_loss":0,"cards_obtained":["Decay"]},{"damage_healed":0,"gold_gain":0,"player_choice":"Simplicity","damage_taken":0,"max_hp_gain":0,"max_hp_loss":0,"event_name":"Back to Basics","floor":31,"gold_loss":0,"cards_upgraded":["Strike_G","Strike_G","Defend_G","Defend_G","Defend_G","Defend_G"]},{"damage_healed":0,"gold_gain":0,"player_choice":"Embrace Madness","damage_taken":13,"max_hp_gain":0,"max_hp_loss":0,"event_name":"Winding Halls","floor":38,"gold_loss":0,"cards_obtained":["Madness","Madness"]},{"damage_healed":0,"gold_gain":0,"player_choice":"Ignored","damage_taken":0,"max_hp_gain":0,"max_hp_loss":0,"event_name":"Tomb of Lord Red Mask","floor":39,"gold_loss":0}],"is_beta":false,"boss_relics":[{"not_picked":["Honey Jar","Abe\u0027s Treasure"],"picked":"SlaversCollar"},{"not_picked":["Astrolabe","Kintsugi"],"picked":"WristBlade"}],"items_purged_floors":[3,20,25,44],"is_endless":false,"potions_floor_spawned":[2,10,12,14,18,21,24,33,35,41],"killed_by":"3 Darklings","ascension_level":16}}