{"host":"uv5ws9rdk87e8i5k","time":1611631528,"event":{"mods":["AchievementEnabler","BaseMod","Colored Map","Minty Spire (QoL Compilation)","Permanent Neow","Quick Restart","StSLib","SuperFastMode","The Animator","The Cursed","The Hierophant","The Necromancer"],"gold_per_floor":[111,125,135,145,164,195,195,195,195],"floor_reached":8,"language":"ENG","playtime":216,"items_purged":[],"score":87,"play_id":"81dfcd13-d2d9-4c23-a77f-7150b580acf4","local_time":"20210125212528","is_ascension_mode":true,"campfire_choices":[{"data":"Vampiric_Strike","floor":7,"key":"SMITH"}],"circlet_count":0,"master_deck":["Strike_W","Strike_W","Strike_W","Strike_W","Defend_W","Defend_W","Defend_W","Defend_W","Negative_Energy_Arrows","Bone_Wall","Vampiric_Strike+1","Negative_Energy_Sphere","Negative_Energy_Sphere","Blood_Whip"],"relics":["Vampire_Amulet","Pocketwatch","Nunchaku"],"acts_visited":["Exordium"],"potions_floor_usage":[5,8],"damage_taken":[{"damage":2.0,"enemies":"Cultist","floor":1.0,"turns":5.0},{"damage":2.0,"enemies":"Small Slimes","floor":2.0,"turns":3.0},{"damage":6.0,"enemies":"Jaw Worm","floor":3.0,"turns":3.0},{"damage":12,"enemies":"Gremlin Gang","floor":4,"turns":3},{"damage":2,"enemies":"2 Fungi Beasts","floor":5,"turns":2},{"damage":35,"enemies":"Gremlin Nob","floor":6,"turns":5},{"damage":20,"enemies":"Lagavulin","floor":8,"turns":6}],"seed_played":"-4797547061741697966","potions_obtained":[{"floor":4,"key":"Strength Potion"},{"floor":5,"key":"LiquidBronze"}],"is_trial":false,"path_per_floor":["M","M","M","M","M","E","R","E"],"character_chosen":"NECROMANCER","items_purchased":[],"campfire_rested":0,"item_purchase_floors":[],"current_hp_per_floor":[50,56,54,52,56,25,25,12,12],"gold":195,"neow_bonus":"ONE_RARE_RELIC","is_daily":false,"chose_seed":false,"campfire_upgraded":1,"win_rate":0.0,"timestamp":1611631528,"path_taken":["M","M","M","M","M","E","R","E"],"items_purchased_type":[],"build_version":"2020-12-22","purchased_purges":0,"victory":false,"max_hp_per_floor":[75,75,75,75,75,75,75,75,75],"card_choices":[{"not_picked":["Negative_Energy_Shield","Death_Coil"],"picked":"Vampiric_Strike","floor":1.0},{"not_picked":["Exploit","Blood_Curse"],"picked":"Negative_Energy_Sphere","floor":2.0},{"not_picked":["Blood_for_Blood","Scare"],"picked":"Negative_Energy_Sphere","floor":3.0},{"not_picked":["Negative_Energy_Sphere","Consume_Illness"],"picked":"Blood_Whip","floor":4},{"not_picked":["Bone_Shift","Life_Tap","Corrupt"],"picked":"SKIP","floor":5},{"not_picked":["Chill_Blood","Violent_Necrosis","Deaths_Shadow"],"picked":"SKIP","floor":6}],"player_experience":285226,"relics_obtained":[{"floor":6,"key":"Nunchaku"}],"event_choices":[],"is_beta":false,"boss_relics":[],"items_purged_floors":[],"is_endless":false,"potions_floor_spawned":[4,5],"killed_by":"Lagavulin","ascension_level":9}}