{"host":"5853c1oyph9xmrns","time":1611679334,"event":{"mods":["BaseMod","Colored Powertips","Downfall","Googly Eyes","Hermit","Mimic Mod","Minty Spire (QoL Compilation)","Quick Restart","Rare Cards Sparkle","StSLib","The IronCluck","Wide Potions"],"gold_per_floor":[99,99,99,99,274,374,429,455,905,919,953,969,969,986,996,996,996,996],"floor_reached":16,"language":"ENG","playtime":564,"items_purged":[],"score":113,"play_id":"d81fd41a-21a6-4c6c-bd2a-bb45e99b7855","local_time":"20210126124214","is_ascension_mode":true,"campfire_choices":[{"floor":1.0,"key":"RECALL"}],"circlet_count":0,"master_deck":["bronze:Strike","bronze:Strike","bronze:Strike","bronze:Strike","bronze:Defend","bronze:Defend","bronze:Defend","bronze:Defend","bronze:Replicate","bronze:Goto","bronze:DarkDash","bronze:WhirlingStrike","bronze:MaxOutput","Doubt","bronze:ShipIt","downfall:Icky","downfall:Icky","downfall:Icky","bronze:MaxOutput","bronze:OilSpill","bronze:Library","bronze:Refactor","bronze:NullPointer"],"relics":["bronze:BronzeCore","downfall:HeartsMalice","Bag of Marbles","PreservedInsect","hexamod:Sixitude"],"acts_visited":["Exordium"],"potions_floor_usage":[16],"damage_taken":[{"damage":0.0,"enemies":"Small Slimes","floor":2.0,"turns":1.0},{"damage":0.0,"enemies":"Jaw Worm","floor":3.0,"turns":1.0},{"damage":0.0,"enemies":"Cultist","floor":4.0,"turns":1.0},{"damage":41.0,"enemies":"Lagavulin","floor":8.0,"turns":8.0},{"damage":11.0,"enemies":"2 Fungi Beasts","floor":10.0,"turns":3.0},{"damage":6.0,"enemies":"Gremlin Nob","floor":11.0,"turns":4.0},{"damage":8.0,"enemies":"3 Louse","floor":12.0,"turns":3.0},{"damage":0.0,"enemies":"Exordium Wildlife","floor":14.0,"turns":2.0},{"damage":2,"enemies":"Exordium Thugs","floor":15,"turns":3},{"damage":10,"enemies":"WA_ARCHETYPE_RETAIN","floor":16,"turns":4}],"seed_played":"421238561118311814","potions_obtained":[{"floor":10.0,"key":"PowerPotion"},{"floor":11.0,"key":"bronze:CleanCodePotion"},{"floor":13.0,"key":"Slimebound:ThreeZeroPotion"},{"floor":14,"key":"Block Potion"},{"floor":15,"key":"SteroidPotion"}],"is_trial":false,"path_per_floor":["R","M","M","M","?","?","T","E","?","M","E","M","?","M","M","B"],"character_chosen":"THE_AUTOMATON","items_purchased":[],"campfire_rested":0,"item_purchase_floors":[],"current_hp_per_floor":[70,70,70,70,70,70,70,29,29,18,12,4,4,4,2,0,0,0],"gold":996,"neow_bonus":"THREE_ENEMY_KILL","is_daily":false,"chose_seed":false,"campfire_upgraded":0,"win_rate":0.0,"timestamp":1611679334,"path_taken":["R","M","M","M","?","?","T","E","?","M","E","M","?","?","M","BOSS"],"items_purchased_type":[],"build_version":"2020-12-22","purchased_purges":0,"victory":false,"max_hp_per_floor":[70,70,70,70,70,70,70,70,70,70,70,70,70,70,70,70,70,70],"card_choices":[{"not_picked":["bronze:WhirlingStrike","bronze:Repair"],"picked":"bronze:DarkDash","floor":2.0},{"not_picked":["bronze:Iterate","bronze:Frontload"],"picked":"bronze:WhirlingStrike","floor":3.0},{"not_picked":["bronze:CutThrough","bronze:Philosophize"],"picked":"bronze:MaxOutput","floor":4.0},{"not_picked":["bronze:Constructor","bronze:Repair"],"picked":"bronze:ShipIt","floor":8.0},{"not_picked":["bronze:DelayedSlice","bronze:Terminator"],"picked":"bronze:MaxOutput","floor":10.0},{"not_picked":["bronze:ForceShield","bronze:DelayedGuard"],"picked":"bronze:OilSpill","floor":11.0},{"not_picked":["bronze:DelayedSlice","bronze:Iterate"],"picked":"bronze:Library","floor":12.0},{"not_picked":["bronze:BuggyMess","bronze:WildBeam"],"picked":"bronze:Refactor","floor":14},{"not_picked":["bronze:OilSpill","bronze:FineTuning"],"picked":"bronze:NullPointer","floor":15}],"player_experience":463551,"relics_obtained":[{"floor":7.0,"key":"Bag of Marbles"},{"floor":8.0,"key":"PreservedInsect"},{"floor":11.0,"key":"hexamod:Sixitude"}],"event_choices":[{"damage_healed":0.0,"max_hp_gain":0.0,"max_hp_loss":0.0,"gold_gain":0.0,"event_name":"Lab","player_choice":"Got Potions","floor":13.0,"gold_loss":0.0,"damage_taken":0.0}],"is_beta":false,"boss_relics":[],"items_purged_floors":[],"is_endless":false,"potions_floor_spawned":[10,11,14,15],"killed_by":"WA_ARCHETYPE_RETAIN","ascension_level":1}}