{"host":"wbdly04l9mkn9nrc","time":1611643899,"event":{"mods":["AchievementEnabler","BaseMod","BetterRewards","Minty Spire (QoL Compilation)","Replay The Spire","StSLib","[IsaacMod]ÒÔÈö¼âËþ"],"gold_per_floor":[54,129,138,167,263,272,291,326,379,115,132,132,164,164,173,260,269,297,297,297,297,306,335,335,364,364,399,413,447,447,473,473,553,553,571,599,620,165,224,279,116,137,146,146,146,146,146,146,146,146,146],"floor_reached":52,"language":"ZHS","playtime":3412,"items_purged":["Strike_P","Pain","Normality","Parasite","Pain"],"score":2200,"play_id":"743f297c-89e5-420d-8ba4-72b805ca6d81","local_time":"20210126145139","is_ascension_mode":true,"campfire_choices":[{"floor":6.0,"key":"REST"},{"data":"ForeignInfluence","floor":12.0,"key":"SMITH"},{"floor":15.0,"key":"REST"},{"floor":30.0,"key":"DIG"},{"data":"Amnesia","floor":45.0,"key":"PURGE"},{"data":"BattleHymn","floor":49.0,"key":"SMITH"}],"circlet_count":0,"master_deck":["AscendersBane","Strike_P","Strike_P","Defend_P","Defend_P","Defend_P","Eruption","Vigilance","Tantrum","Tantrum","Adaptation","EpicFetus+1","Collect","Wallop+1","EmptyBody","Replay:Battleflow","Replay:ManipulateFuture+1","ClearTheMind","FearNoEvil+1","SpiritShield","FlurryOfBlows+1","ForeignInfluence+1","ConjureBlade","BattleHymn+1","MasterReality","TalkToTheHand+1","WreathOfFlame","RitualDagger+1","Wallop+1","DevaForm","CutThroughFate+1","Replay:Hum+1"],"relics":["PureWater","HushsDoor","DoctorsRemote","Molten Egg 2","Shuriken","Habit","CeramicFish","BookOfRevelations","Chemical X","Dream Catcher","Sling","Bronze Scales","Vajra","Replay:Accelerometer","Ancient Tea Set","Omamori","Cursed Key","Replay:Multitool","Oddly Smooth Stone","ReplayTheSpireMod:Ring of Exchange","Ring of Panic","Peace Pipe","Pet Ghost","ReplayTheSpireMod:CursedCoin","Vajra","Lantern","Coffee Dripper","Replay:Wax Seal","Eternal Feather","Ring of Peace","Ring of Greed","MawBank","Golden Idol","Sundial","Unceasing Top"],"acts_visited":["Exordium","TheCity","TheBeyond"],"potions_floor_usage":[],"damage_taken":[{"damage":0.0,"enemies":"2 Louse","floor":1.0,"turns":1.0},{"damage":0.0,"enemies":"Small Slimes","floor":4.0,"turns":2.0},{"damage":0.0,"enemies":"Cultist","floor":7.0,"turns":2.0},{"damage":0.0,"enemies":"Lagavulin","floor":8.0,"turns":3.0},{"damage":0.0,"enemies":"3 Louse","floor":11.0,"turns":2.0},{"damage":6.0,"enemies":"Replay:BlueRogue","floor":13.0,"turns":3.0},{"damage":0.0,"enemies":"The Guardian","floor":16.0,"turns":4.0},{"damage":0.0,"enemies":"Spheric Guardian","floor":18.0,"turns":1.0},{"damage":0.0,"enemies":"Gremlin Leader","floor":23.0,"turns":2.0},{"damage":0.0,"enemies":"Shell Parasite","floor":25.0,"turns":2.0},{"damage":6.0,"enemies":"Replay:Snechameleon","floor":27.0,"turns":3.0},{"damage":0.0,"enemies":"Cultist and Chosen","floor":28.0,"turns":4.0},{"damage":12.0,"enemies":"Gremlin Leader","floor":31.0,"turns":4.0},{"damage":7.0,"enemies":"Pondfish","floor":33.0,"turns":5.0},{"damage":5.0,"enemies":"Orb Walker","floor":35.0,"turns":2.0},{"damage":0.0,"enemies":"3 Shapes","floor":36.0,"turns":3.0},{"damage":0.0,"enemies":"Writhing Mass","floor":37.0,"turns":4.0},{"damage":0.0,"enemies":"Reptomancer","floor":40.0,"turns":3.0},{"damage":0.0,"enemies":"Transient","floor":42.0,"turns":6.0},{"damage":0.0,"enemies":"3 Darklings","floor":44.0,"turns":2.0},{"damage":0.0,"enemies":"Maw","floor":46.0,"turns":6.0},{"damage":0.0,"enemies":"Transient","floor":47.0,"turns":6.0},{"damage":0.0,"enemies":"Jaw Worm Horde","floor":48.0,"turns":3.0},{"damage":10,"enemies":"Replay:Hell Engine","floor":50,"turns":5},{"damage":16,"enemies":"Time Eater","floor":51,"turns":3}],"seed_played":"62934762400339452","potions_obtained":[{"floor":1.0,"key":"FearPotion"},{"floor":8.0,"key":"Block Potion"},{"floor":16.0,"key":"Reflective Coating"},{"floor":31.0,"key":"GamblersBrew"}],"is_trial":false,"path_per_floor":["M","?","?","M","?","R","M","E","T","$","M","R","E","?","R","B",null,"M","?","?","?","?","E","R","M","T","E","M","$","R","E","R","B",null,"M","M","M","$","?","E","$","M","T","M","R","M","M","M","R","B","B",null],"character_chosen":"WATCHER","items_purchased":["Tantrum","Molten Egg 2","Adaptation","Shuriken","EpicFetus","Habit","CeramicFish","BookOfRevelations","Chemical X","Collect","Wallop+1","Dream Catcher","Sling","EmptyBody","Bronze Scales","ConjureBlade","TalkToTheHand+1","ReplayTheSpireMod:CursedCoin","Replay:Wax Seal","Eternal Feather"],"campfire_rested":2,"item_purchase_floors":[0,0,0,0,0,0,0,0,0,0,0,0,0,0,0,10,17,29,38,38],"current_hp_per_floor":[19,19,19,19,19,39,39,39,39,39,39,39,33,33,53,53,62,62,62,62,62,56,56,56,56,56,50,50,50,50,38,57,50,61,56,56,56,56,56,56,56,56,56,56,62,62,62,62,62,52,36],"gold":146,"neow_bonus":"","is_daily":false,"chose_seed":false,"campfire_upgraded":2,"win_rate":0.0,"timestamp":1611643899,"path_taken":["M","?","?","M","?","R","?","E","T","$","M","R","E","?","R","BOSS","M","?","?","?","?","E","R","M","T","E","M","$","R","E","R","BOSS","M","M","M","$","?","E","$","M","T","M","R","M","M","M","R","BOSS","BOSS"],"items_purchased_type":["Card","Relic","Card","Relic","Card","Relic","Relic","Relic","Relic","Card","Card","Relic","Relic","Card","Relic","Card","Card","Relic","Relic","Relic"],"build_version":"2020-12-22","purchased_purges":5,"victory":true,"max_hp_per_floor":[68,68,68,68,68,68,68,68,68,68,68,68,68,68,68,68,65,65,65,65,65,65,65,65,65,65,65,65,65,65,65,65,65,65,65,65,65,62,62,62,62,62,62,62,62,62,62,62,62,62,62],"card_choices":[{"not_picked":["Replay:AtTheReady","Prostrate"],"picked":"Replay:Battleflow","floor":1.0},{"not_picked":["Replay:Vibes","Prostrate"],"picked":"ClearTheMind","floor":4.0},{"not_picked":["SandsOfTime+1","PathToVictory"],"picked":"FearNoEvil+1","floor":5.0},{"not_picked":["WheelKick+1","LikeWater"],"picked":"SpiritShield","floor":6.0},{"not_picked":["ClearTheMind","Evaluate"],"picked":"FlurryOfBlows+1","floor":7.0},{"not_picked":["FlurryOfBlows+1","MentalFortress"],"picked":"ForeignInfluence","floor":8.0},{"not_picked":["Replay:AtTheReady","JustLucky+1","SignatureMove+1"],"picked":"SKIP","floor":11.0},{"not_picked":["Perseverance","Replay:AtTheReady","Wireheading"],"picked":"SKIP","floor":13.0},{"not_picked":["Replay:ManipulateFuture","Meditate"],"picked":"BattleHymn","floor":15.0},{"not_picked":["Alpha","Replay:LoomingThreat"],"picked":"MasterReality","floor":16.0},{"not_picked":["CutThroughFate+1","FlyingSleeves+1"],"picked":"WreathOfFlame","floor":18.0},{"not_picked":["Consecrate+1","Devotion","EmptyBody"],"picked":"SKIP","floor":23.0},{"not_picked":["Pray","ThirdEye"],"picked":"Wallop+1","floor":25.0},{"not_picked":["Nirvana","Halt","CutThroughFate+1"],"picked":"SKIP","floor":27.0},{"not_picked":["PathToVictory","ClearTheMind","WheelKick+1"],"picked":"SKIP","floor":28.0},{"not_picked":["Worship","SashWhip+1","Weave+1"],"picked":"SKIP","floor":31.0},{"not_picked":["LessonLearned+1","Judgement"],"picked":"DevaForm","floor":33.0},{"not_picked":["Replay:BluntJabs+1","Protect","EmptyFist+1"],"picked":"SKIP","floor":35.0},{"not_picked":["Evaluate+1","SashWhip+1"],"picked":"CutThroughFate+1","floor":36.0},{"not_picked":["BattleHymn","EmptyFist+1","SashWhip+1"],"picked":"SKIP","floor":37.0},{"not_picked":["EmptyBody","BattleHymn"],"picked":"Replay:Hum+1","floor":40.0},{"not_picked":["Crescendo","SashWhip+1","Tantrum+1"],"picked":"SKIP","floor":42.0},{"not_picked":["FlyingSleeves+1","SashWhip+1","BattleHymn"],"picked":"SKIP","floor":44.0},{"not_picked":["Worship","Ragnarok+1","EmptyBody+1"],"picked":"SKIP","floor":46.0},{"not_picked":["FearNoEvil+1","WheelKick+1","SashWhip+1"],"picked":"SKIP","floor":47.0},{"not_picked":["CutThroughFate+1","Study","Protect+1"],"picked":"SKIP","floor":48.0}],"player_experience":266975,"relics_obtained":[{"floor":5.0,"key":"Vajra"},{"floor":8.0,"key":"Replay:Accelerometer"},{"floor":9.0,"key":"Ancient Tea Set"},{"floor":13.0,"key":"Omamori"},{"floor":21.0,"key":"Replay:Multitool"},{"floor":23.0,"key":"Oddly Smooth Stone"},{"floor":24.0,"key":"ReplayTheSpireMod:Ring of Exchange"},{"floor":24.0,"key":"Ring of Panic"},{"floor":26.0,"key":"Peace Pipe"},{"floor":27.0,"key":"Pet Ghost"},{"floor":30.0,"key":"Diplopia"},{"floor":31.0,"key":"Lantern"},{"floor":39.0,"key":"Ring of Peace"},{"floor":39.0,"key":"Ring of Greed"},{"floor":39.0,"key":"MawBank"},{"floor":39.0,"key":"Golden Idol"},{"floor":40.0,"key":"Sundial"},{"floor":43.0,"key":"Unceasing Top"}],"event_choices":[{"damage_healed":0.0,"max_hp_gain":0.0,"max_hp_loss":0.0,"gold_gain":75.0,"event_name":"Golden Wing","player_choice":"Gained Gold","floor":2.0,"gold_loss":0.0,"damage_taken":0.0},{"damage_healed":0.0,"max_hp_gain":0.0,"max_hp_loss":0.0,"gold_gain":0.0,"cards_transformed":["Defend_P"],"event_name":"Transmorgrifier","player_choice":"Transformed","floor":3.0,"gold_loss":0.0,"damage_taken":0.0,"cards_obtained":["Replay:ManipulateFuture"]},{"damage_healed":0.0,"max_hp_gain":0.0,"max_hp_loss":0.0,"gold_gain":0.0,"event_name":"Living Wall","player_choice":"Grow","floor":14.0,"gold_loss":0.0,"damage_taken":0.0,"cards_upgraded":["EpicFetus"]},{"damage_healed":0.0,"max_hp_gain":0.0,"max_hp_loss":0.0,"gold_gain":0.0,"event_name":"Vampires","player_choice":"Ignored","floor":19.0,"gold_loss":0.0,"damage_taken":0.0},{"cards_removed":["Strike_P"],"damage_healed":0.0,"max_hp_gain":0.0,"max_hp_loss":0.0,"gold_gain":0.0,"event_name":"Bonfire Elementals","player_choice":"Offered Basic","floor":20.0,"gold_loss":0.0,"damage_taken":0.0},{"damage_healed":0.0,"max_hp_gain":0.0,"max_hp_loss":0.0,"gold_gain":0.0,"event_name":"Wheel of Change","player_choice":"Relic","floor":21.0,"gold_loss":0.0,"damage_taken":0.0},{"damage_healed":0.0,"max_hp_gain":0.0,"max_hp_loss":0.0,"gold_gain":0.0,"event_name":"Nest","player_choice":"Joined the Cult","floor":22.0,"gold_loss":0.0,"damage_taken":6.0,"cards_obtained":["RitualDagger"]}],"is_beta":false,"boss_relics":[{"not_picked":["Pandora\u0027s Box","Replay:Grab Bag"],"picked":"Cursed Key"},{"not_picked":[]},{"not_picked":["Orrery","Kintsugi"],"picked":"Coffee Dripper"},{"not_picked":[]}],"items_purged_floors":[0,10,29,38,41],"is_endless":false,"potions_floor_spawned":[1,8,13,16,23,27,31,36,37,42,44,46],"ascension_level":20}}