{"host":"lip44byzewa3adv8","time":1611620527,"event":{"mods":["BaseMod","Curses Come First","Minty Spire (QoL Compilation)","Relic Sorter","Relic Stats","StSLib","Synergy Search"],"gold_per_floor":[160,15,29,39,39,39,69,69,69,86,5,5,16,16,16,16,16],"floor_reached":16,"language":"ENG","playtime":590,"items_purged":[],"score":180,"play_id":"d4b2c9f5-0347-460b-b4f4-6d5b08507d07","local_time":"20210125192207","is_ascension_mode":true,"campfire_choices":[{"data":"Dual Wield","floor":6,"key":"SMITH"},{"floor":15,"key":"REST"}],"circlet_count":0,"master_deck":["Strike_R","Strike_R","Strike_R","Defend_R","Defend_R","Defend_R","Defend_R","Bash+1","Cleave","Twin Strike","Feed+1","Flame Barrier","Dual Wield+1","Disarm","Havoc","Battle Trance","Shockwave","Flame Barrier"],"relics":["Tiny House","Art of War","Question Card"],"acts_visited":["Exordium"],"potions_floor_usage":[7,16,16],"damage_taken":[{"damage":4,"enemies":"Jaw Worm","floor":1,"turns":4},{"damage":5,"enemies":"Cultist","floor":3,"turns":4},{"damage":0,"enemies":"Small Slimes","floor":4,"turns":2},{"damage":65,"enemies":"Lagavulin","floor":7,"turns":9},{"damage":20,"enemies":"Gremlin Gang","floor":10,"turns":4},{"damage":1,"enemies":"Large Slime","floor":13,"turns":5},{"damage":86,"enemies":"Slime Boss","floor":16,"turns":9}],"seed_played":"3036227229761394390","potions_obtained":[{"floor":0,"key":"BloodPotion"},{"floor":1,"key":"BloodPotion"},{"floor":4,"key":"ColorlessPotion"}],"is_trial":false,"path_per_floor":["M","$","M","M","?","R","E","?","T","M","$","?","M","?","R","B"],"character_chosen":"IRONCLAD","items_purchased":["Feed","Battle Trance"],"campfire_rested":1,"item_purchase_floors":[2,11],"current_hp_per_floor":[73,73,71,74,79,79,17,17,17,1,1,1,8,8,41,0,0],"gold":16,"neow_bonus":"BOSS_RELIC","is_daily":false,"chose_seed":false,"campfire_upgraded":1,"win_rate":0.0,"timestamp":1611620527,"path_taken":["M","$","M","M","?","R","E","?","T","?","$","?","M","?","R","BOSS"],"items_purchased_type":["Card","Card"],"build_version":"2020-12-22","purchased_purges":0,"victory":false,"max_hp_per_floor":[85,85,88,91,96,96,99,99,99,103,103,103,111,111,111,111,111],"relic_stats":{"counters":[7,37],"Art of War":[1],"Question Card":2,"obtain_stats":[{"Tiny House":0,"Art of War":7,"Question Card":9,"Burning Blood":0},{"Tiny House":0,"Art of War":4,"Question Card":4,"Burning Blood":0},{"Tiny House":0,"Art of War":19,"Question Card":19,"Burning Blood":0}]},"card_choices":[{"not_picked":["Infernal Blade","Iron Wave"],"picked":"Cleave","floor":0},{"not_picked":["Cleave","Hemokinesis"],"picked":"Twin Strike","floor":1},{"not_picked":["Warcry","Clash"],"picked":"Flame Barrier","floor":3},{"not_picked":["Clothesline","Rupture"],"picked":"Dual Wield","floor":4},{"not_picked":["Shockwave","Rampage"],"picked":"Disarm","floor":7},{"not_picked":["Barricade","Flex","Wild Strike"],"picked":"Havoc","floor":10},{"not_picked":["Bloodletting","Iron Wave","Body Slam"],"picked":"Flame Barrier","floor":13}],"player_experience":763806,"relics_obtained":[{"floor":7,"key":"Art of War"},{"floor":9,"key":"Question Card"}],"event_choices":[{"damage_healed":0,"gold_gain":0,"player_choice":"Donut","damage_taken":0,"max_hp_gain":5,"max_hp_loss":0,"event_name":"Big Fish","floor":5,"gold_loss":0},{"damage_healed":0,"gold_gain":0,"player_choice":"Upgraded","damage_taken":0,"max_hp_gain":0,"max_hp_loss":0,"event_name":"Upgrade Shrine","floor":8,"gold_loss":0,"cards_upgraded":["Feed"]},{"damage_healed":0,"gold_gain":0,"cards_transformed":["Strike_R"],"player_choice":"Change","damage_taken":0,"max_hp_gain":0,"max_hp_loss":0,"event_name":"Living Wall","floor":12,"gold_loss":0,"cards_obtained":["Shockwave"]},{"cards_removed":["Strike_R"],"damage_healed":0,"gold_gain":0,"player_choice":"Purged","damage_taken":0,"max_hp_gain":0,"max_hp_loss":0,"event_name":"Purifier","floor":14,"gold_loss":0}],"is_beta":false,"boss_relics":[],"items_purged_floors":[],"is_endless":false,"potions_floor_spawned":[1,4],"killed_by":"Slime Boss","ascension_level":6}}