{"host":"746m694if73h3gai","time":1611664249,"event":{"mods":["2.2 Compatiblity","AchievementEnabler","Act Like it!","BaseMod","Colored Map","Colored Powertips","Downfall","Minty Spire (QoL Compilation)","Quick Restart","Rare Cards Sparkle","Relic Stats","StSLib","everything is the same but u backflip on backflip","slay the spire mod where everything is the same but ironclad has a cowboy hat"],"gold_per_floor":[99,99,99,99,99,127,127,146,146,166,166,166,194,25,44,143,143,143,157,242,45,45,140,163,163,277,277,332,383,383,437,449,544,544,544,558,751,771,169,169,169,219,219,19,149,149,201,227,127,127,127,154,73,73,73,73,73,73],"floor_reached":56,"language":"ENG","playtime":8587,"items_purged":["downfall:Malfunctioning","Slimebound:Strike_Slimebound","Slimebound:Strike_Slimebound","Slimebound:Strike_Slimebound"],"score":839,"play_id":"9eb3775f-14b8-4c08-9afe-4f2aff014c8f","local_time":"20210126133049","is_ascension_mode":true,"campfire_choices":[{"data":"Slimebound:Split","floor":1,"key":"SMITH"},{"data":"Slimebound:Grow","floor":11,"key":"SMITH"},{"data":"Slimebound:Grow","floor":18,"key":"SMITH"},{"data":"Slimebound:SlimeTap","floor":27,"key":"SMITH"},{"data":"Slimebound:Schlurp","floor":30,"key":"SMITH"},{"data":"Slimebound:Gluttony","floor":35,"key":"SMITH"},{"floor":40,"key":"RECALL"},{"data":"Slimebound:Defend_Slimebound","floor":44,"key":"SMITH"},{"data":"Slimebound:SlimeSpikes","floor":49,"key":"SMITH"},{"data":"Slimebound:SpikyOuterGoop","floor":54,"key":"SMITH"}],"circlet_count":0,"master_deck":["Slimebound:Tackle","Slimebound:Defend_Slimebound+1","Slimebound:Defend_Slimebound+1","Slimebound:Defend_Slimebound","Slimebound:Defend_Slimebound","Slimebound:Split+1","Slimebound:CorrosiveSpit+1","Slimebound:GoopSpray+1","Slimebound:Grow+1","Slimebound:AcidTongue","Slimebound:GrowthPunch","Slimebound:HungryTackle","Slimebound:FlameTackle+1","Slimebound:Schlurp+1","Slimebound:Grow+1","Slimebound:FinishingTackle+1","Slimebound:Recollect","Slimebound:GoopTackle+1","Slimebound:SlimeTap+1","Slimebound:Gluttony+1","Slimebound:RollThrough+1","Slimebound:Grow+1","Slimebound:SlimeSpikes","Slimebound:SamplingLick+1","Slimebound:Nibble+1","Slimebound:AcidTongue+1","Slimebound:Darklings","Slimebound:Schlurp+1","Slimebound:SlimeSpikes+1","Slimebound:Equalize+1","Slimebound:SpikyOuterGoop+1"],"relics":["Slimebound:AbsorbEndCombat","downfall:HeartsMalice","Pantograph","Shuriken","Mercury Hourglass","Eternal Feather","Molten Egg 2","Busted Crown","downfall:KnowingSkull","Slimebound:AggressiveSlimeRelic","Orichalcum","Coffee Dripper","Orrery","CaptainsWheel","Toy Ornithopter","downfall:HeartBlessingRed","downfall:HeartBlessingBlue","Bottled Lightning","downfall:HeartBlessingGreen","White Beast Statue"],"acts_visited":["Exordium","TheCity","TheBeyond","TheEnding"],"potions_floor_usage":[21,26,31,33,37,37,50,52,56,56,56,56],"damage_taken":[{"damage":0,"enemies":"2 Louse","floor":2,"turns":1},{"damage":0,"enemies":"Small Slimes","floor":5,"turns":1},{"damage":0,"enemies":"Gremlin Nob","floor":6,"turns":1},{"damage":4,"enemies":"Jaw Worm","floor":8,"turns":4},{"damage":13,"enemies":"3 Louse","floor":10,"turns":3},{"damage":8,"enemies":"3 Sentries","floor":13,"turns":6},{"damage":11,"enemies":"downfall:FleeingMerchant","floor":14,"turns":4},{"damage":6,"enemies":"Gremlin Gang","floor":15,"turns":4},{"damage":11,"enemies":"IC_STATUS_ARCHETYPE","floor":16,"turns":7},{"damage":3,"enemies":"Chosen","floor":19,"turns":3},{"damage":6,"enemies":"downfall:FleeingMerchant","floor":21,"turns":4},{"damage":15,"enemies":"Spheric Guardian","floor":23,"turns":3},{"damage":23,"enemies":"Book of Stabbing","floor":26,"turns":5},{"damage":3,"enemies":"Cultist and Chosen","floor":28,"turns":3},{"damage":12,"enemies":"Snecko","floor":29,"turns":4},{"damage":16,"enemies":"Snake Plant","floor":31,"turns":4},{"damage":1,"enemies":"3 Cultists","floor":32,"turns":6},{"damage":23,"enemies":"WA_ARCHETYPE_CALM","floor":33,"turns":7},{"damage":25,"enemies":"3 Shapes","floor":36,"turns":3},{"damage":12,"enemies":"downfall:FleeingMerchant","floor":37,"turns":4},{"damage":0,"enemies":"Orb Walker","floor":38,"turns":3},{"damage":6,"enemies":"Sphere and 2 Shapes","floor":42,"turns":3},{"damage":26,"enemies":"4 Shapes","floor":45,"turns":7},{"damage":20,"enemies":"Writhing Mass","floor":47,"turns":4},{"damage":19,"enemies":"Nemesis","floor":48,"turns":7},{"damage":17,"enemies":"DF_ARCHETYPE_ORBS","floor":50,"turns":6},{"damage":52,"enemies":"downfall:CharBossMerchant","floor":52,"turns":8},{"damage":30,"enemies":"downfall:NeowBoss","floor":55,"turns":16},{"damage":151,"enemies":"downfall:NeowBossFinal","floor":56,"turns":8}],"seed_played":"-2196319753349377645","potions_obtained":[{"floor":13,"key":"DistilledChaos"},{"floor":15,"key":"champ:CounterPotion"},{"floor":16,"key":"hexamod:SoulburnPotion"},{"floor":19,"key":"ColorlessPotion"},{"floor":26,"key":"Guardian:BlockOnCardUsePotion"},{"floor":33,"key":"ColorlessPotion"},{"floor":38,"key":"hexamod:SoulburnPotion"},{"floor":45,"key":"Regen Potion"}],"is_trial":false,"path_per_floor":["R","M","?","?","M","E","T","M","?","M","R","T","E","$","M","B",null,"R","M","?","$","?","M","T","?","E","R","M","M","R","M","M","B",null,"R","M","$","M","$","R","T","M","T","R","M","?","M","E","R","B",null,"E","$","R","B","B"],"character_chosen":"SLIMEBOUND","items_purchased":["Slimebound:Grow","Slimebound:SlimeTap","Slimebound:SlimeSpikes","Orrery","CaptainsWheel","Slimebound:SpikyOuterGoop"],"campfire_rested":0,"item_purchase_floors":[14,21,37,39,39,53],"current_hp_per_floor":[65,65,65,65,65,65,65,65,65,52,52,52,50,43,43,59,65,65,64,52,52,46,33,33,33,18,30,29,25,37,27,38,57,78,78,55,51,55,55,70,70,80,80,96,74,74,62,51,66,83,96,49,49,67,70,0,0,0],"gold":73,"neow_bonus":"THREE_ENEMY_KILL","is_daily":false,"chose_seed":false,"campfire_upgraded":9,"win_rate":0.0,"timestamp":1611664249,"path_taken":["R","M","?","?","M","E","T","M","?","M","R","?","E","?","M","BOSS","R","M","?","$","?","?","T","?","E","R","M","M","R","M","M","BOSS","R","M","$","M","$","R","T","M","?","R","M","?","M","E","R","BOSS","E","$","R","BOSS","BOSS"],"items_purchased_type":["Card","Card","Card","Relic","Relic","Card"],"build_version":"2020-12-22","purchased_purges":4,"victory":false,"max_hp_per_floor":[65,65,65,65,65,65,65,65,65,65,65,65,65,65,65,65,65,65,65,65,65,65,65,65,65,65,65,65,65,65,65,69,78,78,78,78,78,78,78,78,78,86,86,96,96,96,96,96,96,96,96,96,96,96,96,96,96,96],"relic_stats":{"Busted Crown":44,"counters":[29,131],"Shuriken":[22],"Pantograph":122,"Eternal Feather":78,"Orichalcum":[36],"obtain_stats":[{"Slimebound:AggressiveSlimeRelic":24,"downfall:HeartBlessingRed":44,"downfall:HeartsMalice":0,"Eternal Feather":12,"downfall:HeartBlessingGreen":49,"Orichalcum":26,"White Beast Statue":52,"Mercury Hourglass":7,"CaptainsWheel":39,"Busted Crown":17,"Shuriken":6,"downfall:HeartBlessingBlue":44,"Pantograph":3,"Orrery":39,"Molten Egg 2":13,"downfall:KnowingSkull":22,"Slimebound:AbsorbEndCombat":0,"Coffee Dripper":34,"Bottled Lightning":48,"Toy Ornithopter":43},{"Slimebound:AggressiveSlimeRelic":12,"downfall:HeartBlessingRed":22,"downfall:HeartsMalice":0,"Eternal Feather":5,"downfall:HeartBlessingGreen":25,"Orichalcum":13,"White Beast Statue":27,"Mercury Hourglass":3,"CaptainsWheel":21,"Busted Crown":9,"Shuriken":3,"downfall:HeartBlessingBlue":22,"Pantograph":1,"Orrery":21,"Molten Egg 2":6,"downfall:KnowingSkull":11,"Slimebound:AbsorbEndCombat":0,"Coffee Dripper":18,"Bottled Lightning":25,"Toy Ornithopter":22},{"Slimebound:AggressiveSlimeRelic":36,"downfall:HeartBlessingRed":75,"downfall:HeartsMalice":0,"Eternal Feather":6,"downfall:HeartBlessingGreen":93,"Orichalcum":41,"White Beast Statue":107,"Mercury Hourglass":0,"CaptainsWheel":72,"Busted Crown":26,"Shuriken":0,"downfall:HeartBlessingBlue":75,"Pantograph":0,"Orrery":72,"Molten Egg 2":12,"downfall:KnowingSkull":33,"Slimebound:AbsorbEndCombat":0,"Coffee Dripper":63,"Bottled Lightning":93,"Toy Ornithopter":75}],"Toy Ornithopter":7,"Mercury Hourglass":[425]},"card_choices":[{"not_picked":["Slimebound:SplitMire","Slimebound:PressTheAttack"],"picked":"Slimebound:GoopSpray","floor":2},{"not_picked":["Slimebound:SplitAcid","Slimebound:TongueLash"],"picked":"Slimebound:Grow","floor":5},{"not_picked":["Slimebound:SplitLeeching","Slimebound:GoopSpray"],"picked":"Slimebound:AcidTongue","floor":6},{"not_picked":["Slimebound:MassFeed","Slimebound:LivingWall"],"picked":"Slimebound:GrowthPunch","floor":8},{"not_picked":["Slimebound:LivingWall","Slimebound:ForwardTackle"],"picked":"Slimebound:HungryTackle","floor":10},{"not_picked":["Slimebound:TongueLash+1","Slimebound:HungryTackle+1"],"picked":"Slimebound:FlameTackle+1","floor":13},{"not_picked":["Slimebound:LivingWall","Slimebound:GrowthPunch+1"],"picked":"Slimebound:Schlurp","floor":14},{"not_picked":["Slimebound:SlimeSpikes","Slimebound:HauntingLick"],"picked":"Slimebound:FinishingTackle+1","floor":15},{"not_picked":["Slimebound:DouseInSlime","Slimebound:Overexert"],"picked":"Slimebound:MassFeed+1","floor":16},{"not_picked":[],"picked":"Slimebound:Recollect","floor":19},{"not_picked":[],"picked":"Slimebound:GoopTackle+1","floor":21},{"not_picked":["Slimebound:GoopTackle+1"],"picked":"SKIP","floor":23},{"not_picked":["Slimebound:FinishingTackle+1"],"picked":"SKIP","floor":26},{"not_picked":["Slimebound:PressTheAttack+1"],"picked":"SKIP","floor":28},{"not_picked":["Slimebound:Schlurp"],"picked":"SKIP","floor":29},{"not_picked":[],"picked":"Slimebound:RollThrough+1","floor":31},{"not_picked":["Slimebound:LeechEnergy+1"],"picked":"SKIP","floor":32},{"not_picked":[],"picked":"Slimebound:Grow+1","floor":36},{"not_picked":["Slimebound:HungryTackle+1"],"picked":"SKIP","floor":37},{"not_picked":[],"picked":"Slimebound:SamplingLick+1","floor":38},{"not_picked":[],"picked":"Slimebound:Nibble+1","floor":39},{"not_picked":[],"picked":"Slimebound:AcidTongue+1","floor":39},{"not_picked":["Slimebound:FinishingTackle+1"],"picked":"SKIP","floor":42},{"not_picked":["Slimebound:Chomp+1"],"picked":"SKIP","floor":45},{"not_picked":[],"picked":"Slimebound:Schlurp+1","floor":47},{"not_picked":[],"picked":"Slimebound:SlimeSpikes","floor":48},{"not_picked":[],"picked":"Slimebound:Equalize+1","floor":52}],"player_experience":150797,"relics_obtained":[{"floor":6,"key":"Shuriken"},{"floor":7,"key":"Mercury Hourglass"},{"floor":12,"key":"Eternal Feather"},{"floor":13,"key":"Molten Egg 2"},{"floor":24,"key":"Slimebound:AggressiveSlimeRelic"},{"floor":26,"key":"Orichalcum"},{"floor":43,"key":"Toy Ornithopter"},{"floor":48,"key":"Bottled Lightning"},{"floor":52,"key":"White Beast Statue"}],"event_choices":[],"is_beta":false,"boss_relics":[{"not_picked":["Black Star","bronze:MakeshiftBattery"],"picked":"Busted Crown"},{"not_picked":["Cursed Key","Pandora\u0027s Box"],"picked":"Coffee Dripper"}],"items_purged_floors":[14,21,37,39],"is_endless":false,"potions_floor_spawned":[13,15,16,19,26,33,38,45,47],"killed_by":"downfall:NeowBossFinal","ascension_level":1}}