{"host":"ayh4nqhr0ddw4ozv","time":1611632795,"event":{"mods":["BaseMod","Downfall","Minty Spire (QoL Compilation)","Relic Stats","Replay The Spire","Robot Space Explorer","StSLib"],"gold_per_floor":[99,109,109,122,138,149,175,175,191,191,191,191,206,220,240,240,240,240],"floor_reached":16,"language":"ENG","playtime":1171,"items_purged":[],"score":96,"play_id":"89ec6be1-281c-4933-8e97-0b8df59eb2b5","local_time":"20210125194635","is_ascension_mode":false,"campfire_choices":[{"data":"Guardian:TwinSlam","floor":1,"key":"SMITH"},{"data":"Guardian:RevengeProtocol","floor":8,"key":"SMITH"},{"data":"Guardian:PolyBeam","floor":12,"key":"SMITH"}],"circlet_count":0,"master_deck":["Guardian:Strike_Guardian","Guardian:Strike_Guardian","Guardian:Strike_Guardian","Guardian:Strike_Guardian","Guardian:Defend_Guardian","Guardian:Defend_Guardian","Guardian:Defend_Guardian","Guardian:CurlUp","Guardian:TwinSlam+1","Sickly","Guardian:FloatingOrbs","Guardian:PolyBeam+1","Guardian:RevengeProtocol+1","Guardian:SphericShield+1","Guardian:Gem_Purple","Guardian:BaubleBeam"],"relics":["Guardian:ModeShifter","Ring of Searing","Centennial Puzzle"],"acts_visited":["Exordium"],"potions_floor_usage":[13,16],"damage_taken":[{"damage":3,"enemies":"Small Slimes","floor":2,"turns":3},{"damage":16,"enemies":"2 Louse","floor":4,"turns":4},{"damage":5,"enemies":"Cultist","floor":5,"turns":4},{"damage":4,"enemies":"Gremlin Gang","floor":6,"turns":6},{"damage":1,"enemies":"Large Slime","floor":9,"turns":5},{"damage":0,"enemies":"Red Slaver","floor":13,"turns":3},{"damage":0,"enemies":"3 Louse","floor":14,"turns":2},{"damage":14,"enemies":"Lots of Slimes","floor":15,"turns":3},{"damage":53,"enemies":"SI_SHIV_ARCHETYPE","floor":16,"turns":10}],"seed_played":"5286162405349505137","potions_obtained":[{"floor":2,"key":"Ancient Potion"},{"floor":5,"key":"Languid Potion"},{"floor":6,"key":"Flashbang"},{"floor":13,"key":"Guardian:StasisDiscoveryPotion"}],"is_trial":false,"path_per_floor":["R","M","?","M","M","M","T","R","M","?","?","R","M","M","M","B"],"character_chosen":"GUARDIAN","items_purchased":[],"campfire_rested":0,"item_purchase_floors":[],"current_hp_per_floor":[88,85,85,69,64,60,60,60,59,64,64,64,64,64,50,0,0,0],"gold":240,"neow_bonus":"TEN_PERCENT_HP_BONUS","is_daily":false,"chose_seed":false,"campfire_upgraded":3,"win_rate":0.0,"timestamp":1611632795,"path_taken":["R","M","?","M","M","M","T","R","M","?","?","R","M","M","M","BOSS"],"items_purchased_type":[],"build_version":"2020-12-22","purchased_purges":0,"victory":false,"max_hp_per_floor":[88,88,88,88,88,88,88,88,88,93,93,93,93,93,93,93,93,93],"relic_stats":{"Centennial Puzzle":[9],"counters":[9,40],"obtain_stats":[{"Centennial Puzzle":7,"Guardian:ModeShifter":0,"Ring of Searing":3},{"Centennial Puzzle":4,"Guardian:ModeShifter":0,"Ring of Searing":1},{"Centennial Puzzle":17,"Guardian:ModeShifter":0,"Ring of Searing":3}]},"card_choices":[{"not_picked":["Guardian:BodySlam","Guardian:Gem_Lightblue"],"picked":"Guardian:Gem_Red","floor":2},{"not_picked":["Guardian:TimeBomb","Guardian:PrismaticBarrier"],"picked":"Guardian:FloatingOrbs","floor":4},{"not_picked":["Guardian:WalkerClaw","Guardian:Reroute"],"picked":"Guardian:PolyBeam","floor":5},{"not_picked":["Guardian:PiercingHide","Guardian:Incinerate"],"picked":"Guardian:RevengeProtocol","floor":6},{"not_picked":["Guardian:PiercingHide","Guardian:WalkerClaw","Guardian:ShieldCharger"],"picked":"SKIP","floor":9},{"not_picked":["Guardian:PrismaticBeam","Guardian:Gem_Lightblue"],"picked":"Guardian:Gem_Purple","floor":13},{"not_picked":["Guardian:PiercingHide","Guardian:PrimingBeam"],"picked":"Guardian:BaubleBeam","floor":14},{"not_picked":["Guardian:Reroute","Guardian:PiercingHide","Guardian:Emergency"],"picked":"SKIP","floor":15}],"player_experience":386756,"relics_obtained":[{"floor":3,"key":"Ring of Searing"},{"floor":7,"key":"Centennial Puzzle"}],"event_choices":[{"damage_healed":0,"gold_gain":0,"player_choice":"Donut","damage_taken":0,"max_hp_gain":5,"max_hp_loss":0,"event_name":"Big Fish","floor":10,"gold_loss":0}],"is_beta":false,"boss_relics":[],"items_purged_floors":[],"is_endless":false,"potions_floor_spawned":[2,5,6,13],"killed_by":"SI_SHIV_ARCHETYPE","ascension_level":0}}