{"host":"c5j8t0wyh2hvx9ju","time":1611704213,"event":{"mods":["Act Like it!","Astrologer","BaseMod","BetterRewards","Gensokyo","Minty Spire (QoL Compilation)","Prisma Mod","StSLib"],"gold_per_floor":[112,127,127,140,16,16,43,57,133,133,233,252,177,496,496,496,496],"floor_reached":16,"language":"JPN","playtime":3587,"items_purged":["Strike_R"],"score":202,"play_id":"15dac817-18d1-4fb9-b31f-9ca7191d41e8","local_time":"20210127083653","is_ascension_mode":true,"campfire_choices":[{"data":"Corruption","floor":6,"key":"SMITH"},{"floor":10,"key":"REST"},{"data":"Shrug It Off","floor":15,"key":"SMITH"}],"circlet_count":0,"master_deck":["Strike_R","Strike_R","Strike_R","Strike_R","Defend_R","Defend_R","Defend_R","Defend_R","Bash","Corruption+1","Shrug It Off+1","Sword Boomerang","Flame Barrier+1","Armaments+1","Feed"],"relics":["Burning Blood","Akabeko","Toxic Egg 2","Gensokyo:PortableGap","Gambling Chip","Strawberry","HornCleat","Old Coin"],"acts_visited":["Gensokyo:Gensokyo"],"potions_floor_usage":[8,8],"damage_taken":[{"damage":6,"enemies":"Gensokyo:Gryphon","floor":1,"turns":5},{"damage":5,"enemies":"Gensokyo:3_Fairies","floor":2,"turns":5},{"damage":0,"enemies":"Gensokyo:Python","floor":4,"turns":2},{"damage":34,"enemies":"Gensokyo:Aya","floor":7,"turns":6},{"damage":30,"enemies":"Gensokyo:5_Fairies","floor":8,"turns":6},{"damage":0,"enemies":"Gensokyo:LivingMonolith","floor":12,"turns":3},{"damage":0,"enemies":"Gensokyo:Kitsune","floor":14,"turns":4},{"damage":87,"enemies":"Gensokyo:Reimu","floor":16,"turns":16}],"seed_played":"2270906022764431369","potions_obtained":[{"floor":2,"key":"Energy Potion"},{"floor":4,"key":"DuplicationPotion"},{"floor":8,"key":"SteroidPotion"}],"is_trial":false,"path_per_floor":["M","M","?","M","COS","R","E","M","T","R","?","M","$","M","R","B"],"character_chosen":"IRONCLAD","items_purchased":["Corruption","Akabeko","Shrug It Off","Toxic Egg 2"],"campfire_rested":1,"item_purchase_floors":[0,0,0,0],"current_hp_per_floor":[48,49,49,55,55,55,27,10,10,32,32,38,38,44,44,0,0],"gold":496,"neow_bonus":"","is_daily":false,"chose_seed":false,"campfire_upgraded":2,"win_rate":0.0,"timestamp":1611704213,"path_taken":["M","M","?","M","COS","R","E","M","T","R","?","M","$","M","R","BOSS"],"items_purchased_type":["Card","Relic","Card","Relic"],"build_version":"2020-12-22","purchased_purges":1,"victory":false,"max_hp_per_floor":[80,80,72,72,72,72,72,79,76,76,76,76,76,76,76,76,76],"card_choices":[{"not_picked":["Perfected Strike","Heavy Blade"],"picked":"Sword Boomerang","floor":1},{"not_picked":["Intimidate+1","Clash","True Grit+1"],"picked":"SKIP","floor":2},{"not_picked":["Warcry+1","Sword Boomerang","Second Wind+1"],"picked":"SKIP","floor":4},{"not_picked":["Feel No Pain","Power Through+1","Twin Strike"],"picked":"SKIP","floor":7},{"not_picked":["Whirlwind","Armaments+1"],"picked":"Flame Barrier+1","floor":8},{"not_picked":["Intimidate+1","Rupture"],"picked":"Armaments+1","floor":12},{"not_picked":["Armaments+1","Clash"],"picked":"Feed","floor":14}],"player_experience":863420,"relics_obtained":[{"floor":7,"key":"Gambling Chip"},{"floor":9,"key":"HornCleat"}],"event_choices":[],"is_beta":false,"boss_relics":[],"items_purged_floors":[13],"is_endless":false,"potions_floor_spawned":[2,4,8],"killed_by":"Gensokyo:Reimu","ascension_level":7}}