{"host":"sian7qp8a9pc9xwd","time":1611620331,"event":{"mods":["BaseMod","Minty Spire (QoL Compilation)","StSLib","SuperFastMode"],"gold_per_floor":[14,30,42,54,72,72,82,102,125,125,26,39,54,3,3,78,78,95,95,10,0,0,0,31,31,31],"floor_reached":25,"language":"ENG","playtime":917,"items_purged":["Strike_G"],"score":376,"play_id":"03c383b6-8b5a-4222-a611-4d9bde2910db","local_time":"20210125191851","is_ascension_mode":true,"campfire_choices":[{"data":"Neutralize","floor":6.0,"key":"SMITH"},{"floor":10.0,"key":"REST"},{"floor":15.0,"key":"REST"},{"floor":23,"key":"REST"}],"circlet_count":0,"master_deck":["AscendersBane","Strike_G","Strike_G","Strike_G","Strike_G","Defend_G","Defend_G","Defend_G","Defend_G","Defend_G","Survivor","Neutralize+1","Noxious Fumes","Bouncing Flask","Deadly Poison","Backflip","Deadly Poison","After Image","PiercingWail","Blur"],"relics":["Ring of the Snake","StoneCalendar","Happy Flower","Black Star","Enchiridion","PreservedInsect","Bag of Preparation","Smiling Mask"],"acts_visited":["Exordium","TheCity"],"potions_floor_usage":[16,16,21],"damage_taken":[{"damage":1.0,"enemies":"Cultist","floor":1.0,"turns":4.0},{"damage":4.0,"enemies":"2 Louse","floor":2.0,"turns":3.0},{"damage":1.0,"enemies":"Jaw Worm","floor":3.0,"turns":5.0},{"damage":12.0,"enemies":"Exordium Wildlife","floor":4.0,"turns":7.0},{"damage":0.0,"enemies":"Large Slime","floor":5.0,"turns":6.0},{"damage":9.0,"enemies":"Red Slaver","floor":7.0,"turns":6.0},{"damage":15.0,"enemies":"3 Louse","floor":8.0,"turns":4.0},{"damage":24.0,"enemies":"Gremlin Gang","floor":12.0,"turns":5.0},{"damage":1.0,"enemies":"Looter","floor":13.0,"turns":4.0},{"damage":26,"enemies":"Slime Boss","floor":16,"turns":7},{"damage":17,"enemies":"Spheric Guardian","floor":18,"turns":5},{"damage":4,"enemies":"2 Thieves","floor":21,"turns":5},{"damage":20,"enemies":"Slavers","floor":24,"turns":6},{"damage":2,"enemies":"Shelled Parasite and Fungi","floor":25,"turns":2}],"seed_played":"4409210429443728169","potions_obtained":[{"floor":1.0,"key":"GamblersBrew"},{"floor":2.0,"key":"Strength Potion"},{"floor":5.0,"key":"LiquidBronze"},{"floor":7.0,"key":"Dexterity Potion"},{"floor":12.0,"key":"DuplicationPotion"},{"floor":13.0,"key":"SteroidPotion"},{"floor":18,"key":"Swift Potion"}],"is_trial":false,"path_per_floor":["M","M","M","M","M","R","M","M","T","R","$","M","M","$","R","B",null,"M","?","?","M","?","R","E","M"],"character_chosen":"THE_SILENT","items_purchased":["Backflip","Deadly Poison"],"campfire_rested":3,"item_purchase_floors":[11,14],"current_hp_per_floor":[58,54,53,41,41,41,32,17,17,36,36,12,11,11,30,4,51,34,13,13,9,9,28,8,6,6],"gold":31,"neow_bonus":"ONE_RARE_RELIC","is_daily":false,"chose_seed":false,"campfire_upgraded":1,"win_rate":0.0,"timestamp":1611620331,"path_taken":["M","?","M","M","M","R","M","M","T","R","$","M","M","?","R","BOSS","M","?","?","?","?","R","E","?"],"items_purchased_type":["Card","Card"],"build_version":"2020-12-22","purchased_purges":1,"victory":false,"max_hp_per_floor":[66,66,66,66,66,66,66,66,66,66,66,66,66,66,66,66,66,66,66,66,66,66,66,66,66,66],"card_choices":[{"not_picked":["Heel Hook","Underhanded Strike","Dagger Throw"],"picked":"SKIP","floor":1.0},{"not_picked":["Tactician","Eviscerate"],"picked":"Noxious Fumes","floor":2.0},{"not_picked":["Flying Knee","Poisoned Stab","Underhanded Strike"],"picked":"SKIP","floor":3.0},{"not_picked":["Quick Slash","Concentrate","Slice"],"picked":"SKIP","floor":4.0},{"not_picked":["Sucker Punch","Slice","Bane"],"picked":"SKIP","floor":5.0},{"not_picked":["Venomology","Dagger Spray"],"picked":"Bouncing Flask","floor":7.0},{"not_picked":["Blur","Outmaneuver"],"picked":"Deadly Poison","floor":8.0},{"not_picked":["Sucker Punch","Outmaneuver","Underhanded Strike"],"picked":"SKIP","floor":12.0},{"not_picked":["Expertise","Caltrops","Riddle With Holes"],"picked":"SKIP","floor":13.0},{"not_picked":["Malaise","Bullet Time"],"picked":"After Image","floor":16},{"not_picked":["Finisher","Slice+1"],"picked":"PiercingWail","floor":18},{"not_picked":["Backflip","Heel Hook"],"picked":"Blur","floor":21},{"not_picked":["PiercingWail","Bane","All Out Attack+1"],"picked":"SKIP","floor":24}],"player_experience":787651,"relics_obtained":[{"floor":9.0,"key":"Happy Flower"},{"floor":19,"key":"Enchiridion"},{"floor":24,"key":"Bag of Preparation"},{"floor":24,"key":"Smiling Mask"}],"event_choices":[{"damage_healed":0,"gold_gain":0,"player_choice":"Obtained Book","damage_taken":21,"max_hp_gain":0,"max_hp_loss":0,"event_name":"Cursed Tome","floor":19,"gold_loss":0},{"damage_healed":0,"gold_gain":0,"player_choice":"Obtained Relic","damage_taken":0,"relics_obtained":["PreservedInsect"],"max_hp_gain":0,"max_hp_loss":0,"event_name":"Addict","floor":20,"gold_loss":85},{"damage_healed":0,"gold_gain":0,"player_choice":"Ignored","damage_taken":0,"max_hp_gain":0,"max_hp_loss":0,"event_name":"WeMeetAgain","floor":22,"gold_loss":0}],"is_beta":false,"boss_relics":[{"not_picked":["Snecko Eye","Sozu"],"picked":"Black Star"}],"items_purged_floors":[11],"is_endless":false,"potions_floor_spawned":[1,2,5,7,12,13,18],"killed_by":"Shelled Parasite and Fungi","ascension_level":15}}