{"host":"ooe12lh8pgcirntb","time":1611703391,"event":{"mods":["AchievementEnabler","Act Like it!","BaseMod","Beaked The Cultist","ChefMod","Colored Map","Colored Powertips","Downfall","Minty Spire (QoL Compilation)","StSLib","The Animator","The Bug Knight","The Disciple","The Hierophant","The Problem Sleuth"],"gold_per_floor":[126,126,150,425,113,142,142,158,158,182,201,201,22,37,37,135,135,152,152,152,173,177,177],"floor_reached":22,"language":"ENG","playtime":3075,"items_purged":[],"score":186,"play_id":"8d03251d-6573-4696-a10a-0a56a1f63ec0","local_time":"20210126182311","is_ascension_mode":false,"campfire_choices":[{"floor":7,"key":"REST"},{"floor":12,"key":"REST"},{"floor":15,"key":"REST"}],"circlet_count":0,"master_deck":["animator:Strike_GoblinSlayer","animator:Defend_GoblinSlayer","animator:Strike","animator:Defend","animator:Defend","animator:Defend","animator:LizardPriest","animator:DwarfShaman","animator:Pride","animator:Emonzaemon","animator:Melzalgald","Regret","animator:GuildGirl","Regret","animator:HighElfArcher","animator:Darkness","animator:Demiurge","animator:PandorasActor","animator:MetalKnight","animator:Yoichi","animator:Biyorigo","animator:Geryuganshoop","animator:Mikaela"],"relics":["animator:LivingPicture","animator:TheMissingPiece","animator:PurgingStone","InkBottle","animator:HallowedScabbard","Torii","animator:ShionDessert","Dream Catcher","SlaversCollar"],"acts_visited":["Exordium","TheCity"],"potions_floor_usage":[16,16,16,22],"damage_taken":[{"damage":8,"enemies":"Small Slimes","floor":1,"turns":4},{"damage":12,"enemies":"Jaw Worm","floor":3,"turns":4},{"damage":27,"enemies":"Lagavulin","floor":6,"turns":6},{"damage":13,"enemies":"Cultist","floor":8,"turns":3},{"damage":13,"enemies":"Looter","floor":10,"turns":3},{"damage":4,"enemies":"2 Fungi Beasts","floor":11,"turns":4},{"damage":22,"enemies":"Red Slaver","floor":14,"turns":4},{"damage":28,"enemies":"Slime Boss","floor":16,"turns":4},{"damage":20,"enemies":"Spheric Guardian","floor":18,"turns":5},{"damage":23,"enemies":"Shell Parasite","floor":21,"turns":5},{"damage":27,"enemies":"3 Cultists","floor":22,"turns":3}],"seed_played":"4588319990433038544","potions_obtained":[{"floor":3,"key":"Dexterity Potion"},{"floor":6,"key":"AttackPotion"},{"floor":11,"key":"hexamod:SoulburnPotion"},{"floor":16,"key":"Strength Potion"},{"floor":21,"key":"champ:CounterPotion"}],"is_trial":false,"path_per_floor":["M","?","M","?","$","E","R","M","T","M","M","R","$","M","R","B",null,"M","?","$","M","M"],"character_chosen":"THE_ANIMATOR","items_purchased":["animator:HallowedScabbard","Dream Catcher","animator:PandorasActor"],"campfire_rested":3,"item_purchase_floors":[5,13,13],"current_hp_per_floor":[52,52,40,40,40,18,36,23,23,14,10,28,28,14,32,8,62,46,46,46,23,0,0],"gold":177,"neow_bonus":"TRANSFORM_TWO_CARDS","is_daily":false,"chose_seed":false,"campfire_upgraded":0,"win_rate":0.0,"timestamp":1611703391,"path_taken":["M","?","M","?","$","E","R","M","T","?","M","R","$","M","R","BOSS","M","?","$","M","M"],"items_purchased_type":["Relic","Relic","Card"],"build_version":"2020-12-22","purchased_purges":0,"victory":false,"max_hp_per_floor":[60,60,60,60,60,61,61,61,61,61,61,61,61,62,62,62,62,62,62,62,62,62,62],"card_choices":[{"not_picked":["animator:Sonic","animator:KyokoSakura"],"picked":"animator:Melzalgald","floor":1},{"not_picked":["animator:Konayuki","animator:Genos"],"picked":"animator:GuildGirl","floor":3},{"not_picked":["animator:Sonic","animator:MumenRider"],"picked":"animator:HighElfArcher","floor":6},{"not_picked":["animator:HiiragiShinya","animator:GazelDwargon"],"picked":"animator:Darkness","floor":10},{"not_picked":["animator:ZankiKiguchi","animator:DwarfShaman"],"picked":"animator:Demiurge","floor":11},{"not_picked":["animator:LizardPriest","animator:ElricAlphonse"],"picked":"animator:MetalKnight","floor":14},{"not_picked":["animator:HighElfArcher","animator:Melzalgald"],"picked":"animator:Yoichi","floor":15},{"not_picked":["animator:HigakiRinne","animator:Greed"],"picked":"animator:Biyorigo","floor":16},{"not_picked":["animator:Demiurge","animator:Konayuki"],"picked":"animator:Mikaela","floor":21}],"player_experience":746676,"relics_obtained":[{"floor":6,"key":"Torii"},{"floor":9,"key":"animator:ShionDessert"}],"event_choices":[{"damage_healed":0,"gold_gain":0,"player_choice":"Box","damage_taken":0,"relics_obtained":["InkBottle"],"max_hp_gain":0,"max_hp_loss":0,"event_name":"Big Fish","floor":2,"gold_loss":0,"cards_obtained":["Regret"]},{"damage_healed":0,"gold_gain":275,"player_choice":"Desecrate","damage_taken":0,"max_hp_gain":0,"max_hp_loss":0,"event_name":"Golden Shrine","floor":4,"gold_loss":0,"cards_obtained":["Regret"]},{"damage_healed":0,"gold_gain":0,"player_choice":"Read","damage_taken":0,"max_hp_gain":0,"max_hp_loss":0,"event_name":"The Library","floor":19,"gold_loss":0,"cards_obtained":["animator:Geryuganshoop"]}],"is_beta":false,"boss_relics":[{"not_picked":["beaked:MawFillet","Philosopher\u0027s Stone"],"picked":"SlaversCollar"}],"items_purged_floors":[],"is_endless":false,"potions_floor_spawned":[3,6,11,14,16,21],"killed_by":"3 Cultists","ascension_level":0}}