{"host":"na09lpbrez4gbfiz","time":1611703446,"event":{"mods":["Act Like it!","BaseMod","BetterRewards","Colored Map","Colored Powertips","DeckTracker","Googly Eyes","Highlight Path","Minty Spire (QoL Compilation)","Quick Restart","Spicy Shops","StSLib","SuperFastMode","Synergy Search"],"gold_per_floor":[118,46,46,46,46,46,73,73,73,88,88,88,102,119,119,215,215,227,227,227,244,37,37,37],"floor_reached":23,"language":"ENG","playtime":442,"items_purged":["Regret"],"score":276,"play_id":"28438f61-4cff-4008-b0bb-e5e8cd450801","local_time":"20210127002406","is_ascension_mode":true,"campfire_choices":[{"data":"Bash","floor":6,"key":"SMITH"},{"data":"Demon Form","floor":15,"key":"SMITH"}],"circlet_count":0,"master_deck":["Strike_R+1","Strike_R","Strike_R","Strike_R","Defend_R","Defend_R+1","Defend_R","Defend_R","Bash+1","Ghostly Armor","Demon Form+1","Rampage","Demon Form","Flex","Shrug It Off"],"relics":["Black Blood","NeowsBlessing","Cauldron","Oddly Smooth Stone","Potion Belt","Pantograph","Ancient Tea Set","PrismaticShard"],"acts_visited":["Exordium","TheCity"],"potions_floor_usage":[16,16,16,16,21,21],"damage_taken":[{"damage":0,"enemies":"Small Slimes","floor":1,"turns":1},{"damage":0,"enemies":"3 Sentries","floor":7,"turns":2},{"damage":0,"enemies":"Jaw Worm","floor":10,"turns":1},{"damage":2,"enemies":"2 Louse","floor":13,"turns":3},{"damage":16,"enemies":"2 Fungi Beasts","floor":14,"turns":4},{"damage":23,"enemies":"Hexaghost","floor":16,"turns":9},{"damage":55,"enemies":"2 Thieves","floor":18,"turns":5},{"damage":69,"enemies":"3 Byrds","floor":21,"turns":7},{"damage":28,"enemies":"Slavers","floor":23,"turns":2}],"seed_played":"-568690285018657684","potions_obtained":[{"floor":2,"key":"HeartOfIron"},{"floor":2,"key":"EntropicBrew"},{"floor":2,"key":"ColorlessPotion"},{"floor":13,"key":"SteroidPotion"},{"floor":16,"key":"BlessingOfTheForge"}],"is_trial":false,"path_per_floor":["M","$","?","?","$","R","E","$","T","M","?","?","M","M","R","B",null,"M","?","?","M","$","E"],"character_chosen":"IRONCLAD","items_purchased":["Cauldron","PrismaticShard","Shrug It Off"],"campfire_rested":0,"item_purchase_floors":[2,22,22],"current_hp_per_floor":[78,78,66,66,66,66,72,72,72,78,62,62,66,56,56,63,76,33,59,59,27,27,0,0],"gold":37,"neow_bonus":"THREE_ENEMY_KILL","is_daily":false,"chose_seed":false,"campfire_upgraded":2,"win_rate":0.0,"timestamp":1611703446,"path_taken":["M","$","?","?","$","R","E","?","T","M","?","?","M","M","R","BOSS","M","?","?","?","$","E"],"items_purchased_type":["Relic","Relic","Card"],"build_version":"2020-12-22","purchased_purges":1,"victory":false,"max_hp_per_floor":[80,80,80,80,80,80,80,80,80,80,80,80,80,80,80,80,80,80,80,80,80,80,80,80],"card_choices":[{"not_picked":["Headbutt","Heavy Blade","Anger"],"picked":"SKIP","floor":1},{"not_picked":["Perfected Strike","Wild Strike","Pummel"],"picked":"SKIP","floor":7},{"not_picked":["Disarm","Evolve"],"picked":"Ghostly Armor","floor":10},{"not_picked":["Clash","Havoc"],"picked":"Demon Form","floor":13},{"not_picked":["Combust","Headbutt"],"picked":"Rampage","floor":14},{"not_picked":["Corruption","Double Tap"],"picked":"Demon Form","floor":16},{"not_picked":["Armaments","Pommel Strike+1","Twin Strike+1"],"picked":"SKIP","floor":18},{"not_picked":["Havoc","Twin Strike","Power Through+1"],"picked":"SKIP","floor":21}],"player_experience":167985,"relics_obtained":[{"floor":7,"key":"Potion Belt"},{"floor":9,"key":"Pantograph"}],"event_choices":[{"damage_healed":0,"gold_gain":0,"player_choice":"Success","damage_taken":12,"relics_obtained":["Oddly Smooth Stone"],"max_hp_gain":0,"max_hp_loss":0,"event_name":"Scrap Ooze","floor":3,"gold_loss":0},{"damage_healed":0,"gold_gain":0,"player_choice":"Leave","damage_taken":0,"max_hp_gain":0,"max_hp_loss":0,"event_name":"The Cleric","floor":4,"gold_loss":0},{"damage_healed":0,"gold_gain":0,"player_choice":"Entered Light","damage_taken":16,"max_hp_gain":0,"max_hp_loss":0,"event_name":"Shining Light","floor":11,"gold_loss":0,"cards_upgraded":["Defend_R","Strike_R"]},{"damage_healed":0,"gold_gain":0,"player_choice":"Box","damage_taken":0,"relics_obtained":["Ancient Tea Set"],"max_hp_gain":0,"max_hp_loss":0,"event_name":"Big Fish","floor":12,"gold_loss":0,"cards_obtained":["Regret"]},{"damage_healed":26,"gold_gain":0,"player_choice":"Heal","damage_taken":0,"max_hp_gain":0,"max_hp_loss":0,"event_name":"The Library","floor":19,"gold_loss":0},{"damage_healed":0,"gold_gain":0,"cards_transformed":["Strike_R"],"player_choice":"Transformed","damage_taken":0,"max_hp_gain":0,"max_hp_loss":0,"event_name":"Transmorgrifier","floor":20,"gold_loss":0,"cards_obtained":["Flex"]}],"is_beta":false,"boss_relics":[{"not_picked":["Mark of Pain","Black Star"],"picked":"Black Blood"}],"items_purged_floors":[22],"is_endless":false,"potions_floor_spawned":[13,16],"killed_by":"Slavers","ascension_level":6}}