{"host":"aqym1xxr3lb31d9m","time":1611667703,"event":{"mods":["BaseMod","Block Reminder","Colored Map","Colored Powertips","DeckTracker","Highlight Path","Minty Spire (QoL Compilation)","Quick Restart","Random Character Button","StSLib","SuperFastMode","UnlockEverythingMod"],"gold_per_floor":[218,493,510,11,23,57,57,71,95,95,107,136,136,156,156,227,227,240,290,290,126,144,144,176,176,226,237,237,70,98,23,23,100,100,119,132,132,143,143,174,174,193,193,193,193,218,243,255,255,255,255,255,255,6,33,33],"floor_reached":57,"language":"JPN","playtime":7379,"items_purged":["Regret","Scrape"],"score":2741,"play_id":"d2681406-cfd5-4bb5-8ca7-84af7adfe4cd","local_time":"20210126222823","is_ascension_mode":true,"campfire_choices":[{"data":"Zap","floor":7.0,"key":"SMITH"},{"floor":10.0,"key":"REST"},{"data":"Hologram","floor":13.0,"key":"SMITH"},{"floor":15.0,"key":"REST"},{"floor":23,"key":"REST"},{"data":"Chaos","floor":25,"key":"SMITH"},{"data":"Seek","floor":32,"key":"SMITH"},{"floor":41,"key":"REST"},{"floor":44,"key":"RECALL"},{"data":"Coolheaded","floor":49,"key":"SMITH"},{"data":"Coolheaded","floor":53,"key":"SMITH"}],"circlet_count":0,"master_deck":["AscendersBane","Defend_B","Defend_B","Defend_B","Defend_B","Zap+1","Dualcast","Coolheaded+1","Sweeping Beam","Turbo","Hologram+1","Undo","Chaos+1","Loop","Glacier","Rebound","Seek+1","Sweeping Beam","Lockon","Coolheaded+1","Cold Snap+1","Biased Cognition+1","Steam+1","Creative AI+1","Electrodynamics+1","Heatsinks+1","Coolheaded+1","PanicButton","Tempest+1","Capacitor+1","Hologram+1","Echo Form+1"],"relics":["Cracked Core","Bird Faced Urn","Bronze Scales","Centennial Puzzle","Dream Catcher","Velvet Choker","Nilry\u0027s Codex","Happy Flower","Bag of Preparation","Frozen Egg 2","OrangePellets","Singing Bowl","Astrolabe","InkBottle","PreservedInsect","Turnip","TungstenRod","Anchor"],"acts_visited":["Exordium","TheCity","TheBeyond","TheEnding"],"potions_floor_usage":[24,30,30,56,56],"damage_taken":[{"damage":1.0,"enemies":"Cultist","floor":1.0,"turns":3.0},{"damage":9.0,"enemies":"Jaw Worm","floor":3.0,"turns":3.0},{"damage":5.0,"enemies":"2 Louse","floor":5.0,"turns":3.0},{"damage":32.0,"enemies":"Gremlin Nob","floor":6.0,"turns":4.0},{"damage":5.0,"enemies":"Exordium Wildlife","floor":8.0,"turns":3.0},{"damage":4.0,"enemies":"Looter","floor":11.0,"turns":3.0},{"damage":10.0,"enemies":"3 Sentries","floor":12.0,"turns":6.0},{"damage":9.0,"enemies":"3 Louse","floor":14.0,"turns":2.0},{"damage":21.0,"enemies":"The Guardian","floor":16.0,"turns":15.0},{"damage":11.0,"enemies":"3 Byrds","floor":18.0,"turns":3.0},{"damage":8,"enemies":"Shell Parasite","floor":22,"turns":12},{"damage":13,"enemies":"Book of Stabbing","floor":24,"turns":5},{"damage":12,"enemies":"Shelled Parasite and Fungi","floor":27,"turns":17},{"damage":46,"enemies":"Slavers","floor":30,"turns":31},{"damage":53,"enemies":"Automaton","floor":33,"turns":9},{"damage":7,"enemies":"3 Shapes","floor":35,"turns":3},{"damage":0,"enemies":"Orb Walker","floor":36,"turns":5},{"damage":33,"enemies":"Transient","floor":38,"turns":6},{"damage":64,"enemies":"Reptomancer","floor":40,"turns":9},{"damage":3,"enemies":"Writhing Mass","floor":42,"turns":9},{"damage":0,"enemies":"Mind Bloom Boss Battle","floor":46,"turns":7},{"damage":0,"enemies":"Giant Head","floor":47,"turns":12},{"damage":19,"enemies":"3 Darklings","floor":48,"turns":14},{"damage":15,"enemies":"Time Eater","floor":50,"turns":16},{"damage":30,"enemies":"Awakened One","floor":51,"turns":54},{"damage":70,"enemies":"Shield and Spear","floor":55,"turns":7},{"damage":38,"enemies":"The Heart","floor":56,"turns":12}],"seed_played":"-3011805294003856454","potions_obtained":[{"floor":3.0,"key":"LiquidMemories"},{"floor":8.0,"key":"Swift Potion"},{"floor":11.0,"key":"FocusPotion"},{"floor":18.0,"key":"Weak Potion"},{"floor":24,"key":"FearPotion"},{"floor":35,"key":"SpeedPotion"},{"floor":47,"key":"PotionOfCapacity"}],"is_trial":false,"path_per_floor":["M","?","M","$","M","E","R","M","T","R","M","E","R","M","R","B",null,"M","?","?","$","M","R","E","R","T","M","T","$","E","?","R","B",null,"M","M","?","M","$","E","R","M","T","R","?","?","E","M","R","B","B",null,"R","$","E","B",null],"character_chosen":"DEFECT","items_purchased":["Bird Faced Urn","PowerPotion","Scrape","Happy Flower","OrangePellets","Echo Form+1"],"campfire_rested":4,"item_purchase_floors":[4,4,4,21,29,54],"current_hp_per_floor":[63,63,54,54,49,19,19,14,14,35,31,21,21,14,35,16,57,48,48,27,27,43,64,53,53,53,63,63,63,71,71,71,30,61,62,71,65,54,54,16,38,65,65,65,65,79,81,83,83,83,83,83,83,83,31,25],"gold":33,"neow_bonus":"HUNDRED_GOLD","is_daily":false,"chose_seed":false,"campfire_upgraded":6,"win_rate":0.0,"timestamp":1611667703,"path_taken":["M","?","M","$","M","E","R","M","T","R","?","E","R","M","R","BOSS","M","?","?","$","M","R","E","R","T","M","?","?","E","?","R","BOSS","M","M","?","M","$","E","R","M","T","R","?","?","E","M","R","BOSS","BOSS","R","$","E","BOSS"],"items_purchased_type":["Relic","Potion","Card","Relic","Relic","Card"],"build_version":"2020-12-22","purchased_purges":2,"victory":true,"max_hp_per_floor":[71,71,71,71,71,71,71,71,71,71,71,71,71,71,71,71,71,71,71,71,71,71,71,71,71,71,71,71,71,71,71,71,71,71,71,71,75,75,75,75,75,77,77,77,77,79,81,83,83,83,83,83,83,83,85,85],"card_choices":[{"not_picked":["Leap","Skim"],"picked":"Coolheaded","floor":1.0},{"not_picked":["Steam","Darkness"],"picked":"Sweeping Beam","floor":3.0},{"not_picked":["Leap","Turbo","Heatsinks"],"picked":"SKIP","floor":5.0},{"not_picked":["Leap","Heatsinks"],"picked":"Turbo","floor":5.0},{"not_picked":["Streamline","Leap"],"picked":"Hologram","floor":6.0},{"not_picked":["Gash","Redo"],"picked":"Undo","floor":8.0},{"not_picked":["Storm","Compile Driver"],"picked":"Chaos","floor":11.0},{"not_picked":["Redo","Coolheaded"],"picked":"Loop","floor":12.0},{"not_picked":["Cold Snap","Leap"],"picked":"Glacier","floor":14.0},{"not_picked":["Recycle","Multi-Cast"],"picked":"Rebound","floor":15.0},{"not_picked":["Thunder Strike","All For One"],"picked":"Seek","floor":16.0},{"not_picked":["Streamline","Leap","Sweeping Beam"],"picked":"SKIP","floor":18.0},{"not_picked":["Coolheaded","Tempest"],"picked":"Sweeping Beam","floor":22},{"not_picked":["Turbo","Beam Cell"],"picked":"Lockon","floor":23},{"not_picked":["Genetic Algorithm","Skim"],"picked":"Coolheaded","floor":24},{"not_picked":["Stack+1","Reprogram"],"picked":"Doom and Gloom","floor":27},{"not_picked":["Redo+1","Turbo"],"picked":"Cold Snap+1","floor":30},{"not_picked":["Echo Form+1","Reboot"],"picked":"Biased Cognition+1","floor":33},{"not_picked":["Beam Cell","Turbo+1"],"picked":"Heatsinks+1","floor":35},{"not_picked":["Fusion","Barrage+1"],"picked":"Coolheaded+1","floor":36},{"not_picked":["Trip","Purity","Metamorphosis"],"picked":"Singing Bowl","floor":37},{"not_picked":["Mind Blast","HandOfGreed"],"picked":"PanicButton","floor":37},{"not_picked":["Flash of Steel","Blind","Secret Weapon"],"picked":"Singing Bowl","floor":37},{"not_picked":["Aggregate","Go for the Eyes"],"picked":"Tempest+1","floor":38},{"not_picked":["Genetic Algorithm+1","Chaos"],"picked":"Capacitor+1","floor":40},{"not_picked":["Sweeping Beam","Compile Driver"],"picked":"Hologram+1","floor":41},{"not_picked":["BootSequence","Hello World+1","Barrage"],"picked":"Singing Bowl","floor":42},{"not_picked":["Coolheaded","White Noise","Steam"],"picked":"Singing Bowl","floor":46},{"not_picked":["Steam Power+1","Rip and Tear","Reprogram"],"picked":"Singing Bowl","floor":47},{"not_picked":["Gash","Recycle","Genetic Algorithm"],"picked":"Singing Bowl","floor":48},{"not_picked":["Self Repair+1","Turbo","Electrodynamics+1"],"picked":"Singing Bowl","floor":55}],"player_experience":4068156,"relics_obtained":[{"floor":6.0,"key":"Bronze Scales"},{"floor":9.0,"key":"Centennial Puzzle"},{"floor":12.0,"key":"Dream Catcher"},{"floor":20.0,"key":"Nilry\u0027s Codex"},{"floor":24,"key":"Bag of Preparation"},{"floor":28,"key":"Frozen Egg 2"},{"floor":30,"key":"Singing Bowl"},{"floor":40,"key":"InkBottle"},{"floor":43,"key":"PreservedInsect"},{"floor":46,"key":"Turnip"},{"floor":47,"key":"TungstenRod"},{"floor":55,"key":"Anchor"}],"event_choices":[{"damage_healed":0.0,"max_hp_gain":0.0,"max_hp_loss":0.0,"gold_gain":275.0,"event_name":"Golden Shrine","player_choice":"Desecrate","floor":2.0,"gold_loss":0.0,"damage_taken":0.0,"cards_obtained":["Regret"]},{"damage_healed":0.0,"max_hp_gain":0.0,"max_hp_loss":0.0,"gold_gain":50.0,"event_name":"Nest","player_choice":"Stole From Cult","floor":19.0,"gold_loss":0.0,"damage_taken":0.0},{"damage_healed":0.0,"max_hp_gain":0.0,"max_hp_loss":0.0,"gold_gain":0.0,"event_name":"Cursed Tome","player_choice":"Obtained Book","floor":20.0,"gold_loss":0.0,"damage_taken":21.0},{"cards_removed":["Strike_B"],"damage_healed":0,"gold_gain":0,"player_choice":"Gave Gold","damage_taken":0,"max_hp_gain":0,"max_hp_loss":0,"event_name":"Beggar","floor":31,"gold_loss":75},{"damage_healed":0,"gold_gain":0,"player_choice":"Memory 3","damage_taken":10,"max_hp_gain":0,"max_hp_loss":0,"event_name":"SensoryStone","floor":37,"gold_loss":0},{"cards_removed":["Doom and Gloom"],"damage_healed":0,"gold_gain":0,"player_choice":"Removed Attack","damage_taken":0,"max_hp_gain":0,"max_hp_loss":0,"event_name":"Falling","floor":45,"gold_loss":0},{"damage_healed":0,"gold_gain":0,"player_choice":"Fight","damage_taken":0,"max_hp_gain":0,"max_hp_loss":0,"event_name":"MindBloom","floor":46,"gold_loss":0}],"is_beta":false,"boss_relics":[{"not_picked":["SlaversCollar","FrozenCore"],"picked":"Velvet Choker"},{"not_picked":["Sozu","Runic Pyramid"],"picked":"Astrolabe"}],"items_purged_floors":[4,54],"is_endless":false,"potions_floor_spawned":[3,8,11,18,24,35,47,48],"ascension_level":20}}