{"host":"srk2drlvga69hbot","time":1611644061,"event":{"mods":["BaseMod","Bestiary","Block Reminder","Colored Map","Colored Powertips","Dark Map","DeckTracker","Downfall","Highlight Path","Minty Spire (QoL Compilation)","Quick Restart","Rare Cards Sparkle","Relic Stats","StSLib","SuperFastMode","Unceasing Turn Reminder"],"gold_per_floor":[110,185,185,285,297,297,297],"floor_reached":6,"language":"ZHS","playtime":194,"items_purged":[],"score":54,"play_id":"251f2bea-f0ed-4eaa-8fd5-8ec904c45516","local_time":"20210126145421","is_ascension_mode":true,"campfire_choices":[],"circlet_count":0,"master_deck":["AscendersBane","Strike_R","Strike_R","Strike_R","Strike_R","Strike_R","Defend_R","Defend_R","Defend_R","Defend_R","Bash","Apotheosis","Regret","Reckless Charge"],"relics":["Burning Blood","Sundial"],"acts_visited":["Exordium"],"potions_floor_usage":[],"damage_taken":[{"damage":3,"enemies":"2 Louse","floor":1,"turns":5},{"damage":13,"enemies":"Jaw Worm","floor":5,"turns":5},{"damage":37,"enemies":"Gremlin Nob","floor":6,"turns":3}],"seed_played":"-580242905174973657","potions_obtained":[{"floor":1,"key":"Dexterity Potion"}],"is_trial":false,"path_per_floor":["M","?","?","?","M","E"],"character_chosen":"IRONCLAD","items_purchased":[],"campfire_rested":0,"item_purchase_floors":[],"current_hp_per_floor":[54,43,43,43,36,0,0],"gold":297,"neow_bonus":"RANDOM_COLORLESS_2","is_daily":false,"chose_seed":false,"campfire_upgraded":0,"win_rate":0.0,"timestamp":1611644061,"path_taken":["M","?","?","?","?","E"],"items_purchased_type":[],"build_version":"2020-12-22","purchased_purges":0,"victory":false,"max_hp_per_floor":[80,80,80,80,80,80,80],"relic_stats":{"counters":[3,13],"Sundial":[0],"obtain_stats":[{"Sundial":3,"Burning Blood":0},{"Sundial":1,"Burning Blood":0},{"Sundial":5,"Burning Blood":0}],"Burning Blood":12},"card_choices":[{"not_picked":["Secret Technique","Panache"],"picked":"Apotheosis","floor":0},{"not_picked":["Cleave","Sword Boomerang","Infernal Blade"],"picked":"SKIP","floor":1},{"not_picked":["Bloodletting","Anger"],"picked":"Reckless Charge","floor":5}],"player_experience":285314,"relics_obtained":[],"event_choices":[{"damage_healed":0,"gold_gain":75,"player_choice":"Gather Gold","damage_taken":11,"max_hp_gain":0,"max_hp_loss":0,"event_name":"World of Goop","floor":2,"gold_loss":0},{"damage_healed":0,"gold_gain":0,"player_choice":"Box","damage_taken":0,"relics_obtained":["Sundial"],"max_hp_gain":0,"max_hp_loss":0,"event_name":"Big Fish","floor":3,"gold_loss":0,"cards_obtained":["Regret"]},{"damage_healed":0,"gold_gain":100,"player_choice":"Gold","damage_taken":0,"max_hp_gain":0,"max_hp_loss":0,"event_name":"Wheel of Change","floor":4,"gold_loss":0}],"is_beta":false,"boss_relics":[],"items_purged_floors":[],"is_endless":false,"potions_floor_spawned":[1],"killed_by":"Gremlin Nob","ascension_level":12}}