{"host":"h4qgcirtxz6qax9j","time":1611680350,"event":{"mods":["2.2 Compatiblity","AchievementEnabler","BaseMod","Colored Powertips","Custom Start","Hermit","Marisa£¨Ùöéë¡¡Øª×âÞÞ£©","Minty Spire (QoL Compilation)","Replay The Spire","StSLib","SuperFastMode","The Servant 0.9.4"],"gold_per_floor":[217,231,231,245,255,255,287,287,359,359,375,121,121,131,131,232,232,249,109,124,124,124],"floor_reached":21,"language":"KOR","playtime":645,"items_purged":[],"score":181,"play_id":"e3a7a866-8807-406f-9e4e-b9868e3c21b9","local_time":"20210127015910","is_ascension_mode":false,"campfire_choices":[{"data":"UpSweep","floor":6,"key":"SMITH"},{"floor":8,"key":"REST"},{"floor":10,"key":"REST"},{"floor":13,"key":"REST"},{"data":"GrandCross","floor":15,"key":"SMITH"}],"circlet_count":0,"master_deck":["Strike_MRS","Strike_MRS","Strike_MRS","Strike_MRS","Defend_MRS","Defend_MRS","Defend_MRS","Defend_MRS","MasterSpark","UpSweep+1","GalacticHalo","Pot Of Greed","GrandCross+1","Pot Of Greed","MaximisePower","BigCrunch","GrandCross"],"relics":["MiniHakkero","Replay:Wanted Poster","ReplayTheSpireMod:DimensionalGlitch","Counterbalance","Grinning Jar","Garlic","Pantograph","SacredBark"],"acts_visited":["Exordium","TheCity"],"potions_floor_usage":[16],"damage_taken":[{"damage":14,"enemies":"Jaw Worm","floor":1,"turns":4},{"damage":0,"enemies":"Cultist","floor":2,"turns":4},{"damage":0,"enemies":"2 Louse","floor":4,"turns":2},{"damage":3,"enemies":"2 Fungi Beasts","floor":5,"turns":3},{"damage":46,"enemies":"Lagavulin","floor":7,"turns":8},{"damage":4,"enemies":"Exordium Thugs","floor":11,"turns":4},{"damage":9,"enemies":"Lots of Slimes","floor":14,"turns":4},{"damage":62,"enemies":"Hexaghost","floor":16,"turns":12},{"damage":30,"enemies":"Spheric Guardian","floor":18,"turns":4},{"damage":23,"enemies":"Shell Parasite","floor":20,"turns":6},{"damage":25,"enemies":"Snecko","floor":21,"turns":3}],"seed_played":"3189496547684102135","potions_obtained":[{"floor":1,"key":"Regen Potion"},{"floor":2,"key":"Adrenaline Potion"},{"floor":11,"key":"Reflective Coating"},{"floor":14,"key":"BottledSpark"},{"floor":20,"key":"Explosive Potion"}],"is_trial":false,"path_per_floor":["M","M","?","M","M","R","E","R","T","R","M","$","R","M","R","B",null,"M","$","M","M"],"character_chosen":"MARISA","items_purchased":["Pantograph","BigCrunch"],"campfire_rested":3,"item_purchase_floors":[12,19],"current_hp_per_floor":[61,61,61,61,58,58,12,34,34,56,52,52,74,65,65,13,75,45,45,22,0,0],"gold":124,"neow_bonus":"DOUBLE_BOSS_RELIC","is_daily":false,"chose_seed":false,"campfire_upgraded":2,"win_rate":0.0,"timestamp":1611680350,"path_taken":["M","M","?","M","?","R","E","R","T","R","M","$","R","M","R","BOSS","M","$","M","M"],"items_purchased_type":["Relic","Card"],"build_version":"2020-12-22","purchased_purges":0,"victory":false,"max_hp_per_floor":[75,75,75,75,75,75,75,75,75,75,75,75,75,75,75,75,75,75,75,75,75,75],"card_choices":[{"not_picked":["FairyDestructionRay","AsteroidBelt"],"picked":"GalacticHalo","floor":1},{"not_picked":["IllusionStar","ShootingEcho","Robbery"],"picked":"SKIP","floor":2},{"not_picked":["ShootingEcho","PropBag","Singularity"],"picked":"SKIP","floor":4},{"not_picked":["6A","AlicesGift","Robbery"],"picked":"SKIP","floor":5},{"not_picked":["SprinkleStarSeal","ShootTheMoon","SporeBomb"],"picked":"SKIP","floor":7},{"not_picked":["6A","DC"],"picked":"GrandCross","floor":11},{"not_picked":["UnstableBomb","BigCrunch","AsteroidBelt"],"picked":"SKIP","floor":14},{"not_picked":["CasketOfStar","TreasureHunter"],"picked":"MaximisePower","floor":16},{"not_picked":["SprinkleStarSeal+1","WitchLeyline","OneTimeOff"],"picked":"SKIP","floor":18},{"not_picked":["ChargingUp","WitchLeyline"],"picked":"GrandCross","floor":20}],"player_experience":107997,"relics_obtained":[{"floor":7,"key":"Grinning Jar"},{"floor":9,"key":"Garlic"}],"event_choices":[{"damage_healed":0,"gold_gain":0,"player_choice":"Gave Potion","damage_taken":0,"relics_obtained":["Counterbalance"],"max_hp_gain":0,"max_hp_loss":0,"event_name":"WeMeetAgain","floor":3,"gold_loss":0}],"is_beta":false,"boss_relics":[{"not_picked":["Cursed Key","Ectoplasm"],"picked":"SacredBark"}],"items_purged_floors":[],"is_endless":false,"potions_floor_spawned":[1,2,11,14,20],"killed_by":"Snecko","ascension_level":0}}