{"host":"FirstDane","time":1611627688,"event":{"mods":["BaseMod","Bestiary","Highlight Path","Minty Spire (QoL Compilation)","Relic Stats","Slay the Relics Exporter"],"gold_per_floor":[111,123,138,156,231,231,261,261,261,271,305,322,332,357,357,436,436,453,368,11,11,21,49,49,83,83,114,129,147,173,185,185,256,256,276,102,113,130,141,175,200,216,216,216,249,249,249,549,549,549,549,549,549,103,133,133],"floor_reached":57,"language":"ENG","playtime":6960,"items_purged":["Strike_G","Strike_G","Strike_G"],"score":3063,"play_id":"00101fce-3802-4b89-a394-e990f8a01f9a","local_time":"20210125202128","is_ascension_mode":true,"campfire_choices":[{"data":"Skewer","floor":6,"key":"SMITH"},{"floor":8,"key":"REST"},{"data":"Deadly Poison","floor":15,"key":"SMITH"},{"data":"Malaise","floor":24,"key":"SMITH"},{"data":"Bouncing Flask","floor":32,"key":"SMITH"},{"data":"Catalyst","floor":44,"key":"SMITH"},{"floor":47,"key":"RECALL"},{"data":"Footwork","floor":49,"key":"SMITH"},{"data":"Leg Sweep","floor":53,"key":"SMITH"}],"circlet_count":0,"master_deck":["AscendersBane","Defend_G","Defend_G","Defend_G","Defend_G","Defend_G","Survivor","Neutralize","Finesse","Skewer+1","Flechettes","Backstab","Sucker Punch","Deadly Poison+1","PiercingWail","Leg Sweep+1","Malaise+1","Leg Sweep","Die Die Die","Dash","Dagger Spray","Noxious Fumes","Deadly Poison+1","Bouncing Flask+1","Acrobatics","Corpse Explosion","Dodge and Roll+1","Footwork+1","Footwork+1","Catalyst+1","Backflip"],"relics":["Ring of the Snake","Akabeko","PreservedInsect","White Beast Statue","Mercury Hourglass","Coffee Dripper","Matryoshka","Eternal Feather","Orichalcum","Ninja Scroll","Paper Crane","Blood Vial","Potion Belt","Bag of Preparation","Runic Pyramid","Mummified Hand","Gambling Chip","Letter Opener","Snake Skull","InkBottle","Happy Flower"],"acts_visited":["Exordium","TheCity","TheBeyond","TheEnding"],"potions_floor_usage":[7,13,14,16,22,23,25,27,33,33,40,41,45,55,56,56,56],"damage_taken":[{"damage":9,"enemies":"Jaw Worm","floor":1,"turns":7},{"damage":7,"enemies":"Small Slimes","floor":2,"turns":5},{"damage":0,"enemies":"Cultist","floor":3,"turns":3},{"damage":4,"enemies":"Blue Slaver","floor":4,"turns":4},{"damage":14,"enemies":"Lagavulin","floor":7,"turns":7},{"damage":7,"enemies":"3 Louse","floor":10,"turns":3},{"damage":0,"enemies":"Gremlin Nob","floor":11,"turns":2},{"damage":0,"enemies":"2 Fungi Beasts","floor":12,"turns":2},{"damage":3,"enemies":"Exordium Thugs","floor":13,"turns":3},{"damage":3,"enemies":"3 Sentries","floor":14,"turns":6},{"damage":11,"enemies":"The Guardian","floor":16,"turns":12},{"damage":0,"enemies":"Chosen","floor":18,"turns":2},{"damage":0,"enemies":"3 Byrds","floor":22,"turns":2},{"damage":13,"enemies":"Slavers","floor":23,"turns":3},{"damage":22,"enemies":"Gremlin Leader","floor":25,"turns":4},{"damage":0,"enemies":"Book of Stabbing","floor":27,"turns":5},{"damage":0,"enemies":"3 Cultists","floor":28,"turns":5},{"damage":0,"enemies":"Sentry and Sphere","floor":29,"turns":5},{"damage":0,"enemies":"Snake Plant","floor":31,"turns":1},{"damage":26,"enemies":"Automaton","floor":33,"turns":8},{"damage":0,"enemies":"Orb Walker","floor":35,"turns":3},{"damage":0,"enemies":"3 Shapes","floor":37,"turns":5},{"damage":8,"enemies":"Jaw Worm Horde","floor":38,"turns":4},{"damage":2,"enemies":"Writhing Mass","floor":39,"turns":8},{"damage":0,"enemies":"Reptomancer","floor":40,"turns":5},{"damage":0,"enemies":"Mind Bloom Boss Battle","floor":41,"turns":5},{"damage":0,"enemies":"Sphere and 2 Shapes","floor":42,"turns":4},{"damage":0,"enemies":"Nemesis","floor":45,"turns":3},{"damage":0,"enemies":"Awakened One","floor":50,"turns":17},{"damage":5,"enemies":"Time Eater","floor":51,"turns":8},{"damage":8,"enemies":"Shield and Spear","floor":55,"turns":4},{"damage":30,"enemies":"The Heart","floor":56,"turns":6}],"seed_played":"-9017780540651895891","potions_obtained":[{"floor":4,"key":"PowerPotion"},{"floor":11,"key":"FearPotion"},{"floor":12,"key":"Swift Potion"},{"floor":13,"key":"Explosive Potion"},{"floor":14,"key":"EssenceOfSteel"},{"floor":16,"key":"CunningPotion"},{"floor":18,"key":"LiquidMemories"},{"floor":22,"key":"FairyPotion"},{"floor":23,"key":"SkillPotion"},{"floor":25,"key":"AttackPotion"},{"floor":27,"key":"Strength Potion"},{"floor":28,"key":"SmokeBomb"},{"floor":29,"key":"LiquidBronze"},{"floor":31,"key":"CultistPotion"},{"floor":33,"key":"GamblersBrew"},{"floor":35,"key":"Weak Potion"},{"floor":37,"key":"DistilledChaos"},{"floor":38,"key":"SkillPotion"},{"floor":39,"key":"GamblersBrew"},{"floor":40,"key":"Weak Potion"},{"floor":41,"key":"Dexterity Potion"},{"floor":45,"key":"DuplicationPotion"},{"floor":55,"key":"SkillPotion"}],"is_trial":false,"path_per_floor":["M","M","M","M","?","R","E","R","T","M","E","M","M","E","R","B",null,"M","?","$","?","M","E","R","E","T","E","M","M","T","M","R","B",null,"M","$","M","M","M","E","?","M","T","R","E","?","R","?","R","B","B",null,"R","$","E","B",null],"character_chosen":"THE_SILENT","items_purchased":["Eternal Feather","Footwork","InkBottle","Backflip"],"campfire_rested":1,"item_purchase_floors":[20,36,54,54],"current_hp_per_floor":[50,43,43,39,28,28,14,33,33,26,26,26,23,20,20,9,52,52,52,52,52,52,39,51,29,29,31,33,35,35,37,52,28,57,59,59,61,55,55,57,59,61,61,66,66,63,63,63,63,63,58,62,63,63,55,27],"gold":133,"neow_bonus":"RANDOM_COLORLESS","is_daily":false,"chose_seed":false,"campfire_upgraded":7,"win_rate":0.0,"timestamp":1611627688,"path_taken":["M","M","M","M","?","R","E","R","T","M","E","M","M","E","R","BOSS","M","?","$","?","M","E","R","E","T","E","M","?","?","M","R","BOSS","M","$","M","M","M","E","?","M","T","R","E","?","R","?","R","BOSS","BOSS","R","$","E","BOSS"],"items_purchased_type":["Relic","Card","Relic","Card"],"build_version":"2020-12-18","purchased_purges":3,"victory":true,"max_hp_per_floor":[66,66,66,66,66,66,66,66,66,66,66,66,66,66,66,66,66,66,66,66,66,66,66,66,66,66,66,66,66,66,66,66,66,66,66,66,66,66,66,66,66,66,66,66,66,63,63,63,63,63,63,63,63,63,63,63],"relic_stats":{"Happy Flower":[2],"counters":[32,160],"Eternal Feather":33,"PreservedInsect":392,"Snake Skull":[60],"Bag of Preparation":[0],"Letter Opener":[81],"Orichalcum":[96],"Mercury Hourglass":[450],"Blood Vial":26,"Mummified Hand":[22],"Gambling Chip":[17],"obtain_stats":[{"Potion Belt":27,"Happy Flower":55,"Eternal Feather":20,"PreservedInsect":9,"Snake Skull":45,"Bag of Preparation":30,"Letter Opener":43,"Orichalcum":23,"Paper Crane":26,"Akabeko":7,"White Beast Statue":11,"Mercury Hourglass":14,"Blood Vial":26,"Matryoshka":19,"Ninja Scroll":25,"Mummified Hand":40,"Gambling Chip":41,"Coffee Dripper":17,"InkBottle":54,"Ring of the Snake":0,"Runic Pyramid":34},{"Potion Belt":16,"Happy Flower":31,"Eternal Feather":12,"PreservedInsect":5,"Snake Skull":28,"Bag of Preparation":18,"Letter Opener":27,"Orichalcum":14,"Paper Crane":15,"Akabeko":5,"White Beast Statue":7,"Mercury Hourglass":10,"Blood Vial":15,"Matryoshka":12,"Ninja Scroll":15,"Mummified Hand":25,"Gambling Chip":26,"Coffee Dripper":11,"InkBottle":30,"Ring of the Snake":0,"Runic Pyramid":20},{"Potion Belt":70,"Happy Flower":154,"Eternal Feather":56,"PreservedInsect":26,"Snake Skull":125,"Bag of Preparation":79,"Letter Opener":122,"Orichalcum":61,"Paper Crane":65,"Akabeko":26,"White Beast Statue":31,"Mercury Hourglass":42,"Blood Vial":65,"Matryoshka":56,"Ninja Scroll":65,"Mummified Hand":113,"Gambling Chip":118,"Coffee Dripper":54,"InkBottle":150,"Ring of the Snake":0,"Runic Pyramid":88}],"InkBottle":[4],"Ring of the Snake":[64]},"card_choices":[{"not_picked":["Purity","Impatience"],"picked":"Finesse","floor":0},{"not_picked":["Blade Dance","Acrobatics"],"picked":"Skewer","floor":1},{"not_picked":["Concentrate","Backflip"],"picked":"Flechettes","floor":2},{"not_picked":["Eviscerate","Blur"],"picked":"Backstab","floor":3},{"not_picked":["Prepared","Cloak And Dagger"],"picked":"Sucker Punch","floor":4},{"not_picked":["Outmaneuver","Flying Knee"],"picked":"Deadly Poison","floor":7},{"not_picked":["Setup","Prepared"],"picked":"PiercingWail","floor":10},{"not_picked":["Poisoned Stab","Reflex"],"picked":"Leg Sweep","floor":11},{"not_picked":["Dodge and Roll","Calculated Gamble","Setup"],"picked":"SKIP","floor":12},{"not_picked":["Prepared","Slice"],"picked":"Malaise","floor":13},{"not_picked":["Cloak And Dagger","Prepared"],"picked":"Leg Sweep","floor":14},{"not_picked":["Unload","Glass Knife"],"picked":"Die Die Die","floor":16},{"not_picked":["Dodge and Roll","Slice","Underhanded Strike"],"picked":"SKIP","floor":18},{"not_picked":["Flying Knee","Deflect+1"],"picked":"Noxious Fumes","floor":22},{"not_picked":["Backstab","Leg Sweep","Distraction"],"picked":"SKIP","floor":23},{"not_picked":["Backstab","Leg Sweep","Distraction"],"picked":"SKIP","floor":23},{"not_picked":["Sucker Punch","Die Die Die","Blade Dance"],"picked":"SKIP","floor":25},{"not_picked":["Blade Dance","PiercingWail"],"picked":"Deadly Poison+1","floor":27},{"not_picked":["Flying Knee+1","Deadly Poison"],"picked":"Bouncing Flask","floor":28},{"not_picked":["Deflect","Masterful Stab"],"picked":"Acrobatics","floor":29},{"not_picked":["Distraction","Deflect+1","Caltrops"],"picked":"SKIP","floor":31},{"not_picked":["Glass Knife","Grand Finale"],"picked":"Corpse Explosion","floor":33},{"not_picked":["Cloak And Dagger","Deflect"],"picked":"Dodge and Roll+1","floor":35},{"not_picked":["Sucker Punch","Distraction","Dagger Throw"],"picked":"SKIP","floor":37},{"not_picked":["Dagger Throw","Blade Dance","Riddle With Holes+1"],"picked":"SKIP","floor":38},{"not_picked":["Reflex+1","Heel Hook","Outmaneuver"],"picked":"SKIP","floor":39},{"not_picked":["Deadly Poison","Flying Knee","Deflect"],"picked":"SKIP","floor":40},{"not_picked":["Slice","Cloak And Dagger"],"picked":"Footwork+1","floor":41},{"not_picked":["Sucker Punch","Tactician"],"picked":"Catalyst","floor":42},{"not_picked":["Bouncing Flask","Flying Knee","Crippling Poison"],"picked":"SKIP","floor":45},{"not_picked":["Reflex+1","Escape Plan","Corpse Explosion"],"picked":"SKIP","floor":55}],"player_experience":3978296,"relics_obtained":[{"floor":7,"key":"Akabeko"},{"floor":9,"key":"PreservedInsect"},{"floor":11,"key":"White Beast Statue"},{"floor":14,"key":"Mercury Hourglass"},{"floor":23,"key":"Orichalcum"},{"floor":25,"key":"Ninja Scroll"},{"floor":26,"key":"Paper Crane"},{"floor":26,"key":"Blood Vial"},{"floor":27,"key":"Potion Belt"},{"floor":30,"key":"Bag of Preparation"},{"floor":40,"key":"Mummified Hand"},{"floor":41,"key":"Gambling Chip"},{"floor":43,"key":"Letter Opener"},{"floor":45,"key":"Snake Skull"},{"floor":55,"key":"Happy Flower"}],"event_choices":[{"damage_healed":0,"gold_gain":75,"player_choice":"Gather Gold","damage_taken":11,"max_hp_gain":0,"max_hp_loss":0,"event_name":"World of Goop","floor":5,"gold_loss":0},{"damage_healed":0,"gold_gain":0,"player_choice":"Obtained Relic","damage_taken":0,"relics_obtained":["Matryoshka"],"max_hp_gain":0,"max_hp_loss":0,"event_name":"Addict","floor":19,"gold_loss":85},{"damage_healed":0,"gold_gain":0,"cards_transformed":["Strike_G","Strike_G"],"player_choice":"Became Test Subject","damage_taken":0,"max_hp_gain":0,"max_hp_loss":0,"event_name":"Drug Dealer","floor":21,"gold_loss":0,"cards_obtained":["Dash","Dagger Spray"]},{"damage_healed":0,"gold_gain":0,"player_choice":"Fight","damage_taken":0,"max_hp_gain":0,"max_hp_loss":0,"event_name":"MindBloom","floor":41,"gold_loss":0},{"damage_healed":0,"gold_gain":0,"player_choice":"Max HP","damage_taken":0,"max_hp_gain":0,"max_hp_loss":3,"event_name":"Winding Halls","floor":46,"gold_loss":0},{"damage_healed":0,"gold_gain":300,"player_choice":"Gold","damage_taken":0,"max_hp_gain":0,"max_hp_loss":0,"event_name":"Wheel of Change","floor":48,"gold_loss":0}],"is_beta":true,"boss_relics":[{"not_picked":["HoveringKite","Fusion Hammer"],"picked":"Coffee Dripper"},{"not_picked":["Snecko Eye","WristBlade"],"picked":"Runic Pyramid"}],"items_purged_floors":[20,36,54],"is_endless":false,"potions_floor_spawned":[4,11,12,13,14,16,18,22,23,25,27,28,29,31,33,35,37,38,39,40,41,42,45,55],"ascension_level":20}}