{"host":"kh6fvhxn285ncg0o","time":1611701921,"event":{"mods":["Act Like it!","BaseMod","Colored Map","Friendly Minions","Keyboard Shortcuts","Minty Spire (QoL Compilation)","Quick Restart","Relic Stats","StSLib","SuperFastMode","UnlockEverythingMod"],"gold_per_floor":[117,117,117,42,59,59,90,90,169,179,214,17,50,66,66,66,66],"floor_reached":16,"language":"KOR","playtime":212,"items_purged":["Strike_R","Strike_R"],"score":286,"play_id":"2b4bf47d-e177-4c2e-a4d8-cca19236b6eb","local_time":"20210127075841","is_ascension_mode":true,"campfire_choices":[{"data":"Spot Weakness","floor":6.0,"key":"SMITH"},{"data":"Flame Barrier","floor":8.0,"key":"SMITH"},{"data":"Limit Break","floor":15.0,"key":"SMITH"}],"circlet_count":0,"master_deck":["AscendersBane","Strike_R","Strike_R","Defend_R","Defend_R","Defend_R","Defend_R","Bash","Flame Barrier+1","Spot Weakness+1","Limit Break+1","Sword Boomerang","Finesse"],"relics":["Burning Blood","NeowsBlessing","Bottled Lightning","Question Card","Bag of Marbles","Mummified Hand"],"acts_visited":["Exordium"],"potions_floor_usage":[16],"damage_taken":[{"damage":0.0,"enemies":"Cultist","floor":1.0,"turns":1.0},{"damage":0.0,"enemies":"2 Louse","floor":5.0,"turns":1.0},{"damage":0.0,"enemies":"Gremlin Nob","floor":7.0,"turns":1.0},{"damage":7.0,"enemies":"Small Slimes","floor":10.0,"turns":5.0},{"damage":30.0,"enemies":"3 Sentries","floor":11.0,"turns":5.0},{"damage":32.0,"enemies":"Gremlin Nob","floor":13.0,"turns":4.0},{"damage":12.0,"enemies":"Red Slaver","floor":14.0,"turns":2.0},{"damage":18,"enemies":"Hexaghost","floor":16,"turns":8}],"seed_played":"2851564073798874756","potions_obtained":[{"floor":10.0,"key":"DuplicationPotion"},{"floor":14.0,"key":"Energy Potion"}],"is_trial":false,"path_per_floor":["M","$","?","$","M","R","E","R","T","M","E","$","E","M","R","B"],"character_chosen":"IRONCLAD","items_purchased":["Finesse"],"campfire_rested":0,"item_purchase_floors":[12],"current_hp_per_floor":[74,74,74,74,75,75,75,75,75,74,50,50,24,18,18,0,0],"gold":66,"neow_bonus":"THREE_ENEMY_KILL","is_daily":false,"chose_seed":false,"campfire_upgraded":3,"win_rate":0.0,"timestamp":1611701921,"path_taken":["M","?","?","$","M","R","E","R","T","?","E","$","E","M","R","BOSS"],"items_purchased_type":["Card"],"build_version":"2020-12-22","purchased_purges":2,"victory":false,"max_hp_per_floor":[75,75,75,75,75,75,75,75,75,75,75,75,75,75,75,75,75],"relic_stats":{"counters":[8,27],"Mummified Hand":[0],"Question Card":4,"obtain_stats":[{"NeowsBlessing":0,"Mummified Hand":13,"Bag of Marbles":11,"Bottled Lightning":7,"Question Card":9,"Burning Blood":0},{"NeowsBlessing":0,"Mummified Hand":6,"Bag of Marbles":5,"Bottled Lightning":3,"Question Card":3,"Burning Blood":0},{"NeowsBlessing":0,"Mummified Hand":17,"Bag of Marbles":13,"Bottled Lightning":3,"Question Card":3,"Burning Blood":0}],"Burning Blood":31},"card_choices":[{"not_picked":["Headbutt","Sword Boomerang"],"picked":"Flame Barrier","floor":1.0},{"not_picked":["Intimidate","Warcry"],"picked":"Spot Weakness","floor":5.0},{"not_picked":["Pommel Strike","Anger"],"picked":"Limit Break","floor":7.0},{"not_picked":["Heavy Blade","Twin Strike","Reckless Charge"],"picked":"Sword Boomerang","floor":10.0},{"not_picked":["Reckless Charge","Clash","Pommel Strike","Spot Weakness"],"picked":"SKIP","floor":11.0},{"not_picked":["Rampage","Warcry","Limit Break","Twin Strike"],"picked":"SKIP","floor":13.0},{"not_picked":["Pommel Strike","Clothesline","Rampage","Thunderclap"],"picked":"SKIP","floor":14.0}],"player_experience":1288145,"relics_obtained":[{"floor":7.0,"key":"Bottled Lightning"},{"floor":9.0,"key":"Question Card"},{"floor":11.0,"key":"Bag of Marbles"},{"floor":13.0,"key":"Mummified Hand"}],"event_choices":[{"cards_removed":["Strike_R"],"damage_healed":0.0,"max_hp_gain":0.0,"max_hp_loss":0.0,"gold_gain":0.0,"event_name":"Bonfire Elementals","player_choice":"Offered Basic","floor":3.0,"gold_loss":0.0,"damage_taken":0.0}],"is_beta":false,"boss_relics":[],"items_purged_floors":[4,12],"is_endless":false,"potions_floor_spawned":[10,14],"killed_by":"Hexaghost","ascension_level":20}}