{"host":"nnt34ungdh9fkcmy","time":1611626407,"event":{"mods":["BaseMod","Downfall","Minty Spire (QoL Compilation)","StSLib","SuperFastMode"],"gold_per_floor":[99,115,115,134,284,303,303,337,353,383,414,414,314,331,348,348,348,348],"floor_reached":16,"language":"ENG","playtime":666,"items_purged":[],"score":112,"play_id":"984d7abf-92d2-4f63-b2a5-5c03a093eb51","local_time":"20210125190007","is_ascension_mode":false,"campfire_choices":[{"data":"hexamod:Sear","floor":1,"key":"SMITH"},{"data":"hexamod:CatchUp","floor":13,"key":"SMITH"}],"circlet_count":0,"master_deck":["hexamod:Strike","hexamod:Strike","hexamod:Strike","hexamod:Strike","hexamod:Defend","hexamod:Defend","hexamod:Defend","hexamod:Defend","hexamod:Sear+1","hexamod:Float","hexamod:ThermalTransfer","hexamod:AdvancingGuard","hexamod:PhantomFireball","Clumsy","downfall:Haunted","hexamod:ChargedBarrage","hexamod:Firestarter","hexamod:InspiringFlames","hexamod:CatchUp+1","hexamod:EmpoweredFlame","hexamod:BurningTouch"],"relics":["SlaversCollar","downfall:ExtraCursedKey","hexamod:MatchstickCase","Pen Nib","Odd Mushroom","Ginger","downfall:HeartBlessingGreen"],"acts_visited":["Exordium"],"potions_floor_usage":[11,16,16],"damage_taken":[{"damage":0,"enemies":"Cultist","floor":2,"turns":3},{"damage":1,"enemies":"Jaw Worm","floor":4,"turns":3},{"damage":2,"enemies":"Small Slimes","floor":6,"turns":3},{"damage":28,"enemies":"Gremlin Nob","floor":8,"turns":5},{"damage":9,"enemies":"3 Louse","floor":9,"turns":4},{"damage":18,"enemies":"The Mushroom Lair","floor":10,"turns":4},{"damage":13,"enemies":"3 Sentries","floor":11,"turns":7},{"damage":10,"enemies":"Lots of Slimes","floor":14,"turns":4},{"damage":10,"enemies":"Large Slime","floor":15,"turns":5},{"damage":2,"enemies":"IC_STATUS_ARCHETYPE","floor":16,"turns":2}],"seed_played":"-3238726906179195826","potions_obtained":[{"floor":4,"key":"PowerPotion"},{"floor":6,"key":"FairyPotion"},{"floor":9,"key":"Guardian:BlockOnCardUsePotion"},{"floor":11,"key":"PowerPotion"}],"is_trial":false,"path_per_floor":["R","M","?","M","?","M","T","E","M","?","E","?","R","M","M","B"],"character_chosen":"THE_SPIRIT","items_purchased":[],"campfire_rested":0,"item_purchase_floors":[],"current_hp_per_floor":[70,70,70,69,69,67,67,39,30,12,21,21,21,11,1,0,0,0],"gold":348,"neow_bonus":"BOSS_RELIC","is_daily":false,"chose_seed":false,"campfire_upgraded":2,"win_rate":0.0,"timestamp":1611626407,"path_taken":["R","M","?","M","?","M","T","E","M","?","E","?","R","?","M","BOSS"],"items_purchased_type":[],"build_version":"2020-12-22","purchased_purges":0,"victory":false,"max_hp_per_floor":[70,70,70,70,70,70,70,70,70,70,70,70,70,70,70,70,70,70],"card_choices":[{"not_picked":["hexamod:GhostLash","hexamod:NightmareGuise"],"picked":"hexamod:ThermalTransfer","floor":2},{"not_picked":["hexamod:GhostShield","hexamod:BurningTouch"],"picked":"hexamod:AdvancingGuard","floor":4},{"not_picked":["hexamod:ShieldOfDarkness","hexamod:SpectralAdrenaline"],"picked":"hexamod:PhantomFireball","floor":6},{"not_picked":["hexamod:Incineration","hexamod:StepThrough"],"picked":"hexamod:ChargedBarrage","floor":8},{"not_picked":["hexamod:SpectersWail","hexamod:ChargedBarrage"],"picked":"hexamod:Firestarter","floor":9},{"not_picked":["hexamod:GhostLash","hexamod:ThermalTransfer"],"picked":"hexamod:InspiringFlames","floor":10},{"not_picked":["hexamod:Firestarter","hexamod:SecondSeal"],"picked":"hexamod:CatchUp","floor":11},{"not_picked":["hexamod:SoulSteal","hexamod:WildfireWeapon"],"picked":"hexamod:EmpoweredFlame","floor":14},{"not_picked":["hexamod:Incineration","hexamod:Firestarter"],"picked":"hexamod:BurningTouch","floor":15}],"player_experience":264097,"relics_obtained":[{"floor":7,"key":"hexamod:MatchstickCase"},{"floor":8,"key":"Pen Nib"},{"floor":10,"key":"Odd Mushroom"},{"floor":11,"key":"Ginger"}],"event_choices":[{"damage_healed":0,"gold_gain":0,"player_choice":"Fought Mushrooms","damage_taken":0,"max_hp_gain":0,"max_hp_loss":0,"event_name":"Mushrooms","floor":10,"gold_loss":0},{"cards_removed":["downfall:Icky"],"damage_healed":0,"gold_gain":0,"player_choice":"Card Removal","damage_taken":0,"max_hp_gain":0,"max_hp_loss":0,"event_name":"Wheel of Change","floor":12,"gold_loss":0}],"is_beta":false,"boss_relics":[],"items_purged_floors":[],"is_endless":false,"potions_floor_spawned":[4,6,9,11],"killed_by":"IC_STATUS_ARCHETYPE","ascension_level":0}}