{"host":"5vely6jbi66u1z8q","time":1611698833,"event":{"mods":["2.2 Compatiblity","Act Like it!","Aspiration","BaseMod","Conspire","Defuse TimeMaze Blight","Downfall","Hermit","Hubris","Infinite Spire","Minty Spire (QoL Compilation)","Replay The Spire","Spicy Shops","StSLib","The Runesmith","The Servant 0.9.4"],"gold_per_floor":[117,117,117,127,140,140,179,193,267,296,313,347,274,348,348,446,446,463,478,493,493,493,526,526,555,555,118,150,150,183,198,198,300,300,314,314,314,314],"floor_reached":36,"language":"ENG","playtime":3515,"items_purged":["bronze:OilSpill"],"score":570,"play_id":"bd5c7860-8493-429f-bc3b-49f95d022d11","local_time":"20210126170713","daily_mods":["SealedDeck","DeadlyEvents","Elite Swarm"],"is_ascension_mode":false,"campfire_choices":[{"data":"bronze:BuggyMess","floor":6,"key":"SMITH"},{"floor":15,"key":"DIG"},{"floor":24,"key":"REST"},{"floor":29,"key":"REST"},{"floor":32,"key":"DIG"}],"circlet_count":0,"master_deck":["bronze:BugBarrage","bronze:ChildClass","bronze:MaxOutput","bronze:Allocate","bronze:CutThrough","bronze:DelayedSlice","bronze:ClassDefault","bronze:CutThrough","bronze:BuggyMess+1","bronze:ClassDefault","bronze:ItsAFeature","bronze:BugBarrage","bronze:GetLatest","bronze:HardenedForm","bronze:ClassDefault","bronze:BurnOut","bronze:InfiniteLoop","bronze:DelayedSlice+1","Runesmith:Permafrost","infinitespire:Oblivion","bronze:SpaghettiCode","ReplayTheSpireMod:Book of Names","bronze:Verify","bronze:MaxOutput","bronze:MaxOutput","bronze:Frontload","hubris:EnhanceAbility","bronze:BugBarrage","bronze:AlphaBuild","Runesmith:Firestorm","Runesmith:ReplicatingBarrier","bronze:Shell+1","infinitespire:NeuralNetwork"],"relics":["aspiration:IroncladSkillbook","aspiration:Headhunter","Shuriken","m_IronCrown","hubris:SlimyHat","Charon\u0027s Ashes","hubris:CrackedHourglass","Onion Ring","infinitespire:ShieldingShard","aspiration:TomeofQuesting","aspiration:KaomsHeart","infinitespire:EmptyRelic","infinitespire:EmptyRelic","infinitespire:EmptyRelic","infinitespire:EmptyRelic","infinitespire:EmptyRelic","infinitespire:EmptyRelic","infinitespire:EmptyRelic","infinitespire:EmptyRelic","infinitespire:EmptyRelic","infinitespire:Chaos"],"acts_visited":["Exordium","TheCity","TheBeyond"],"potions_floor_usage":[10,14,16,20,30,33],"damage_taken":[{"damage":0,"enemies":"Cultist","floor":1,"turns":2},{"damage":4,"enemies":"Small Slimes","floor":4,"turns":2},{"damage":4,"enemies":"conspire:RoseBush","floor":5,"turns":2},{"damage":6,"enemies":"Lagavulin","floor":7,"turns":5},{"damage":14,"enemies":"Large Slime","floor":8,"turns":4},{"damage":9,"enemies":"3 Sentries","floor":10,"turns":3},{"damage":12,"enemies":"Blue Slaver","floor":11,"turns":2},{"damage":0,"enemies":"Lagavulin","floor":12,"turns":3},{"damage":12,"enemies":"Replay:BlueRogue","floor":14,"turns":4},{"damage":9,"enemies":"Hexaghost","floor":16,"turns":6},{"damage":37,"enemies":"3 Byrds","floor":18,"turns":3},{"damage":10,"enemies":"Shell Parasite","floor":19,"turns":3},{"damage":18,"enemies":"Centurion and Healer","floor":20,"turns":3},{"damage":24,"enemies":"Book of Stabbing","floor":23,"turns":4},{"damage":4,"enemies":"Nightmare","floor":25,"turns":6},{"damage":0,"enemies":"Gremlin Leader","floor":28,"turns":4},{"damage":15,"enemies":"Replay:Snechameleon","floor":30,"turns":4},{"damage":1,"enemies":"Chosen and Byrds","floor":31,"turns":2},{"damage":9,"enemies":"conspire:MysteriousRune","floor":33,"turns":6},{"damage":6,"enemies":"Orb Walker","floor":35,"turns":3}],"seed_played":"-5097776495370705350","potions_obtained":[{"floor":5,"key":"Reflective Coating"},{"floor":8,"key":"SpeedPotion"},{"floor":11,"key":"Swift Potion"},{"floor":14,"key":"Dexterity Potion"},{"floor":19,"key":"Fire Potion"},{"floor":28,"key":"Block Potion"},{"floor":31,"key":"BlessingOfTheForge"}],"is_trial":true,"path_per_floor":["M","?","?","M","M","R","E","M","T","E","M","E","$","E","R","B",null,"M","M","M","?","AVR","E","R","NM","T","$","E","R","E","M","R","B",null,"M","AVR"],"character_chosen":"THE_AUTOMATON","items_purchased":["bronze:ClassDefault","bronze:MaxOutput","bronze:Frontload","hubris:EnhanceAbility","bronze:BugBarrage"],"campfire_rested":2,"item_purchase_floors":[13,27,27,27,27],"current_hp_per_floor":[70,70,70,66,62,62,66,52,52,43,31,31,31,19,19,10,80,43,33,15,15,29,5,33,29,29,29,29,57,42,41,41,32,94,88,188,188,188],"gold":314,"neow_bonus":"","is_daily":false,"chose_seed":false,"campfire_upgraded":1,"win_rate":0.0,"timestamp":1611698833,"path_taken":["M","?","?","M","?","R","E","M","T","E","M","E","?","?","R","BOSS","M","M","M","?","AVR","E","R","NM","T","?","E","R","E","M","R","BOSS","M","AVR"],"items_purchased_type":["Card","Card","Card","Card","Card"],"build_version":"2020-12-22","purchased_purges":1,"victory":false,"max_hp_per_floor":[70,70,70,70,70,70,80,80,80,80,80,80,80,80,80,80,80,80,80,80,80,94,94,94,94,94,94,94,94,94,94,94,94,94,94,194,194,194],"card_choices":[{"not_picked":["bronze:FineTuning","bronze:OilSpill"],"picked":"bronze:ClassDefault","floor":1},{"not_picked":["bronze:BronzeArmor","bronze:Branch"],"picked":"bronze:ItsAFeature","floor":4},{"not_picked":["bronze:ForLoop","bronze:ThunderWave","bronze:Separator"],"picked":"SKIP","floor":5},{"not_picked":["bronze:Assembly","bronze:Virus","bronze:Break"],"picked":"SKIP","floor":7},{"not_picked":["bronze:Terminator","bronze:BronzeOrb"],"picked":"bronze:BugBarrage","floor":8},{"not_picked":["bronze:Break","bronze:Assembly","bronze:HyperBeam"],"picked":"SKIP","floor":10},{"not_picked":["bronze:Branch","bronze:Shield"],"picked":"bronze:GetLatest","floor":11},{"not_picked":["bronze:Assembly","bronze:BurnOut"],"picked":"bronze:HardenedForm","floor":12},{"not_picked":["bronze:HyperBeam","bronze:Break"],"picked":"bronze:BurnOut","floor":14},{"not_picked":["bronze:CleanCode","bronze:ShipIt","bronze:Format"],"picked":"SKIP","floor":14},{"not_picked":["bronze:ThunderWave","bronze:CleanCode"],"picked":"bronze:InfiniteLoop","floor":16},{"not_picked":["Runesmith:Grindstone","Runesmith:PerfectChisel","Runesmith:MakeshiftArmor+1"],"picked":"bronze:DelayedSlice+1","floor":18},{"not_picked":["bronze:Invalidate","bronze:Return+1","Runesmith:CraftVitae","bronze:BronzeArmor"],"picked":"SKIP","floor":19},{"not_picked":["Runesmith:BackupBattery","Runesmith:HeatExchange","Runesmith:ChiselStab"],"picked":"Runesmith:Permafrost","floor":20},{"not_picked":["bronze:Verify","Runesmith:Supernova","bronze:RecursiveStrike"],"picked":"bronze:SpaghettiCode","floor":23},{"not_picked":["infinitespire:Gouge","infinitespire:Starlight"],"picked":"ReplayTheSpireMod:Book of Names","floor":25},{"not_picked":["Runesmith:Duplicate","Runesmith:DuctTape","bronze:Virus"],"picked":"bronze:Verify","floor":25},{"not_picked":["bronze:Mutator","bronze:Format","Runesmith:GrandSlam","bronze:RecursiveStrike"],"picked":"SKIP","floor":28},{"not_picked":["bronze:HyperBeam","bronze:HardenedForm","bronze:RecursiveStrike"],"picked":"bronze:AlphaBuild","floor":30},{"not_picked":["Runesmith:ShiftingStrike","bronze:Repair","bronze:Boost"],"picked":"Runesmith:Firestorm","floor":31},{"not_picked":["Runesmith:GrandSlam","Runesmith:GenerateForcefield","Runesmith:MetallurgicalResearch"],"picked":"Runesmith:ReplicatingBarrier","floor":33},{"not_picked":["bronze:Repair+1","Runesmith:RuneHurl","bronze:Constructor"],"picked":"bronze:Shell+1","floor":35}],"player_experience":143020,"relics_obtained":[{"floor":2,"key":"ReplayTheSpireMod:Ring of Challenge"},{"floor":7,"key":"Pear"},{"floor":9,"key":"aspiration:FetidBarrel"},{"floor":10,"key":"Incense Burner"},{"floor":12,"key":"conspire:Dentures"},{"floor":14,"key":"conspire:GiftBox"},{"floor":15,"key":"Turnip"},{"floor":23,"key":"Mercury Hourglass"},{"floor":25,"key":"hexamod:BolsterEngine"},{"floor":26,"key":"Du-Vu Doll"},{"floor":28,"key":"Blue Candle"},{"floor":30,"key":"ReplayTheSpireMod:Shallot"},{"floor":32,"key":"aspiration:StickyExplosives_weak"}],"event_choices":[{"cards_removed":["Spreading Infection"],"damage_healed":0,"gold_gain":0,"player_choice":"Offered Curse","damage_taken":0,"relics_obtained":["Spirit Poop"],"max_hp_gain":0,"max_hp_loss":0,"event_name":"Bonfire Elementals","floor":3,"gold_loss":0},{"damage_healed":0,"gold_gain":0,"player_choice":"Ignored","damage_taken":0,"max_hp_gain":0,"max_hp_loss":0,"event_name":"Vampires","floor":21,"gold_loss":0}],"is_beta":false,"boss_relics":[{"not_picked":["Runesmith:UraniumAnvil","infinitespire:Cupcake"],"picked":"aspiration:RunesmithSkillbook"},{"not_picked":["aspiration:FutureDiary","hubris:CrackedHourglass"],"picked":"ChewingGum"}],"items_purged_floors":[27],"is_endless":true,"potions_floor_spawned":[5,8,11,14,19,28,31],"ascension_level":0}}