{"host":"wghdsg8ym2wc7ov9","time":1611700404,"event":{"mods":["AchievementEnabler","Astrologer","BaseMod","Beaked The Cultist","Better Altar","Better Note","ChefMod","Colored Map","Evolution","Fox Events","Hermit","Highlight Path","Jorbs\u0027s Wanderer Trilogy","KinomotoSakuraMod(????)","Minty Spire (QoL Compilation)","Random Character Button","Relic Stats","SIMod","Shop Mod","StSLib","The Blackbeard","The Bladedancer","The Construct","The Cursed","The Death Knight","The Gatherer","The Hierophant","The Marked","The Mystic","The Necromancer","The Runesmith","The Senshi","The Servant 0.9.4"],"gold_per_floor":[15,25,39,52,127,152,170,170,170,188,188,203,238,249,249,344,344,360,371,371,385,403,435,435,455,455,466,484,484,484],"floor_reached":29,"language":"ENG","playtime":4836,"items_purged":[],"score":265,"play_id":"4406856b-dc6d-40d9-bd59-193ecab7b9a4","local_time":"20210126143324","is_ascension_mode":false,"campfire_choices":[{"floor":11,"key":"REST"},{"floor":15,"key":"REST"},{"floor":24,"key":"REST"}],"circlet_count":0,"master_deck":["theMarked:Strike","theMarked:Strike+1","theMarked:Strike","theMarked:Defend","theMarked:Defend","theMarked:Defend","theMarked:Defend","theMarked:SoldierOfQuellstein","theMarked:RogueSparks","theMarked:ResourceFulStrike","theMarked:Static","theMarked:SwordAndMagic","theMarked:CreepingChasm","theMarked:Indomitable","theMarked:StartUp","theMarked:TurnInvisible","theMarked:ElectricStrings+1","theMarked:RepellingDischarge","theMarked:WardOff","theMarked:WardOff","theMarked:EternalStudent","theMarked:OneWithTheBlade","theMarked:Overcharge","theSenshi:MoonlightKnight","theMarked:BanishingStrike","theMarked:EmpowerWeapon","theMarked:Defy","theMarked:EmpowerWeapon","theMarked:ContemptForTheProud+1","theMarked:MysticalArsenal"],"relics":["theMarked:ArtifactOfAir","EVO:Axolotl","Regal Pillow","Meat on the Bone","Whetstone","theMarked:SpiritSword","Torii"],"acts_visited":["Exordium","TheCity"],"potions_floor_usage":[7,12,16,18,19,19,23,23,29,29],"damage_taken":[{"damage":0,"enemies":"2 Louse","floor":1,"turns":2},{"damage":0,"enemies":"Cultist","floor":2,"turns":3},{"damage":0,"enemies":"Small Slimes","floor":3,"turns":3},{"damage":8,"enemies":"Red Slaver","floor":4,"turns":4},{"damage":34,"enemies":"Gremlin Nob","floor":6,"turns":5},{"damage":2,"enemies":"3 Louse","floor":7,"turns":3},{"damage":1,"enemies":"2 Fungi Beasts","floor":10,"turns":3},{"damage":5,"enemies":"Looter","floor":12,"turns":2},{"damage":13,"enemies":"Lagavulin","floor":13,"turns":7},{"damage":2,"enemies":"Blue Slaver","floor":14,"turns":4},{"damage":6,"enemies":"The Guardian","floor":16,"turns":12},{"damage":0,"enemies":"Spheric Guardian","floor":18,"turns":3},{"damage":39,"enemies":"3 Byrds","floor":19,"turns":8},{"damage":17,"enemies":"Shelled Parasite and Fungi","floor":21,"turns":6},{"damage":18,"enemies":"Centurion and Healer","floor":22,"turns":6},{"damage":43,"enemies":"Slavers","floor":23,"turns":6},{"damage":1,"enemies":"Snecko","floor":25,"turns":3},{"damage":22,"enemies":"3 Cultists","floor":27,"turns":5},{"damage":18,"enemies":"Sentry and Sphere","floor":28,"turns":4},{"damage":37,"enemies":"Gremlin Leader","floor":29,"turns":4}],"seed_played":"1831152559527959937","potions_obtained":[{"floor":2,"key":"SkillPotion"},{"floor":3,"key":"EntropicBrew"},{"floor":6,"key":"Explosive Potion"},{"floor":12,"key":"AttackPotion"},{"floor":14,"key":"Dexterity Potion"},{"floor":19,"key":"construct:ShiftPotion"},{"floor":23,"key":"Dexterity Potion"}],"is_trial":false,"path_per_floor":["M","M","M","M","?","E","M","?","T","M","R","M","E","M","R","B",null,"M","M","?","M","M","E","R","M","T","M","M","E"],"character_chosen":"THE_DEFAULT","items_purchased":[],"campfire_rested":3,"item_purchase_floors":[],"current_hp_per_floor":[70,70,70,62,51,17,15,15,15,26,62,57,44,42,70,64,70,70,43,43,38,32,16,52,51,51,41,35,0,0],"gold":484,"neow_bonus":"TRANSFORM_TWO_CARDS","is_daily":false,"chose_seed":false,"campfire_upgraded":0,"win_rate":0.0,"timestamp":1611700404,"path_taken":["M","M","M","M","?","E","M","?","T","M","R","?","E","M","R","BOSS","M","M","?","M","M","E","R","M","T","M","M","E"],"items_purchased_type":[],"build_version":"2020-12-22","purchased_purges":0,"victory":false,"max_hp_per_floor":[70,70,70,70,70,70,70,70,70,70,70,70,70,70,70,70,70,70,70,70,70,70,70,70,70,70,70,70,70,70],"relic_stats":{"Regal Pillow":37,"Torii":10,"counters":[20,91],"Whetstone":["theMarked:ElectricStrings","theMarked:Strike"],"obtain_stats":[{"theMarked:ArtifactOfAir":0,"Regal Pillow":6,"Torii":23,"theMarked:SpiritSword":17,"EVO:Axolotl":0,"Whetstone":13,"Meat on the Bone":9},{"theMarked:ArtifactOfAir":0,"Regal Pillow":5,"Torii":16,"theMarked:SpiritSword":11,"EVO:Axolotl":0,"Whetstone":9,"Meat on the Bone":6},{"theMarked:ArtifactOfAir":0,"Regal Pillow":15,"Torii":75,"theMarked:SpiritSword":46,"EVO:Axolotl":0,"Whetstone":30,"Meat on the Bone":18}],"Meat on the Bone":84},"card_choices":[{"not_picked":["theMarked:ChainLightning","theMarked:Overcharge"],"picked":"theMarked:Static","floor":1},{"not_picked":["theMarked:Aftermath","theMarked:Improvise"],"picked":"theMarked:SwordAndMagic","floor":2},{"not_picked":["theMarked:BanishingWave","theMarked:Improvise"],"picked":"theMarked:CreepingChasm","floor":3},{"not_picked":["theMarked:StartUp","theMarked:CreepingChasm"],"picked":"theMarked:Indomitable","floor":4},{"not_picked":["theMarked:TakeCover","theMarked:Parkour"],"picked":"theMarked:StartUp","floor":6},{"not_picked":["theMarked:ChainLightning","theMarked:EnhanceMovement"],"picked":"theMarked:TurnInvisible","floor":7},{"not_picked":["theMarked:CreepingChasm","theMarked:TunnelVision"],"picked":"theMarked:ElectricStrings","floor":10},{"not_picked":["theMarked:HeightenedSenses","theMarked:Aftermath"],"picked":"theMarked:RepellingDischarge","floor":12},{"not_picked":["theMarked:FavorableWinds","theMarked:BanishingStrike"],"picked":"theMarked:WardOff","floor":13},{"not_picked":["theMarked:Aftermath","theMarked:Parkour"],"picked":"theMarked:WardOff","floor":14},{"not_picked":["theMarked:SuspiciousRaven","theMarked:ThrowWeapon"],"picked":"theMarked:EternalStudent","floor":16},{"not_picked":["theMarked:RepellingDischarge","theMarked:Overthink+1"],"picked":"theMarked:OneWithTheBlade","floor":18},{"not_picked":["theMarked:TunnelVision","theMarked:PowerFlow"],"picked":"theMarked:Overcharge","floor":19},{"not_picked":["theMarked:EnhanceMovement","theMarked:WastefulAttack"],"picked":"theMarked:BanishingStrike","floor":21},{"not_picked":["theMarked:Determination","theMarked:ResourceFulStrike"],"picked":"theMarked:EmpowerWeapon","floor":22},{"not_picked":["theMarked:Friction+1","theMarked:KeepCalmAndFight"],"picked":"theMarked:Defy","floor":23},{"not_picked":["theMarked:Generate","theMarked:Aftermath"],"picked":"theMarked:EmpowerWeapon","floor":25},{"not_picked":["theMarked:Convert","theMarked:RepellingDischarge+1"],"picked":"theMarked:ContemptForTheProud+1","floor":27},{"not_picked":["theMarked:Opportunist+1","theMarked:Heritage"],"picked":"theMarked:MysticalArsenal","floor":28}],"player_experience":779807,"relics_obtained":[{"floor":6,"key":"Regal Pillow"},{"floor":9,"key":"Meat on the Bone"},{"floor":13,"key":"Whetstone"},{"floor":23,"key":"Torii"}],"event_choices":[{"damage_healed":0,"gold_gain":75,"player_choice":"Gather Gold","damage_taken":11,"max_hp_gain":0,"max_hp_loss":0,"event_name":"World of Goop","floor":5,"gold_loss":0},{"damage_healed":0,"gold_gain":0,"player_choice":"Bought 0 Potions","damage_taken":0,"max_hp_gain":0,"max_hp_loss":0,"event_name":"The Woman in Blue","floor":8,"gold_loss":0},{"cards_removed":["theMarked:RogueSparks"],"damage_healed":0,"gold_gain":0,"player_choice":"Take \u0026 Give","damage_taken":0,"max_hp_gain":0,"max_hp_loss":0,"event_name":"betterNote:BetterNote","floor":20,"gold_loss":0,"cards_obtained":["theSenshi:MoonlightKnight"]}],"is_beta":false,"boss_relics":[{"not_picked":["Tiny House","Velvet Choker"],"picked":"theMarked:SpiritSword"}],"items_purged_floors":[],"is_endless":false,"potions_floor_spawned":[2,3,6,12,14,19,23],"killed_by":"Gremlin Leader","ascension_level":0}}