{"host":"gqcohn9v5baj3dmw","time":1611675433,"event":{"mods":["BaseMod","Better Note","Better Sensory Stone","Better Skull","Colored Map","Downfall","Marked Mod","Minty Spire (QoL Compilation)","Rare Cards Sparkle","Relic Stats","StSLib"],"gold_per_floor":[99,99,99,99,99,99,123,140,2,2,12,12,162,181,198,198,198,198],"floor_reached":16,"language":"ENG","playtime":558,"items_purged":["Pain"],"score":92,"play_id":"23da22c2-c17b-47ee-bb14-fec7e578610b","local_time":"20210126163713","is_ascension_mode":true,"campfire_choices":[{"data":"bronze:Goto","floor":1,"key":"SMITH"}],"circlet_count":0,"master_deck":["bronze:Strike","bronze:Strike","bronze:Strike","bronze:Strike+1","bronze:Defend","bronze:Defend","bronze:Defend","bronze:Defend","bronze:Replicate+1","bronze:Goto+1","bronze:Backtrace","bronze:Overheat","bronze:FollowUp","bronze:BugBarrage+1","downfall:Icky"],"relics":["bronze:BronzeCore","downfall:HeartsMalice","WarpedTongs","Tiny Chest","Kunai"],"acts_visited":["Exordium"],"potions_floor_usage":[16],"damage_taken":[{"damage":0,"enemies":"Cultist","floor":2,"turns":1},{"damage":0,"enemies":"Jaw Worm","floor":4,"turns":1},{"damage":0,"enemies":"Small Slimes","floor":5,"turns":1},{"damage":15,"enemies":"Red Slaver","floor":8,"turns":5},{"damage":6,"enemies":"downfall:FleeingMerchant","floor":9,"turns":4},{"damage":3,"enemies":"Gremlin Gang","floor":11,"turns":2},{"damage":0,"enemies":"2 Fungi Beasts","floor":14,"turns":2},{"damage":0,"enemies":"3 Louse","floor":15,"turns":3},{"damage":32,"enemies":"WA_ARCHETYPE_RETAIN","floor":16,"turns":12}],"seed_played":"-458039191090127510","potions_obtained":[{"floor":11,"key":"SkillPotion"},{"floor":14,"key":"SmokeBomb"}],"is_trial":false,"path_per_floor":["R","M","?","M","M","?","T","M","$","?","M","T","?","M","M","B"],"character_chosen":"THE_AUTOMATON","items_purchased":["bronze:BugBarrage"],"campfire_rested":0,"item_purchase_floors":[9],"current_hp_per_floor":[70,70,43,43,43,43,43,28,22,22,19,19,19,19,19,0,0,0],"gold":198,"neow_bonus":"THREE_ENEMY_KILL","is_daily":false,"chose_seed":false,"campfire_upgraded":1,"win_rate":0.0,"timestamp":1611675433,"path_taken":["R","M","?","M","?","?","T","?","$","?","?","?","?","M","M","BOSS"],"items_purchased_type":["Card"],"build_version":"2020-12-22","purchased_purges":1,"victory":false,"max_hp_per_floor":[70,70,70,70,70,70,70,70,70,70,70,70,70,70,70,70,70,70],"relic_stats":{"counters":[9,28],"Tiny Chest":1,"Kunai":[5],"obtain_stats":[{"bronze:BronzeCore":0,"downfall:HeartsMalice":0,"Tiny Chest":7,"Kunai":12,"WarpedTongs":6},{"bronze:BronzeCore":0,"downfall:HeartsMalice":0,"Tiny Chest":3,"Kunai":6,"WarpedTongs":3},{"bronze:BronzeCore":0,"downfall:HeartsMalice":0,"Tiny Chest":0,"Kunai":11,"WarpedTongs":0}],"WarpedTongs":[25]},"card_choices":[{"not_picked":["bronze:WhirlingStrike","bronze:Deprecate","bronze:BitShift"],"picked":"SKIP","floor":2},{"not_picked":["bronze:NullPointer","bronze:Separator","bronze:DarkDash"],"picked":"SKIP","floor":4},{"not_picked":["bronze:OilSpill","bronze:Safeguard"],"picked":"bronze:Backtrace","floor":5},{"not_picked":["bronze:BugBarrage","bronze:Fortify"],"picked":"bronze:Overheat","floor":8},{"not_picked":["bronze:Overload","bronze:Overheat"],"picked":"bronze:FollowUp","floor":9},{"not_picked":["bronze:Iterate","bronze:Deprecate","bronze:Separator"],"picked":"SKIP","floor":11},{"not_picked":["bronze:Invalidate","bronze:Constructor","bronze:Turbo"],"picked":"SKIP","floor":14},{"not_picked":["bronze:HardenedForm","bronze:Overheat","bronze:Constructor"],"picked":"SKIP","floor":15}],"player_experience":527698,"relics_obtained":[{"floor":7,"key":"Tiny Chest"},{"floor":12,"key":"Kunai"}],"event_choices":[{"damage_healed":0,"gold_gain":0,"player_choice":"UP UP ","damage_taken":31,"relics_obtained":[],"max_hp_gain":0,"max_hp_loss":0,"event_name":"betterSkull:BetterSkull","floor":3,"gold_loss":0,"cards_upgraded":["bronze:Strike","bronze:Replicate"]}],"is_beta":false,"boss_relics":[],"items_purged_floors":[9],"is_endless":false,"potions_floor_spawned":[11,14],"killed_by":"WA_ARCHETYPE_RETAIN","ascension_level":1}}