{"host":"z9811rt50ti81n54","time":1611671697,"event":{"mods":["BaseMod","Minty Spire (QoL Compilation)","StSLib","The Marked"],"gold_per_floor":[113,128,7,7,19,19,47,61,61,61,61,11,11,27,27,128,128,139,139,170,189,209,209,58,58,58,58,58,32,44,60,60,157,157,171,183,405,315,329,329,329,329],"floor_reached":41,"language":"ENG","playtime":1590,"items_purged":["theMarked:Defend"],"score":391,"play_id":"98c30afe-b2e4-4cb9-9844-a93b7c4ce0c1","local_time":"20210126233457","is_ascension_mode":false,"campfire_choices":[{"data":"theMarked:ComboAttacks","floor":6.0,"key":"SMITH"},{"data":"theMarked:LightningStrikesTwice","floor":11.0,"key":"SMITH"},{"data":"theMarked:Electrocute","floor":13.0,"key":"SMITH"},{"data":"theMarked:SoldierOfQuellstein","floor":15.0,"key":"SMITH"},{"data":"theMarked:BindingBlade","floor":23.0,"key":"SMITH"},{"data":"theMarked:ResourceFulStrike","floor":25.0,"key":"SMITH"},{"data":"theMarked:ContemptForTheProud","floor":27,"key":"SMITH"},{"floor":32,"key":"REST"},{"data":"theMarked:DispelDoubt","floor":40,"key":"SMITH"}],"circlet_count":0,"master_deck":["theMarked:Defend","theMarked:Defend","theMarked:Defend+1","theMarked:SoldierOfQuellstein+1","theMarked:LightningStrikesTwice+1","theMarked:ComboAttacks+1","theMarked:ResourceFulStrike+1","theMarked:Electrocute+1","theMarked:ContemptForTheProud+1","theMarked:TakeCover","theMarked:BindingBlade+1","theMarked:Parry+1","theMarked:BanishingStrike","theMarked:EmpowerWeapon+1","theMarked:TakeCover","theMarked:Heritage","theMarked:WardOff","theMarked:Memento","theMarked:Electrify+1","theMarked:DispelDoubt+1","theMarked:Seal+1","theMarked:Memento+1"],"relics":["theMarked:ArtifactOfAir","Eternal Feather","Bottled Flame","Cursed Key","Red Mask","Strange Spoon","theMarked:SpiritSword"],"acts_visited":["Exordium","TheCity","TheBeyond"],"potions_floor_usage":[],"damage_taken":[{"damage":1.0,"enemies":"Cultist","floor":1.0,"turns":3.0},{"damage":5.0,"enemies":"Small Slimes","floor":2.0,"turns":3.0},{"damage":0.0,"enemies":"2 Louse","floor":5.0,"turns":2.0},{"damage":11.0,"enemies":"Lagavulin","floor":7.0,"turns":7.0},{"damage":4.0,"enemies":"Blue Slaver","floor":8.0,"turns":3.0},{"damage":11.0,"enemies":"Exordium Wildlife","floor":14.0,"turns":2.0},{"damage":41.0,"enemies":"The Guardian","floor":16.0,"turns":8.0},{"damage":12.0,"enemies":"3 Byrds","floor":18.0,"turns":5.0},{"damage":5.0,"enemies":"Masked Bandits","floor":20.0,"turns":3.0},{"damage":3.0,"enemies":"Shell Parasite","floor":21.0,"turns":4.0},{"damage":15.0,"enemies":"Cultist and Chosen","floor":22.0,"turns":5.0},{"damage":15,"enemies":"Centurion and Healer","floor":30,"turns":5},{"damage":0,"enemies":"3 Cultists","floor":31,"turns":5},{"damage":26,"enemies":"Champ","floor":33,"turns":8},{"damage":6,"enemies":"3 Shapes","floor":35,"turns":5},{"damage":6,"enemies":"Orb Walker","floor":36,"turns":3},{"damage":7,"enemies":"Writhing Mass","floor":39,"turns":4},{"damage":102,"enemies":"Nemesis","floor":41,"turns":7}],"seed_played":"6421793267707515160","potions_obtained":[{"floor":1.0,"key":"Regen Potion"},{"floor":5.0,"key":"ColorlessPotion"},{"floor":16.0,"key":"PowerPotion"},{"floor":18.0,"key":"Fire Potion"},{"floor":21.0,"key":"SteroidPotion"},{"floor":31,"key":"Energy Potion"},{"floor":33,"key":"Energy Potion"}],"is_trial":false,"path_per_floor":["M","M","$","?","M","R","E","M","T","$","R","?","R","M","R","B",null,"M","?","?","M","M","R","$","R","T","R","?","$","M","M","R","B",null,"M","M","?","?","M","R","E"],"character_chosen":"THE_DEFAULT","items_purchased":["theMarked:ResourceFulStrike","Strange Spoon","theMarked:WardOff"],"campfire_rested":1,"item_purchase_floors":[3,24,29],"current_hp_per_floor":[48,43,43,66,66,66,55,51,51,51,57,57,63,52,58,32,70,58,45,40,37,22,31,31,40,40,49,49,49,34,34,68,42,75,69,63,63,63,56,68,0,0],"gold":329,"neow_bonus":"REMOVE_TWO","is_daily":false,"chose_seed":false,"campfire_upgraded":8,"win_rate":0.0,"timestamp":1611671697,"path_taken":["M","?","?","?","M","R","E","M","T","$","R","?","R","M","R","BOSS","M","?","?","M","M","R","$","R","T","R","?","$","M","M","R","BOSS","M","M","?","?","?","R","E"],"items_purchased_type":["Card","Relic","Card"],"build_version":"2020-12-22","purchased_purges":1,"victory":false,"max_hp_per_floor":[70,70,70,70,70,70,70,70,70,70,70,70,70,70,70,70,70,70,75,75,75,75,75,75,75,75,75,75,75,75,75,75,75,75,75,75,75,75,75,75,75,75],"card_choices":[{"not_picked":["theMarked:Improvise","theMarked:Reabsorb"],"picked":"theMarked:LightningStrikesTwice","floor":1.0},{"not_picked":["theMarked:WastefulAttack","theMarked:MysticalArsenal"],"picked":"theMarked:ComboAttacks","floor":2.0},{"not_picked":["theMarked:HeightenedSenses","theMarked:WardOff"],"picked":"theMarked:Electrocute","floor":5.0},{"not_picked":["theMarked:ChainLightning","theMarked:Electrify"],"picked":"theMarked:ContemptForTheProud","floor":7.0},{"not_picked":["theMarked:OneWithTheBlade","theMarked:LightningStrikesTwice"],"picked":"theMarked:Opportunist","floor":8.0},{"not_picked":["theMarked:Parkour","theMarked:TunnelVision"],"picked":"theMarked:TakeCover","floor":14.0},{"not_picked":["theMarked:EternalStudent","theMarked:Vacuum"],"picked":"theMarked:BindingBlade","floor":16.0},{"not_picked":["theMarked:RepellingDischarge","theMarked:Overthink"],"picked":"theMarked:Parry+1","floor":18.0},{"not_picked":["theMarked:TwofoldDefense","theMarked:SwordAndMagic"],"picked":"theMarked:BanishingStrike","floor":20.0},{"not_picked":["theMarked:TwofoldDefense","theMarked:Polarize","theMarked:Generate"],"picked":"SKIP","floor":21.0},{"not_picked":["theMarked:KeepCalmAndFight","theMarked:Static"],"picked":"theMarked:EmpowerWeapon+1","floor":22.0},{"not_picked":["theMarked:TakeCover","theMarked:Parry"],"picked":"theMarked:Memento","floor":30},{"not_picked":["theMarked:KeepCalmAndFight","theMarked:EmpowerWeapon"],"picked":"theMarked:Electrify+1","floor":31},{"not_picked":["theMarked:FavorableWinds","theMarked:TakeOffHeels"],"picked":"theMarked:DispelDoubt","floor":33},{"not_picked":["theMarked:WardOff+1","theMarked:Improvise+1"],"picked":"theMarked:Seal+1","floor":35},{"not_picked":["theMarked:WastefulAttack+1","theMarked:Memento","theMarked:Aftermath+1"],"picked":"SKIP","floor":36},{"not_picked":["theMarked:Improvise","theMarked:Overthink"],"picked":"theMarked:Memento+1","floor":39}],"player_experience":428333,"relics_obtained":[{"floor":7.0,"key":"Eternal Feather"},{"floor":9.0,"key":"Bottled Flame"},{"floor":20.0,"key":"Red Mask"}],"event_choices":[{"damage_healed":23.0,"max_hp_gain":0.0,"max_hp_loss":0.0,"gold_gain":0.0,"event_name":"Big Fish","player_choice":"Banana","floor":4.0,"gold_loss":0.0,"damage_taken":0.0},{"cards_removed":["theMarked:Strike"],"damage_healed":0.0,"max_hp_gain":0.0,"max_hp_loss":0.0,"gold_gain":0.0,"event_name":"The Cleric","player_choice":"Card Removal","floor":12.0,"gold_loss":50.0,"damage_taken":0.0},{"damage_healed":0.0,"max_hp_gain":5.0,"max_hp_loss":0.0,"gold_gain":0.0,"event_name":"Forgotten Altar","player_choice":"Shed Blood","floor":19.0,"gold_loss":0.0,"damage_taken":18.0},{"damage_healed":0.0,"max_hp_gain":0.0,"max_hp_loss":0.0,"gold_gain":0.0,"event_name":"Masked Bandits","player_choice":"Fought Bandits","floor":20.0,"gold_loss":0.0,"damage_taken":0.0},{"damage_healed":0,"gold_gain":0,"cards_transformed":["theMarked:Strike","theMarked:Strike"],"player_choice":"Became Test Subject","damage_taken":0,"max_hp_gain":0,"max_hp_loss":0,"event_name":"Drug Dealer","floor":28,"gold_loss":0,"cards_obtained":["theMarked:TakeCover","theMarked:Heritage"]},{"damage_healed":0,"gold_gain":222,"player_choice":"Wore Mask","damage_taken":0,"max_hp_gain":0,"max_hp_loss":0,"event_name":"Tomb of Lord Red Mask","floor":37,"gold_loss":0},{"cards_removed":["theMarked:Opportunist"],"damage_healed":0,"gold_gain":0,"player_choice":"Upgrade and Remove","damage_taken":0,"max_hp_gain":0,"max_hp_loss":0,"event_name":"Designer","floor":38,"gold_loss":90,"cards_upgraded":["theMarked:Defend"]}],"is_beta":false,"boss_relics":[{"not_picked":["Busted Crown","Runic Pyramid"],"picked":"Cursed Key"},{"not_picked":["Fusion Hammer","SacredBark"],"picked":"theMarked:SpiritSword"}],"items_purged_floors":[3],"is_endless":false,"potions_floor_spawned":[1,5,16,18,21,31,33,39],"killed_by":"Nemesis","ascension_level":0}}