{"host":"o1scrl1hgy598kuq","time":1611646261,"event":{"mods":["BaseMod","Colored Map","Colored Powertips","Minty Spire (QoL Compilation)","Remilia??????","Replay The Spire","Shop Mod","StSLib","The Jungle","The Marked","The Servant 0.9.4"],"gold_per_floor":[113,132,132,143,155,190,210,14,68,68,100,100,113,128,128,128,128],"floor_reached":16,"language":"ENG","playtime":821,"items_purged":[],"score":131,"play_id":"93a735b1-82ae-48f3-bb9a-960458f0825e","local_time":"20210126013101","is_ascension_mode":true,"campfire_choices":[{"floor":10,"key":"REST"},{"data":"Defragment","floor":12,"key":"SMITH"},{"floor":15,"key":"REST"}],"circlet_count":0,"master_deck":["Strike_B","Strike_B","Strike_B","Defend_B","Defend_B","Defend_B","Zap","Dualcast","Static Discharge","Cold Snap","ReplaySolidLightProjector","Cold Snap","Defragment+1","BasicCrystalCard","Defragment","Double Energy"],"relics":["Cracked Core","ReplayTheSpireMod:Lightbulb","MerchantsRug","Lantern","Carrot"],"acts_visited":["Exordium"],"potions_floor_usage":[6,7,16],"damage_taken":[{"damage":0,"enemies":"Cultist","floor":1,"turns":3},{"damage":9,"enemies":"2 Louse","floor":2,"turns":3},{"damage":0,"enemies":"Small Slimes","floor":4,"turns":3},{"damage":9,"enemies":"Red Slaver","floor":5,"turns":4},{"damage":17,"enemies":"Lagavulin","floor":6,"turns":6},{"damage":27,"enemies":"Gremlin Gang","floor":7,"turns":4},{"damage":15,"enemies":"3 Sentries","floor":11,"turns":6},{"damage":3,"enemies":"Blue Slaver","floor":13,"turns":2},{"damage":7,"enemies":"Lots of Slimes","floor":14,"turns":3},{"damage":36,"enemies":"Fading Forest","floor":16,"turns":8}],"seed_played":"-7572517933563347341","potions_obtained":[{"floor":2,"key":"Languid Potion"},{"floor":4,"key":"SkillPotion"},{"floor":5,"key":"SpeedPotion"},{"floor":6,"key":"AttackPotion"}],"is_trial":false,"path_per_floor":["M","M","?","M","M","E","M","$","T","R","E","R","M","M","R","B"],"character_chosen":"DEFECT","items_purchased":["MerchantsRug","Defragment"],"campfire_rested":2,"item_purchase_floors":[8,8],"current_hp_per_floor":[75,66,66,66,57,40,13,13,13,35,20,20,17,10,32,0,0],"gold":128,"neow_bonus":"TRANSFORM_CARD","is_daily":false,"chose_seed":false,"campfire_upgraded":1,"win_rate":0.0,"timestamp":1611646261,"path_taken":["M","?","?","M","?","E","M","?","T","R","E","R","?","M","R","BOSS"],"items_purchased_type":["Relic","Card"],"build_version":"2020-12-22","purchased_purges":0,"victory":false,"max_hp_per_floor":[75,75,75,75,75,75,75,75,75,75,75,75,75,75,75,75,75],"card_choices":[{"not_picked":["Leap","Chill"],"picked":"Cold Snap","floor":1},{"not_picked":["Go for the Eyes","Redo"],"picked":"ReplaySolidLightProjector","floor":2},{"not_picked":["Beam Cell","Ball Lightning"],"picked":"Cold Snap","floor":4},{"not_picked":["Go for the Eyes","Barrage","Double Energy"],"picked":"SKIP","floor":5},{"not_picked":["Electrodynamics","Ball Lightning"],"picked":"Defragment","floor":6},{"not_picked":["Glacier","Reinforced Body"],"picked":"BasicCrystalCard","floor":7},{"not_picked":["Hyperbeam","Streamline"],"picked":"Double Energy","floor":11},{"not_picked":["Stack","Rebound","Cold Snap"],"picked":"SKIP","floor":13},{"not_picked":["Hologram","Melter","Fusion"],"picked":"SKIP","floor":14}],"player_experience":216336,"relics_obtained":[{"floor":6,"key":"ReplayTheSpireMod:Lightbulb"},{"floor":9,"key":"Lantern"},{"floor":11,"key":"Carrot"}],"event_choices":[{"cards_removed":["Defend_B"],"damage_healed":0,"gold_gain":0,"player_choice":"Purged","damage_taken":0,"max_hp_gain":0,"max_hp_loss":0,"event_name":"Purifier","floor":3,"gold_loss":0}],"is_beta":false,"boss_relics":[],"items_purged_floors":[],"is_endless":false,"potions_floor_spawned":[2,4,5,6],"killed_by":"Fading Forest","ascension_level":3}}