{"host":"9slw7l0ws16384qq","time":1611683906,"event":{"mods":["A Penny For Your Troubles","BaseMod","Clockwork Mod","Colored Map","Evolution","Hermit","Hubris","Minty Spire (QoL Compilation)","Replay The Spire","Shedinja","StS++","StSLib","The Dragon Tamer","The Marked"],"gold_per_floor":[114,76,96,96,114,114,132,57,57,68,68,95,95,112,112,214,214,230,230,230,242,242,258,276,125,125,125,125,125,125,135,135,230,230,244,244,244,244,244,244,20,20,102,102,102,102,102,102,19,31,31,32],"floor_reached":53,"language":"FRA","playtime":1565,"items_purged":["Cloak And Dagger"],"score":601,"play_id":"e5d23d74-fa90-4ad2-9b5c-9b2ca4cb8d12","local_time":"20210126185826","is_ascension_mode":false,"campfire_choices":[{"data":"Dagger Throw","floor":6.0,"key":"SMITH"},{"floor":15,"key":"DIG"},{"data":"A Thousand Cuts","floor":27,"key":"SMITH"},{"data":"Cloak And Dagger","floor":30,"key":"SMITH"},{"data":"Cloak And Dagger","floor":32,"key":"SMITH"},{"data":"Cloak And Dagger","floor":40,"key":"SMITH"},{"data":"Footwork","floor":42,"key":"SMITH"},{"data":"Survey Options","floor":46,"key":"SMITH"},{"data":"Madness","floor":51,"key":"SMITH"}],"circlet_count":0,"master_deck":["Dagger Throw+1","Dagger Throw+1","Dagger Throw+1","Dagger Throw+1","Dagger Throw+1","Cloak And Dagger+1","Cloak And Dagger+1","Cloak And Dagger+1","Cloak And Dagger+1","Neutralize","Underhanded Strike","Reflex","Finesse","A Thousand Cuts+1","Survey Options+1","Madness+1","Madness","Footwork+1","Madness"],"relics":["Ring of the Snake","EVO:Axolotl","Regal Pillow","Replay:WaspNest","StSpp:XCola","WristBlade","Replay:Baseball","StSpp:PetrifiedCaterpillar","Ring of Chaos","hubris:Towel","Lee\u0027s Waffle","Replay:Bottled Eggs","hubris:ToyBattleship"],"acts_visited":["Exordium","TheCity","TheBeyond"],"potions_floor_usage":[52,52,52],"damage_taken":[{"damage":0.0,"enemies":"Small Slimes","floor":1.0,"turns":2.0},{"damage":0.0,"enemies":"Jaw Worm","floor":3.0,"turns":3.0},{"damage":0.0,"enemies":"Cultist","floor":5.0,"turns":2.0},{"damage":0.0,"enemies":"2 Fungi Beasts","floor":7.0,"turns":2.0},{"damage":0.0,"enemies":"Lots of Slimes","floor":10.0,"turns":3.0},{"damage":3.0,"enemies":"3 Sentries","floor":12.0,"turns":6.0},{"damage":0.0,"enemies":"3 Louse","floor":14.0,"turns":2.0},{"damage":40,"enemies":"Fading Forest","floor":16,"turns":11},{"damage":0,"enemies":"Spheric Guardian","floor":18,"turns":2},{"damage":0,"enemies":"Chosen","floor":21,"turns":4},{"damage":11,"enemies":"Centurion and Healer","floor":23,"turns":4},{"damage":0,"enemies":"Cultist and Chosen","floor":24,"turns":4},{"damage":9,"enemies":"Snake Plant","floor":31,"turns":3},{"damage":50,"enemies":"Champ","floor":33,"turns":7},{"damage":8,"enemies":"3 Shapes","floor":35,"turns":3},{"damage":1,"enemies":"3 Darklings","floor":50,"turns":3},{"damage":8,"enemies":"Replay:Hell Engine","floor":52,"turns":6}],"seed_played":"8368186902017615875","potions_obtained":[{"floor":3.0,"key":"PowerPotion"},{"floor":5.0,"key":"SpeedPotion"},{"floor":14.0,"key":"BlessingOfTheForge"}],"is_trial":false,"path_per_floor":["M","?","M","$","M","R","M","$","T","M","?","E","?","M","R_BF","B",null,"M","?","?","M","?","M","M","$","T","R","$","$","R","M","R","B",null,"M","?","?","?","?","R","$","R","T","?","T","R","PTL","PTL","$","M","R","B",null],"character_chosen":"THE_SILENT","items_purchased":["Replay:Baseball","Footwork","Lee\u0027s Waffle","Madness"],"campfire_rested":0,"item_purchase_floors":[25,41,41,49],"current_hp_per_floor":[88,88,88,88,88,88,88,88,88,88,88,85,85,85,85,55,88,88,88,88,88,88,77,77,77,77,77,77,77,77,68,68,18,88,80,69,69,69,69,69,95,95,95,95,95,95,95,95,95,94,94,86],"gold":32,"neow_bonus":"TEN_PERCENT_HP_BONUS","is_daily":false,"chose_seed":false,"campfire_upgraded":8,"win_rate":0.0,"timestamp":1611683906,"path_taken":["M","?","M","$","M","R","M","$","T","M","?","E","?","M","R_BF","BOSS","M","?","?","?","?","?","M","$","T","R","?","$","R","M","R","BOSS","M","?","?","?","?","R","$","R","T","?","?","R","PTL","PTL","?","?","R","BOSS"],"items_purchased_type":["Relic","Card","Relic","Card"],"build_version":"2020-12-22","purchased_purges":1,"victory":true,"max_hp_per_floor":[88,88,88,88,88,88,88,88,88,88,88,88,88,88,88,88,88,88,88,88,88,88,88,88,88,88,88,88,88,88,88,88,88,88,88,88,88,88,88,88,95,95,95,95,95,95,95,95,95,95,95,95],"card_choices":[{"not_picked":["Dodge and Roll","StSpp:Dive","StSpp:PoisonousPunch"],"picked":"SKIP","floor":1.0},{"not_picked":["Underhanded Strike","ReplayTheSpireMod:Exploit Weakness","Toxin Wave"],"picked":"SKIP","floor":3.0},{"not_picked":["ReplayTheSpireMod:Exploit Weakness","Toxin Wave"],"picked":"Underhanded Strike","floor":3.0},{"not_picked":["Acrobatics","ReplayTheSpireMod:The Works","StSpp:StrikeFirst"],"picked":"SKIP","floor":5.0},{"not_picked":["Backflip","PiercingWail","StSpp:Lure"],"picked":"SKIP","floor":7.0},{"not_picked":["StSpp:Dive","Noxious Fumes","Hidden Blade"],"picked":"SKIP","floor":10.0},{"not_picked":["Underhanded Strike","ReplayTheSpireMod:Speed Training"],"picked":"Reflex","floor":12.0},{"not_picked":["Backflip","Acrobatics","StSpp:PoisonousPunch"],"picked":"SKIP","floor":14.0},{"not_picked":["Adrenaline","Unload"],"picked":"A Thousand Cuts","floor":16},{"not_picked":["StSpp:Dive","Prepared","Slice"],"picked":"SKIP","floor":18},{"not_picked":["Flying Knee+1","Deflect","Slice"],"picked":"SKIP","floor":21},{"not_picked":["Cloak And Dagger","Backstab","Poisoned Stab+1"],"picked":"SKIP","floor":23},{"not_picked":["StSpp:ChainedTrap+1","Dash","Dagger Spray"],"picked":"SKIP","floor":24},{"not_picked":["Cloak And Dagger","Poisoned Stab","Backflip"],"picked":"SKIP","floor":31},{"not_picked":["Bane","Crippling Poison+1","Acrobatics+1"],"picked":"SKIP","floor":35},{"not_picked":["Flying Knee","Deflect+1","Grand Finale"],"picked":"SKIP","floor":50}],"player_experience":1848356,"relics_obtained":[{"floor":9.0,"key":"Regal Pillow"},{"floor":12.0,"key":"Replay:WaspNest"},{"floor":15,"key":"StSpp:XCola"},{"floor":26,"key":"StSpp:PetrifiedCaterpillar"},{"floor":43,"key":"Replay:Bottled Eggs"},{"floor":45,"key":"hubris:ToyBattleship"}],"event_choices":[{"damage_healed":0.0,"max_hp_gain":0.0,"max_hp_loss":0.0,"gold_gain":0.0,"event_name":"Match and Keep!","player_choice":"1 cards matched","floor":13.0,"gold_loss":0.0,"damage_taken":0.0,"cards_obtained":["Finesse"]},{"damage_healed":0.0,"max_hp_gain":0.0,"max_hp_loss":0.0,"gold_gain":0.0,"event_name":"Match and Keep!","player_choice":"1 cards matched","floor":13.0,"gold_loss":0.0,"damage_taken":0.0,"cards_obtained":["Finesse"]},{"damage_healed":0,"gold_gain":0,"player_choice":"1 cards matched","damage_taken":0,"max_hp_gain":0,"max_hp_loss":0,"event_name":"Match and Keep!","floor":20,"gold_loss":0,"cards_obtained":["Survey Options"]},{"cards_removed":["Survivor"],"damage_healed":0,"gold_gain":0,"player_choice":"Purged","damage_taken":0,"max_hp_gain":0,"max_hp_loss":0,"event_name":"Purifier","floor":22,"gold_loss":0},{"damage_healed":0,"gold_gain":0,"player_choice":"Embrace Madness","damage_taken":11,"max_hp_gain":0,"max_hp_loss":0,"event_name":"Winding Halls","floor":36,"gold_loss":0,"cards_obtained":["Madness","Madness"]},{"damage_healed":0,"gold_gain":0,"player_choice":"Ignored","damage_taken":0,"max_hp_gain":0,"max_hp_loss":0,"event_name":"Tomb of Lord Red Mask","floor":39,"gold_loss":0}],"is_beta":false,"boss_relics":[{"not_picked":["hubris:CrackedHourglass","Snecko Eye"],"picked":"WristBlade"},{"not_picked":["hubris:GrandSneckoEye","Velvet Choker"],"picked":"Ring of Chaos"}],"items_purged_floors":[8],"is_endless":false,"potions_floor_spawned":[3,5,7,14,18,21,24,50],"ascension_level":0}}