{"host":"yvb207ks1sg3cxef","time":1611648277,"event":{"mods":["2.2 Compatiblity","BaseMod","Bestiary","Colored Powertips","Minty Spire (QoL Compilation)","Permanent Neow","Quick Restart","Relic Stats","StSLib"],"gold_per_floor":[112,132,132,6,20,55,55,99,180,225,22,41,65,400,400,532,532,553,94,103,103,155,155,207,271,317,317,317],"floor_reached":27,"language":"ENG","playtime":1251,"items_purged":["Strike_B"],"score":338,"play_id":"de880d6b-13c6-440e-b739-a51f32e09ce2","local_time":"20210126133437","is_ascension_mode":true,"campfire_choices":[{"data":"Hyperbeam","floor":7.0,"key":"SMITH"},{"data":"Reprogram","floor":15,"key":"SMITH"},{"data":"Chill","floor":23,"key":"SMITH"}],"circlet_count":0,"master_deck":["Strike_B","Strike_B","Strike_B","Defend_B","Defend_B","Defend_B","Defend_B","Zap","Dualcast","Rebound","Cold Snap","Hyperbeam+1","Cold Snap","Compile Driver","Chill+1","Recycle","Reprogram+1","Hyperbeam","Buffer","Core Surge","HandOfGreed","Fusion","Darkness+1","Coolheaded+1","Buffer"],"relics":["Golden Idol","Shovel","CeramicFish","Mercury Hourglass","Ornamental Fan","Old Coin","Coffee Dripper","TungstenRod","Nloth\u0027s Gift","InkBottle","PreservedInsect"],"acts_visited":["Exordium","TheCity"],"potions_floor_usage":[14,16,22,24],"damage_taken":[{"damage":0.0,"enemies":"Small Slimes","floor":1.0,"turns":2.0},{"damage":1.0,"enemies":"Jaw Worm","floor":2.0,"turns":4.0},{"damage":1.0,"enemies":"Cultist","floor":5.0,"turns":3.0},{"damage":16.0,"enemies":"Lagavulin","floor":6.0,"turns":9.0},{"damage":3.0,"enemies":"3 Sentries","floor":8.0,"turns":3.0},{"damage":8.0,"enemies":"Gremlin Nob","floor":10.0,"turns":3.0},{"damage":0.0,"enemies":"Large Slime","floor":12.0,"turns":2.0},{"damage":0,"enemies":"Blue Slaver","floor":13,"turns":1},{"damage":4,"enemies":"Lagavulin","floor":14,"turns":6},{"damage":32,"enemies":"Hexaghost","floor":16,"turns":10},{"damage":12,"enemies":"Spheric Guardian","floor":18,"turns":4},{"damage":0,"enemies":"3 Byrds","floor":22,"turns":3},{"damage":16,"enemies":"3 Cultists","floor":24,"turns":5},{"damage":23,"enemies":"Gremlin Leader","floor":25,"turns":6},{"damage":18,"enemies":"Book of Stabbing","floor":27,"turns":2}],"seed_played":"-3788502627238803285","potions_obtained":[{"floor":2.0,"key":"Block Potion"},{"floor":5.0,"key":"SkillPotion"},{"floor":8.0,"key":"Block Potion"},{"floor":13,"key":"SkillPotion"},{"floor":18,"key":"AttackPotion"},{"floor":22,"key":"Strength Potion"},{"floor":25,"key":"Dexterity Potion"}],"is_trial":false,"path_per_floor":["M","M","?","$","M","E","R","E","T","E","$","M","M","E","R","B",null,"M","$","?","?","M","R","M","E","T","E"],"character_chosen":"DEFECT","items_purchased":["Hyperbeam","Cold Snap","Hyperbeam","TungstenRod","HandOfGreed"],"campfire_rested":0,"item_purchase_floors":[4,4,11,19,19],"current_hp_per_floor":[75,74,69,69,68,52,52,49,49,41,41,41,41,37,37,5,69,57,57,57,57,57,57,41,18,18,0,0],"gold":317,"neow_bonus":"BOSS_RELIC","is_daily":false,"chose_seed":false,"campfire_upgraded":3,"win_rate":0.0,"timestamp":1611648277,"path_taken":["M","M","?","$","M","E","R","E","T","E","$","M","M","E","R","BOSS","M","$","?","?","?","R","M","E","T","E"],"items_purchased_type":["Card","Card","Card","Relic","Card"],"build_version":"2020-12-22","purchased_purges":1,"victory":false,"max_hp_per_floor":[75,75,69,69,69,69,69,69,69,69,69,69,69,69,69,69,69,69,69,69,69,69,69,69,69,69,69,69],"relic_stats":{"Shovel":0,"counters":[15,61],"Golden Idol":84,"Ornamental Fan":[8],"CeramicFish":90,"PreservedInsect":41,"Nloth\u0027s Gift":2,"obtain_stats":[{"Inserter":0,"Golden Idol":3,"CeramicFish":8,"PreservedInsect":26,"Mercury Hourglass":9,"Old Coin":14,"Shovel":6,"Ornamental Fan":10,"Coffee Dripper":17,"Nloth\u0027s Gift":21,"Cracked Core":0,"TungstenRod":19,"InkBottle":25},{"Inserter":0,"Golden Idol":2,"CeramicFish":5,"PreservedInsect":14,"Mercury Hourglass":5,"Old Coin":9,"Shovel":4,"Ornamental Fan":6,"Coffee Dripper":10,"Nloth\u0027s Gift":11,"Cracked Core":0,"TungstenRod":11,"InkBottle":14},{"Inserter":0,"Golden Idol":6,"CeramicFish":21,"PreservedInsect":59,"Mercury Hourglass":21,"Old Coin":33,"Shovel":18,"Ornamental Fan":24,"Coffee Dripper":43,"Nloth\u0027s Gift":47,"Cracked Core":0,"TungstenRod":47,"InkBottle":59}],"TungstenRod":17,"InkBottle":[0],"Mercury Hourglass":[155]},"card_choices":[{"not_picked":["Turbo","Redo"],"picked":"Rebound","floor":1.0},{"not_picked":["Auto Shields","Compile Driver"],"picked":"Cold Snap","floor":2.0},{"not_picked":["Static Discharge","Redo"],"picked":"Compile Driver","floor":5.0},{"not_picked":["Gash","Turbo"],"picked":"Chill","floor":6.0},{"not_picked":["Scrape","Force Field"],"picked":"Recycle","floor":8.0},{"not_picked":["Streamline","Hologram"],"picked":"Reprogram","floor":10.0},{"not_picked":["Ball Lightning","Blizzard","Cold Snap"],"picked":"SKIP","floor":12.0},{"not_picked":["Ball Lightning","Blizzard","Cold Snap"],"picked":"SKIP","floor":12.0},{"not_picked":["Skim","Conserve Battery"],"picked":"Buffer","floor":13},{"not_picked":["Lockon","Gash","Electrodynamics"],"picked":"SKIP","floor":14},{"not_picked":["All For One","Rainbow"],"picked":"Core Surge","floor":16},{"not_picked":["Gash","Turbo+1","Barrage"],"picked":"SKIP","floor":18},{"not_picked":["Gash","Turbo+1","Barrage"],"picked":"SKIP","floor":18},{"not_picked":["Leap","Barrage"],"picked":"Darkness+1","floor":22},{"not_picked":["Self Repair","Streamline"],"picked":"Coolheaded+1","floor":24},{"not_picked":["Darkness","Multi-Cast"],"picked":"Buffer","floor":25}],"player_experience":467570,"relics_obtained":[{"floor":6.0,"key":"Shovel"},{"floor":8.0,"key":"CeramicFish"},{"floor":9.0,"key":"Mercury Hourglass"},{"floor":10.0,"key":"Ornamental Fan"},{"floor":14,"key":"Old Coin"},{"floor":25,"key":"InkBottle"},{"floor":26,"key":"PreservedInsect"}],"event_choices":[{"damage_healed":0.0,"max_hp_gain":0.0,"max_hp_loss":6.0,"gold_gain":0.0,"event_name":"Golden Idol","player_choice":"Lose Max HP","floor":3.0,"gold_loss":0.0,"damage_taken":0.0,"relics_obtained":["Golden Idol"]},{"damage_healed":0,"gold_gain":0,"player_choice":"Read","damage_taken":0,"max_hp_gain":0,"max_hp_loss":0,"event_name":"The Library","floor":20,"gold_loss":0,"cards_obtained":["Fusion"]},{"damage_healed":0,"gold_gain":0,"player_choice":"Traded Relic","damage_taken":0,"relics_obtained":["Nloth\u0027s Gift"],"max_hp_gain":0,"max_hp_loss":0,"event_name":"N\u0027loth","floor":21,"relics_lost":["Inserter"],"gold_loss":0}],"is_beta":false,"boss_relics":[{"not_picked":["Busted Crown","Sozu"],"picked":"Coffee Dripper"}],"items_purged_floors":[11],"is_endless":false,"potions_floor_spawned":[2,5,8,13,18,22,25],"killed_by":"Book of Stabbing","ascension_level":4}}