{"host":"r4aerl4ckfvw1dw3","time":1611702180,"event":{"mods":["BaseMod","BetterRewards","Minty Spire (QoL Compilation)","Quick Restart","StSLib"],"gold_per_floor":[116,128,128,151,171,202,202,202,226,226,246,246,262,281,281,379,379,396,365,365,365,365],"floor_reached":21,"language":"ENG","playtime":1199,"items_purged":[],"score":190,"play_id":"96a6895c-48ce-49d8-b864-394883851d12","local_time":"20210126150300","is_ascension_mode":true,"campfire_choices":[{"data":"Infinite Blades","floor":7.0,"key":"SMITH"},{"floor":10.0,"key":"RECALL"},{"data":"Neutralize","floor":12.0,"key":"SMITH"},{"floor":15.0,"key":"REST"}],"circlet_count":0,"master_deck":["Strike_G","Strike_G","Strike_G","Strike_G","Strike_G","Defend_G","Defend_G","Defend_G","Defend_G","Defend_G","Survivor","Neutralize+1","Slice","Prepared","Dagger Spray","Infinite Blades+1","Tactician","Deflect","Flying Knee","Cloak And Dagger","Finisher"],"relics":["Black Star","Meat on the Bone","Tingsha","MealTicket","Potion Belt","HoveringKite"],"acts_visited":["Exordium","TheCity"],"potions_floor_usage":[],"damage_taken":[{"damage":2.0,"enemies":"Small Slimes","floor":1.0,"turns":4.0},{"damage":5.0,"enemies":"Jaw Worm","floor":2.0,"turns":4.0},{"damage":3.0,"enemies":"2 Louse","floor":5.0,"turns":3.0},{"damage":26.0,"enemies":"3 Sentries","floor":6.0,"turns":7.0},{"damage":10.0,"enemies":"Gremlin Gang","floor":11.0,"turns":3.0},{"damage":7.0,"enemies":"Exordium Thugs","floor":13.0,"turns":4.0},{"damage":0.0,"enemies":"Looter","floor":14.0,"turns":4.0},{"damage":49,"enemies":"Slime Boss","floor":16,"turns":17},{"damage":11,"enemies":"Shell Parasite","floor":18,"turns":7},{"damage":23,"enemies":"2 Thieves","floor":19,"turns":5},{"damage":37,"enemies":"Centurion and Healer","floor":21,"turns":6}],"seed_played":"3430933445510660055","potions_obtained":[{"floor":2.0,"key":"SteroidPotion"},{"floor":11.0,"key":"Block Potion"},{"floor":14.0,"key":"SneckoOil"},{"floor":18,"key":"Strength Potion"}],"is_trial":false,"path_per_floor":["M","M","?","T","M","E","R","?","T","R","M","R","M","M","R","B",null,"M","M","?","M"],"character_chosen":"THE_SILENT","items_purchased":[],"campfire_rested":1,"item_purchase_floors":[],"current_hp_per_floor":[68,63,60,60,57,43,43,43,43,43,45,45,38,38,59,22,70,59,36,36,0,0],"gold":365,"neow_bonus":"BOSS_RELIC","is_daily":false,"chose_seed":false,"campfire_upgraded":2,"win_rate":0.0,"timestamp":1611702180,"path_taken":["M","M","?","?","M","E","R","?","T","R","M","R","M","M","R","BOSS","M","M","?","?"],"items_purchased_type":[],"build_version":"2020-12-22","purchased_purges":0,"victory":false,"max_hp_per_floor":[70,70,70,70,70,70,70,70,70,70,70,70,70,70,70,70,70,70,70,70,70,70],"card_choices":[{"not_picked":["Acrobatics","Riddle With Holes"],"picked":"Slice","floor":1.0},{"not_picked":["All Out Attack","Well Laid Plans"],"picked":"Prepared","floor":2.0},{"not_picked":["Dagger Throw","Underhanded Strike"],"picked":"Dagger Spray","floor":5.0},{"not_picked":["Bouncing Flask","Eviscerate"],"picked":"Infinite Blades","floor":6.0},{"not_picked":["Outmaneuver","Sucker Punch"],"picked":"Tactician","floor":11.0},{"not_picked":["Acrobatics","Dagger Throw"],"picked":"Deflect","floor":13.0},{"not_picked":["Choke","Setup"],"picked":"Flying Knee","floor":14.0},{"not_picked":["Finisher+1","Tactician"],"picked":"Cloak And Dagger","floor":18},{"not_picked":["Outmaneuver","Distraction"],"picked":"Finisher","floor":19}],"player_experience":413593,"relics_obtained":[{"floor":6.0,"key":"Tingsha"},{"floor":6.0,"key":"MealTicket"},{"floor":9.0,"key":"Potion Belt"}],"event_choices":[{"damage_healed":0.0,"max_hp_gain":0.0,"max_hp_loss":0.0,"gold_gain":0.0,"event_name":"Scrap Ooze","player_choice":"Success","floor":3.0,"gold_loss":0.0,"damage_taken":3.0,"relics_obtained":["Meat on the Bone"]},{"damage_healed":0.0,"max_hp_gain":0.0,"max_hp_loss":0.0,"gold_gain":0.0,"event_name":"Liars Game","player_choice":"Ignored","floor":8.0,"gold_loss":0.0,"damage_taken":0.0},{"damage_healed":0,"gold_gain":0,"player_choice":"Ignored","damage_taken":0,"max_hp_gain":0,"max_hp_loss":0,"event_name":"Purifier","floor":20,"gold_loss":0}],"is_beta":false,"boss_relics":[{"not_picked":["Snecko Eye","Sozu"],"picked":"HoveringKite"}],"items_purged_floors":[],"is_endless":false,"potions_floor_spawned":[2,11,14,18],"killed_by":"Centurion and Healer","ascension_level":1}}