{"host":"56d873i5r3uhle0q","time":1611646604,"event":{"mods":["100% Spire Juice","Act Like it!","Aspiration","BaseMod","Block Reminder","Conspire","Dota2Spire","Downfall","Gensokyo","Hermit","Hubris","Infinite Spire","Jedi Mod","Lobotomy","LobotomyExtend","Marisa????????","Marked Mod","Minty Spire (QoL Compilation)","Reliquary","Replay The Spire","StSLib","The Animator","The Bug Knight","The Cursed","The Marked","The Servant 0.9.4","everything is the same but u backflip on backflip","??????REMEMod"],"gold_per_floor":[19,38,38,51,19,19,19,19,19,29,39,258,258,258,258,353,353,365,217,217,217,230,230,230,230,230],"floor_reached":25,"language":"ENG","playtime":1040,"items_purged":[],"score":191,"play_id":"321ad18f-83e0-40aa-8cb6-7aba2fd2e75a","local_time":"20210126003644","is_ascension_mode":false,"campfire_choices":[{"data":"Midas Touch","floor":6.0,"key":"SMITH"},{"floor":8.0,"key":"REST"},{"floor":13.0,"key":"REST"},{"data":"ReplayTheSpireMod:Strike From Hell","floor":15.0,"key":"SMITH"},{"floor":23,"key":"REST"}],"circlet_count":0,"master_deck":["Strike_R","Strike_R","Strike_R","Strike_R","Strike_R","Defend_R","Defend_R","Defend_R","Defend_R","Bash","sneckomod:UnlimitedRolls","Midas Touch+1","ReplayTheSpireMod:Strike From Hell+1","ReplayTheSpireMod:Strike From Hell+1","Defy Death","Barricade","Gensokyo:RustyChest","Gensokyo:DepletedGenerator","Gensokyo:Shovel","Gensokyo:BlemishedSteel","Night Terror"],"relics":["Burning Blood","REME_ComplimentaryCards","Molten Egg 2","LetterFromLob","Runic Cube"],"acts_visited":["Gensokyo:Gensokyo","Gensokyo:Gensokyoer"],"potions_floor_usage":[25,25],"damage_taken":[{"damage":5.0,"enemies":"Gensokyo:Python","floor":1.0,"turns":5.0},{"damage":21.0,"enemies":"Gensokyo:2_Kodama","floor":2.0,"turns":6.0},{"damage":19.0,"enemies":"Gensokyo:Gryphon","floor":4.0,"turns":2.0},{"damage":13.0,"enemies":"Gensokyo:VengefulSpirit","floor":10.0,"turns":5.0},{"damage":22.0,"enemies":"Gensokyo:LivingMonolith","floor":11.0,"turns":4.0},{"damage":11.0,"enemies":"Gensokyo:Gryphon_and_Rabbit","floor":12.0,"turns":5.0},{"damage":24.0,"enemies":"Gensokyo:Yukari","floor":16.0,"turns":6.0},{"damage":28.0,"enemies":"Gensokyo:2_Gloops","floor":18.0,"turns":9.0},{"damage":14,"enemies":"Gensokyo:AngelMirror","floor":22,"turns":3},{"damage":87,"enemies":"Gensokyo:3_Gloops","floor":25,"turns":4}],"seed_played":"-1399789272874878830","potions_obtained":[{"floor":4.0,"key":"Toxic Potion"},{"floor":11.0,"key":"BloodPotion"},{"floor":12.0,"key":"jedi:tentaclejuice"}],"is_trial":false,"path_per_floor":["M","M","?","M","COS","R","$","R","T","M","M","M","R","$","R","B",null,"M","COS","?","?","M","R","?","M"],"character_chosen":"IRONCLAD","items_purchased":[],"campfire_rested":3,"item_purchase_floors":[],"current_hp_per_floor":[80,65,65,52,52,52,52,76,76,69,53,48,72,72,72,54,80,58,58,58,50,42,66,66,0,0],"gold":230,"neow_bonus":"RANDOM_COLORLESS_2","is_daily":false,"chose_seed":false,"campfire_upgraded":2,"win_rate":0.0,"timestamp":1611646604,"path_taken":["M","M","?","M","COS","R","$","R","T","M","M","M","R","$","R","BOSS","M","COS","?","?","M","R","?","M"],"items_purchased_type":[],"build_version":"2020-12-22","purchased_purges":0,"victory":false,"max_hp_per_floor":[80,80,80,80,80,80,80,80,80,80,80,80,80,80,80,80,80,80,80,80,80,80,80,80,80,80],"card_choices":[{"not_picked":["Secret Technique","ReplayTheSpireMod:Necrogeddon"],"picked":"Midas Touch","floor":0.0},{"not_picked":["Cleave","Replay:Undeath\u0027s Touch"],"picked":"ReplayTheSpireMod:Strike From Hell","floor":1.0},{"not_picked":["Heavy Blade","Sword Boomerang","Abandon"],"picked":"SKIP","floor":2.0},{"not_picked":["Perfected Strike","Pommel Strike","Twin Strike"],"picked":"SKIP","floor":4.0},{"not_picked":["Sword Boomerang+1","Rampage+1"],"picked":"ReplayTheSpireMod:Strike From Hell+1","floor":10.0},{"not_picked":["Iron Wave+1","Clash+1","Hemokinesis+1"],"picked":"SKIP","floor":11.0},{"not_picked":["Whirlwind+1","jedi:collectorstrike+1"],"picked":"Defy Death","floor":12.0},{"not_picked":["Corruption","Impervious"],"picked":"Barricade","floor":16.0},{"not_picked":["Replay:Undeath\u0027s Touch+1","Evolve","Iron Wave+1"],"picked":"SKIP","floor":18.0},{"not_picked":["Fire Breathing+1","hubris:CleavingFinish+1","Heavy Blade+1"],"picked":"SKIP","floor":22}],"player_experience":648196,"relics_obtained":[{"floor":9.0,"key":"Molten Egg 2"},{"floor":11.0,"key":"LetterFromLob"}],"event_choices":[],"is_beta":false,"boss_relics":[{"not_picked":["aspiration:PoetsPen_weak","Busted Crown"],"picked":"Runic Cube"}],"items_purged_floors":[],"is_endless":false,"potions_floor_spawned":[4,11,12,18,22],"killed_by":"Gensokyo:3_Gloops","ascension_level":0}}