{"host":"o3nki8hvugtioqst","time":1611681304,"event":{"mods":["AchievementEnabler","BaseMod","Colored Powertips","Downfall","Minty Spire (QoL Compilation)","Quick Restart","Rare Cards Sparkle","StSLib","SuperFastMode"],"gold_per_floor":[99,274,274,18,18,38,62,81,81,81,81,97,97,97,114,214,214,214,224,244,244,256,256,256,256,276,10,10,27,27,27,47,144,144,144,154,154,469,488,488,488,488,504,517,572,597,597,264,275,275],"floor_reached":51,"language":"ENG","playtime":1967,"items_purged":["Doubt","sneckomod:Strike"],"score":790,"play_id":"ef17122f-897e-4f03-8696-b8bd33271459","local_time":"20210126191504","is_ascension_mode":false,"campfire_choices":[{"data":"sneckomod:TailWhip","floor":1,"key":"SMITH"},{"data":"sneckomod:DiceBoulder","floor":9,"key":"SMITH"},{"data":"sneckomod:DiceBoulder+1","floor":11,"key":"SMITH"},{"data":"sneckomod:DiceBoulder+2","floor":18,"key":"SMITH"},{"data":"sneckomod:DiceBoulder+3","floor":25,"key":"SMITH"},{"data":"sneckomod:DiceBoulder+4","floor":28,"key":"SMITH"},{"data":"sneckomod:DiceBoulder+6","floor":35,"key":"SMITH"},{"data":"sneckomod:DiceBoulder+7","floor":40,"key":"SMITH"},{"data":"sneckomod:DiceBoulder+8","floor":42,"key":"SMITH"}],"circlet_count":0,"master_deck":["sneckomod:TailWhip+1","sneckomod:SnekBite","sneckomod:DiceBoulder+9","sneckomod:UnknownRareAttack+1","sneckomod:Unknown2Cost+1","sneckomod:Rotation","sneckomod:SoulRoll+1","sneckomod:UnknownExhaust+1","sneckomod:Unknown3Cost+1","sneckomod:UnknownExhaust+1","sneckomod:UnknownBoss","sneckomod:SoulRoll+1","Corruption","downfall:Malfunctioning"],"relics":["sneckomod:SneckoSoul","downfall:HeartsMalice","Omamori","Blood Vial","Juzu Bracelet","Runic Pyramid","Bag of Preparation","Happy Flower","MutagenicStrength","Calling Bell","Strawberry","Singing Bowl","Dead Branch","Darkstone Periapt","Du-Vu Doll","Bottled Lightning"],"acts_visited":["Exordium","TheCity","TheBeyond"],"potions_floor_usage":[16,33,33,50],"damage_taken":[{"damage":0,"enemies":"2 Louse","floor":3,"turns":1},{"damage":0,"enemies":"downfall:FleeingMerchant","floor":4,"turns":1},{"damage":0,"enemies":"Small Slimes","floor":5,"turns":1},{"damage":6,"enemies":"Jaw Worm","floor":6,"turns":3},{"damage":0,"enemies":"Blue Slaver","floor":8,"turns":1},{"damage":35,"enemies":"Gremlin Gang","floor":12,"turns":3},{"damage":0,"enemies":"Large Slime","floor":15,"turns":5},{"damage":86,"enemies":"DF_ARCHETYPE_STREAMLINE","floor":16,"turns":10},{"damage":39,"enemies":"3 Byrds","floor":19,"turns":6},{"damage":25,"enemies":"Spheric Guardian","floor":20,"turns":4},{"damage":6,"enemies":"Cultist and Chosen","floor":22,"turns":3},{"damage":0,"enemies":"Snecko","floor":26,"turns":2},{"damage":0,"enemies":"downfall:FleeingMerchant","floor":27,"turns":4},{"damage":12,"enemies":"Centurion and Healer","floor":29,"turns":2},{"damage":0,"enemies":"3 Cultists","floor":32,"turns":2},{"damage":26,"enemies":"SI_MIRROR_ARCHETYPE","floor":33,"turns":4},{"damage":0,"enemies":"3 Darklings","floor":36,"turns":1},{"damage":0,"enemies":"downfall:FleeingMerchant","floor":38,"turns":2},{"damage":16,"enemies":"3 Shapes","floor":39,"turns":4},{"damage":10,"enemies":"Jaw Worm Horde","floor":43,"turns":2},{"damage":0,"enemies":"Spire Growth","floor":44,"turns":1},{"damage":10,"enemies":"2 Orb Walkers","floor":45,"turns":2},{"damage":37,"enemies":"Reptomancer","floor":46,"turns":3},{"damage":0,"enemies":"Maw","floor":49,"turns":2},{"damage":32,"enemies":"WA_ARCHETYPE_DIVINITY","floor":50,"turns":10}],"seed_played":"-3055703921237401961","potions_obtained":[{"floor":8,"key":"SpeedPotion"},{"floor":12,"key":"Dexterity Potion"},{"floor":15,"key":"FairyPotion"},{"floor":16,"key":"hexamod:SoulburnPotion"},{"floor":22,"key":"hexamod:SoulburnPotion"},{"floor":36,"key":"Weak Potion"},{"floor":39,"key":"Regen Potion"},{"floor":46,"key":"PowerPotion"}],"is_trial":false,"path_per_floor":["R","?","M","$","M","M","T","M","R","?","R","M","?","?","M","B",null,"R","M","M","?","M","?","T","R","M","$","R","M","?","?","M","B",null,"R","M","?","$","M","R","T","R","M","M","?","E","?","?","M","B",null],"character_chosen":"THE_SNECKO","items_purchased":["Omamori","sneckomod:DiceBoulder","Happy Flower"],"campfire_rested":0,"item_purchase_floors":[4,4,27],"current_hp_per_floor":[90,90,90,90,90,84,84,86,86,86,86,53,50,50,52,9,90,90,51,28,28,24,54,54,54,56,58,58,48,48,48,71,47,97,97,103,103,103,89,89,89,89,83,87,81,48,54,134,136,104],"gold":275,"neow_bonus":"THREE_ENEMY_KILL","is_daily":false,"chose_seed":false,"campfire_upgraded":9,"win_rate":0.0,"timestamp":1611681304,"path_taken":["R","?","M","$","M","M","T","M","R","?","R","M","?","?","M","BOSS","R","M","M","?","M","?","T","R","M","$","R","M","?","?","M","BOSS","R","M","?","$","M","R","T","R","M","M","?","E","?","?","M","BOSS"],"items_purchased_type":["Relic","Card","Relic"],"build_version":"2020-12-22","purchased_purges":2,"victory":true,"max_hp_per_floor":[90,90,90,90,90,90,90,90,90,90,90,90,90,90,90,90,90,90,90,90,90,90,90,90,90,90,90,90,90,90,90,90,90,97,97,103,103,103,105,105,105,105,107,109,111,113,119,134,136,136],"card_choices":[{"not_picked":["sneckomod:Unknown1Cost","sneckomod:UnknownX","sneckomod:DiceBlock"],"picked":"SKIP","floor":3},{"not_picked":["sneckomod:MasterEye","sneckomod:Unknown1Cost"],"picked":"sneckomod:MorePower","floor":4},{"not_picked":["sneckomod:Rotation","sneckomod:UnknownCommonSkill","sneckomod:PureSnecko"],"picked":"SKIP","floor":5},{"not_picked":["sneckomod:UnknownVulnerable+1","sneckomod:UnknownExhaust+1"],"picked":"sneckomod:UnknownRareAttack+1","floor":6},{"not_picked":["sneckomod:UnknownColorless","sneckomod:CheapStock","sneckomod:RainOfDice"],"picked":"SKIP","floor":6},{"not_picked":["sneckomod:DiceCrush","sneckomod:Unknown1Cost","sneckomod:RainOfDice"],"picked":"SKIP","floor":8},{"not_picked":["sneckomod:UnknownDexterity+1","sneckomod:UnknownVulnerable+1"],"picked":"sneckomod:Unknown2Cost+1","floor":12},{"not_picked":["sneckomod:SoulRoll","sneckomod:Memorize"],"picked":"sneckomod:Rotation","floor":12},{"not_picked":["sneckomod:UnknownUncommonAttack+1","sneckomod:UnknownUncommonSkill+1","sneckomod:UnknownClassTHE_CHAMP_GRAY+1"],"picked":"SKIP","floor":15},{"not_picked":["sneckomod:WideSting","sneckomod:IronFang","sneckomod:UnknownUncommonPower"],"picked":"SKIP","floor":15},{"not_picked":["sneckomod:SoulExchange","sneckomod:UnknownRareSkill"],"picked":"sneckomod:UnknownRarePower","floor":16},{"not_picked":["sneckomod:DiceBlock","sneckomod:UnknownClassRED"],"picked":"sneckomod:SoulRoll","floor":19},{"not_picked":["sneckomod:UnknownBlock+1","sneckomod:Unknown1Cost+1"],"picked":"sneckomod:UnknownExhaust+1","floor":20},{"not_picked":["sneckomod:UnknownStrike","sneckomod:UnknownClassGUARDIAN","sneckomod:UnknownExhaust"],"picked":"SKIP","floor":20},{"not_picked":["sneckomod:UnknownUncommonAttack","sneckomod:SoulCleanse","sneckomod:UnknownDraw"],"picked":"SKIP","floor":22},{"not_picked":["sneckomod:IronFang","sneckomod:UnknownUncommonSkill","sneckomod:Unknown1Cost"],"picked":"SKIP","floor":26},{"not_picked":["sneckomod:DiceBlock","sneckomod:UnknownStrength","sneckomod:UnknownCommonSkill"],"picked":"SKIP","floor":27},{"not_picked":["sneckomod:ImprovisedAttack","sneckomod:SoulDraw","sneckomod:UnknownClassGUARDIAN"],"picked":"SKIP","floor":29},{"not_picked":["sneckomod:UnknownClassBLUE+1","sneckomod:UnknownClassHEXA_GHOST_PURPLE+1"],"picked":"sneckomod:Unknown3Cost+1","floor":32},{"not_picked":["sneckomod:UnknownUncommonSkill","sneckomod:SoulRoll","sneckomod:SerpentIdol"],"picked":"SKIP","floor":32},{"not_picked":["sneckomod:UnknownClassSLIMEBOUND+1","sneckomod:UnknownClassTHE_BRONZE_AUTOMATON+1"],"picked":"sneckomod:UnknownExhaust+1","floor":33},{"not_picked":["sneckomod:Cheat","sneckomod:MorePower"],"picked":"sneckomod:UnknownBoss","floor":33},{"not_picked":["sneckomod:UnknownClassRED+1","sneckomod:Nope","sneckomod:Unknown1Cost+1"],"picked":"Singing Bowl","floor":36},{"not_picked":["sneckomod:SoulDraw+1","sneckomod:WideSting"],"picked":"sneckomod:SoulRoll","floor":38},{"not_picked":["sneckomod:SoulDraw+1","sneckomod:Unknown1Cost+1","sneckomod:QuickBite+1"],"picked":"Singing Bowl","floor":39},{"not_picked":["sneckomod:DiceBlock","sneckomod:WideSting+1","sneckomod:UnknownCommonAttack+1"],"picked":"Singing Bowl","floor":43},{"not_picked":["sneckomod:UnknownCommonSkill","sneckomod:UnknownCommonAttack+1","sneckomod:RainOfDice"],"picked":"Singing Bowl","floor":44},{"not_picked":["sneckomod:UnknownClassRED+1","sneckomod:QuickBite+1","sneckomod:IronFang"],"picked":"Singing Bowl","floor":45},{"not_picked":["sneckomod:UnknownUncommonAttack+1","sneckomod:ImprovisedGuard+1","sneckomod:UnknownStrength+1"],"picked":"Singing Bowl","floor":46},{"not_picked":["sneckomod:PureSnecko+1","sneckomod:UnknownExhaust","sneckomod:SoulExchange"],"picked":"Singing Bowl","floor":49}],"player_experience":256605,"relics_obtained":[{"floor":7,"key":"Blood Vial"},{"floor":24,"key":"Bag of Preparation"},{"floor":34,"key":"Strawberry"},{"floor":34,"key":"Singing Bowl"},{"floor":34,"key":"Dead Branch"},{"floor":41,"key":"Darkstone Periapt"},{"floor":45,"key":"Du-Vu Doll"},{"floor":46,"key":"Bottled Lightning"}],"event_choices":[{"cards_removed":["sneckomod:Strike"],"damage_healed":0,"gold_gain":0,"player_choice":"Card Removal","damage_taken":0,"max_hp_gain":0,"max_hp_loss":0,"event_name":"The Cleric","floor":10,"gold_loss":0},{"damage_healed":0,"gold_gain":0,"player_choice":"Success","damage_taken":3,"relics_obtained":["Juzu Bracelet"],"max_hp_gain":0,"max_hp_loss":0,"event_name":"Scrap Ooze","floor":13,"gold_loss":0},{"damage_healed":0,"gold_gain":0,"player_choice":"Ignored","damage_taken":0,"max_hp_gain":0,"max_hp_loss":0,"event_name":"Ghosts","floor":21,"gold_loss":0},{"damage_healed":30,"gold_gain":0,"player_choice":"Heal","damage_taken":0,"max_hp_gain":0,"max_hp_loss":0,"event_name":"The Library","floor":23,"gold_loss":0},{"damage_healed":0,"gold_gain":0,"player_choice":"Forge","damage_taken":0,"max_hp_gain":0,"max_hp_loss":0,"event_name":"Accursed Blacksmith","floor":30,"gold_loss":0,"cards_upgraded":["sneckomod:DiceBoulder"]},{"damage_healed":0,"gold_gain":0,"player_choice":"Inject Mutagens","damage_taken":0,"relics_obtained":["MutagenicStrength"],"max_hp_gain":0,"max_hp_loss":0,"event_name":"Drug Dealer","floor":31,"gold_loss":0},{"cards_removed":["sneckomod:MorePower"],"damage_healed":0,"gold_gain":0,"player_choice":"Removed Power","damage_taken":0,"max_hp_gain":0,"max_hp_loss":0,"event_name":"Falling","floor":37,"gold_loss":0},{"damage_healed":0,"gold_gain":0,"player_choice":"Fight","damage_taken":0,"max_hp_gain":0,"max_hp_loss":0,"event_name":"Mysterious Sphere","floor":45,"gold_loss":0}],"is_beta":false,"boss_relics":[{"not_picked":["Tiny House","Sozu"],"picked":"Runic Pyramid"},{"not_picked":["Runic Dome","Black Star"],"picked":"Calling Bell"}],"items_purged_floors":[4,27],"is_endless":false,"potions_floor_spawned":[8,12,15,16,22,36,39,44,46],"ascension_level":0}}