{"host":"ak97kadm4gobvh6l","time":1611625813,"event":{"mods":["BaseMod","Colored Map","Downfall","Minty Spire (QoL Compilation)","StSLib"],"gold_per_floor":[99,113,133,153,153,179,179,194,205,66,166,66,66,1,12,116,116,16,27,27,27,37,62,62,62,81,114,14,25,25,61,87,197,197,197,217,243,266,316,146,155,155,198,198,198,225,225,245,271,280,280,316,36,36,36,36],"floor_reached":57,"language":"ENG","playtime":5553,"items_purged":["Writhe","bronze:Strike","downfall:Malfunctioning"],"score":1468,"play_id":"693676de-d8b6-4b6d-b23f-fee28ede8d87","local_time":"20210126025013","is_ascension_mode":true,"campfire_choices":[{"floor":1,"key":"RECALL"},{"floor":12,"key":"REST"},{"data":"bronze:BugBarrage","floor":18,"key":"SMITH"},{"data":"bronze:Goto","floor":25,"key":"SMITH"},{"data":"bronze:Repulsor","floor":28,"key":"SMITH"},{"floor":30,"key":"REST"},{"data":"bronze:ItsAFeature","floor":35,"key":"SMITH"},{"data":"bronze:Defend","floor":42,"key":"SMITH"},{"data":"bronze:Defend","floor":45,"key":"SMITH"},{"data":"bronze:Defend","floor":47,"key":"SMITH"},{"data":"expansioncontent:InvincibleStrength","floor":54,"key":"SMITH"}],"circlet_count":0,"master_deck":["bronze:Strike","bronze:Defend+1","bronze:Defend+1","bronze:Defend+1","bronze:Replicate","bronze:Goto+1","bronze:BugBarrage+1","bronze:WildBeam","bronze:Repulsor+1","bronze:Shell+1","bronze:Shield+1","bronze:BurnOut+1","bronze:BugBarrage+1","bronze:BuggyMess+1","bronze:FindAndReplace+1","bronze:OilSpill+1","bronze:BugBarrage+1","bronze:BugBarrage+1","bronze:Shield+1","bronze:Repair+1","bronze:BuggyMess+1","bronze:ItsAFeature+1","bronze:ItsAFeature","bronze:BugBarrage+1","bronze:AlphaBuild+1","bronze:BugBarrage+1","bronze:FindAndReplace+1","bronze:FineTuning+1","expansioncontent:DashGenerateEvil+1","Decay","bronze:ClassDefault+1","bronze:ItsAFeature+1","bronze:FunctionCard","bronze:ItsAFeature","bronze:Philosophize+1","expansioncontent:InvincibleStrength+1"],"relics":["bronze:BronzeCore","Toxic Egg 2","Molten Egg 2","downfall:HeartBlessingGreen","Cursed Key","downfall:HeartBlessingRed","Nilry\u0027s Codex","Blue Candle","Turnip","downfall:HeartBlessingBlue","CeramicFish","Philosopher\u0027s Stone","Incense Burner","InkBottle","Calipers","Ancient Tea Set","StrikeDummy","Eternal Feather"],"acts_visited":["Exordium","TheCity","TheBeyond","TheEnding"],"potions_floor_usage":[6,16,16,23,27,27,31,52],"damage_taken":[{"damage":1,"enemies":"Cultist","floor":2,"turns":3},{"damage":0,"enemies":"Small Slimes","floor":3,"turns":2},{"damage":7,"enemies":"Jaw Worm","floor":4,"turns":2},{"damage":36,"enemies":"Lagavulin","floor":6,"turns":8},{"damage":1,"enemies":"Exordium Wildlife","floor":8,"turns":3},{"damage":22,"enemies":"Blue Slaver","floor":9,"turns":5},{"damage":0,"enemies":"downfall:FleeingMerchant","floor":10,"turns":4},{"damage":0,"enemies":"downfall:FleeingMerchant","floor":14,"turns":4},{"damage":4,"enemies":"2 Fungi Beasts","floor":15,"turns":3},{"damage":5,"enemies":"IC_STATUS_ARCHETYPE","floor":16,"turns":5},{"damage":0,"enemies":"Spheric Guardian","floor":19,"turns":2},{"damage":0,"enemies":"Chosen","floor":22,"turns":3},{"damage":14,"enemies":"Slavers","floor":23,"turns":3},{"damage":0,"enemies":"Snake Plant","floor":26,"turns":1},{"damage":9,"enemies":"Gremlin Leader","floor":27,"turns":3},{"damage":3,"enemies":"Centurion and Healer","floor":29,"turns":3},{"damage":25,"enemies":"Book of Stabbing","floor":31,"turns":6},{"damage":1,"enemies":"3 Cultists","floor":32,"turns":3},{"damage":6,"enemies":"WA_ARCHETYPE_CALM","floor":33,"turns":7},{"damage":11,"enemies":"Orb Walker","floor":36,"turns":4},{"damage":0,"enemies":"3 Shapes","floor":37,"turns":2},{"damage":10,"enemies":"Sphere and 2 Shapes","floor":38,"turns":3},{"damage":2,"enemies":"Sphere and 2 Shapes","floor":39,"turns":5},{"damage":7,"enemies":"downfall:FleeingMerchant","floor":40,"turns":4},{"damage":0,"enemies":"Reptomancer","floor":43,"turns":3},{"damage":13,"enemies":"Nemesis","floor":46,"turns":5},{"damage":1,"enemies":"Maw","floor":48,"turns":5},{"damage":3,"enemies":"4 Shapes","floor":49,"turns":3},{"damage":20,"enemies":"DF_ARCHETYPE_ORBS","floor":50,"turns":5},{"damage":12,"enemies":"downfall:CharBossMerchant","floor":52,"turns":5},{"damage":10,"enemies":"downfall:NeowBoss","floor":55,"turns":13},{"damage":14,"enemies":"downfall:NeowBossFinal","floor":56,"turns":6}],"seed_played":"-1691809355192975026","potions_obtained":[{"floor":4,"key":"Energy Potion"},{"floor":15,"key":"BlessingOfTheForge"},{"floor":16,"key":"Swift Potion"},{"floor":19,"key":"DuplicationPotion"},{"floor":23,"key":"AttackPotion"},{"floor":29,"key":"Guardian:BlockOnCardUsePotion"},{"floor":31,"key":"Explosive Potion"},{"floor":33,"key":"SmokeBomb"},{"floor":36,"key":"Fire Potion"},{"floor":38,"key":"Swift Potion"}],"is_trial":false,"path_per_floor":["R","M","M","M","?","E","T","M","M","$","?","R","?","$","M","B",null,"R","M","?","?","M","E","T","R","M","E","R","M","R","E","M","B",null,"R","M","M","M","?","$","T","R","E","?","R","E","R","M","M","B",null,"E","$","R","B","B",null],"character_chosen":"THE_AUTOMATON","items_purchased":["Block Potion","SkillPotion","expansioncontent:DashGenerateEvil","InkBottle","bronze:Philosophize+1","expansioncontent:InvincibleStrength"],"campfire_rested":2,"item_purchase_floors":[10,14,40,40,53,53],"current_hp_per_floor":[70,69,69,62,62,26,26,25,3,3,3,24,24,24,20,15,70,70,70,54,54,54,40,40,40,40,41,51,58,80,55,64,68,80,80,79,79,69,77,73,73,73,80,80,80,67,67,76,80,60,80,78,78,80,80,66],"gold":36,"neow_bonus":"THREE_CARDS","is_daily":false,"chose_seed":false,"campfire_upgraded":8,"win_rate":0.0,"timestamp":1611625813,"path_taken":["R","M","M","M","?","E","T","?","M","$","?","R","?","?","M","BOSS","R","M","?","?","M","E","T","R","M","E","R","M","R","E","M","BOSS","R","M","M","M","?","$","T","R","E","?","R","E","R","M","M","BOSS","E","$","R","BOSS","BOSS"],"items_purchased_type":["Potion","Potion","Card","Relic","Card","Card"],"build_version":"2020-12-22","purchased_purges":3,"victory":true,"max_hp_per_floor":[70,70,70,70,70,70,70,70,70,70,70,70,70,70,70,70,70,70,70,70,70,70,70,70,70,70,70,80,80,80,80,80,80,80,80,80,80,80,80,80,80,80,80,80,80,80,80,80,80,80,80,80,80,80,80,80],"card_choices":[{"not_picked":["bronze:Frontload","bronze:Deprecate"],"picked":"bronze:BugBarrage","floor":0},{"not_picked":["bronze:Optimize","bronze:Constructor"],"picked":"bronze:WildBeam","floor":2},{"not_picked":["bronze:Fortify","bronze:Branch","bronze:DelayedGuard"],"picked":"SKIP","floor":3},{"not_picked":["bronze:ClassDefault","bronze:DigitalCarnage","bronze:Overheat"],"picked":"SKIP","floor":4},{"not_picked":["bronze:Shield+1","bronze:Break"],"picked":"bronze:Repulsor","floor":6},{"not_picked":["bronze:WildBeam+1","bronze:Terminator+1"],"picked":"bronze:Shell+1","floor":8},{"not_picked":["bronze:NullPointer+1","bronze:BuggyMess+1"],"picked":"bronze:Shield+1","floor":9},{"not_picked":["bronze:Overload+1","bronze:ChosenStrike+1"],"picked":"bronze:BurnOut+1","floor":10},{"not_picked":["bronze:FineTuning+1","bronze:Shield+1"],"picked":"bronze:BugBarrage+1","floor":14},{"not_picked":["bronze:Frontload+1","bronze:Optimize"],"picked":"bronze:BuggyMess+1","floor":15},{"not_picked":["bronze:TinkerersToolbox+1","bronze:Format+1"],"picked":"bronze:FindAndReplace+1","floor":16},{"not_picked":["bronze:CloningBeam+1","bronze:DelayedGuard+1"],"picked":"bronze:OilSpill+1","floor":19},{"not_picked":["bronze:InfiniteBeams+1","bronze:Flail+1"],"picked":"bronze:BugBarrage+1","floor":22},{"not_picked":["bronze:DelayedGuard+1","bronze:ForceShield+1"],"picked":"bronze:Shield+1","floor":23},{"not_picked":["bronze:Boost+1","bronze:BronzeArmor+1"],"picked":"bronze:Repair+1","floor":26},{"not_picked":["bronze:ForceShield+1","bronze:WildBeam+1"],"picked":"bronze:BuggyMess+1","floor":27},{"not_picked":["bronze:Invalidate+1","bronze:CloningBeam+1"],"picked":"bronze:ItsAFeature","floor":29},{"not_picked":["bronze:Philosophize+1","bronze:MaxOutput"],"picked":"bronze:ItsAFeature","floor":31},{"not_picked":["bronze:Branch+1","bronze:Invalidate+1"],"picked":"bronze:BugBarrage+1","floor":32},{"not_picked":["bronze:HardenedForm","bronze:Break+1"],"picked":"bronze:AlphaBuild+1","floor":33},{"not_picked":["bronze:Optimize","bronze:Separator+1","bronze:Overload+1"],"picked":"SKIP","floor":36},{"not_picked":["bronze:Branch+1","bronze:Constructor+1"],"picked":"bronze:BugBarrage+1","floor":37},{"not_picked":["bronze:Invalidate+1","bronze:ItsAFeature+1"],"picked":"bronze:FindAndReplace+1","floor":38},{"not_picked":["bronze:Format+1","bronze:Shield+1"],"picked":"bronze:FineTuning+1","floor":40},{"not_picked":["bronze:Invalidate+1","bronze:Shell+1"],"picked":"bronze:ClassDefault+1","floor":43},{"not_picked":["bronze:OilSpill+1","bronze:Allocate+1","bronze:WildBeam+1"],"picked":"SKIP","floor":46},{"not_picked":["bronze:CloningBeam+1","bronze:Terminator+1"],"picked":"bronze:ItsAFeature+1","floor":48},{"not_picked":["bronze:FineTuning+1","bronze:DarkDash+1"],"picked":"bronze:Hardcode","floor":49},{"not_picked":["bronze:Refactor+1","bronze:Branch+1"],"picked":"bronze:ItsAFeature","floor":52}],"player_experience":1057424,"relics_obtained":[{"floor":6,"key":"Toxic Egg 2"},{"floor":7,"key":"Molten Egg 2"},{"floor":20,"key":"Nilry\u0027s Codex"},{"floor":23,"key":"Blue Candle"},{"floor":27,"key":"Turnip"},{"floor":31,"key":"CeramicFish"},{"floor":39,"key":"Incense Burner"},{"floor":41,"key":"Calipers"},{"floor":43,"key":"Ancient Tea Set"},{"floor":46,"key":"StrikeDummy"},{"floor":52,"key":"Eternal Feather"}],"event_choices":[{"damage_healed":0,"gold_gain":0,"player_choice":"Fled","damage_taken":0,"max_hp_gain":0,"max_hp_loss":0,"event_name":"Scrap Ooze","floor":13,"gold_loss":0},{"damage_healed":0,"gold_gain":0,"player_choice":"Read","damage_taken":0,"max_hp_gain":0,"max_hp_loss":0,"event_name":"The Library","floor":21,"gold_loss":0,"cards_obtained":["bronze:BugBarrage"]}],"is_beta":false,"boss_relics":[{"not_picked":["Runic Dome","Coffee Dripper"],"picked":"Cursed Key"},{"not_picked":["Empty Cage","Calling Bell"],"picked":"Philosopher\u0027s Stone"}],"items_purged_floors":[10,40,53],"is_endless":false,"potions_floor_spawned":[4,15,16,19,23,29,31,33,36,38,43,49],"ascension_level":3}}