{"host":"1xo5g347e5o4auts","time":1611675367,"event":{"mods":["BaseMod","Minty Spire (QoL Compilation)","Permanent Neow","StSLib"],"gold_per_floor":[118,118,118,143,166,166,199,199,199,217,217,242,282,301,301,391,391,407,425,448,463,105,140,140,140,211,211,21,21,21,41,41,140,140,211,276,342,406,455,455,521,521,546,582,582,603,663,663],"floor_reached":47,"language":"ENG","playtime":1701,"items_purged":["Regret"],"score":1363,"play_id":"4ee86544-ec31-4f7b-8d7d-dc78a7b2dcca","local_time":"20210126173607","is_ascension_mode":true,"campfire_choices":[{"data":"1","floor":6.0,"key":"LIFT"},{"floor":8.0,"key":"REST"},{"data":"2","floor":11.0,"key":"LIFT"},{"data":"3","floor":15.0,"key":"LIFT"},{"floor":24.0,"key":"REST"},{"data":"TalkToTheHand","floor":27.0,"key":"SMITH"},{"data":"TalkToTheHand","floor":32.0,"key":"SMITH"},{"data":"Wish","floor":40,"key":"SMITH"},{"floor":42,"key":"RECALL"}],"circlet_count":0,"master_deck":["AscendersBane","Strike_P","Strike_P","Strike_P","Strike_P","Defend_P","Defend_P","Defend_P","Eruption","Vigilance","EmptyFist","Protect","ClearTheMind","CarveReality","Study+1","TalkToTheHand+1","DevaForm+1","MentalFortress+1","Consecrate","TalkToTheHand+1","LikeWater+1","InnerPeace","Omniscience","FlurryOfBlows+1","Wish+1","Wireheading+1","Fasting2+1","Parasite","Regret"],"relics":["PureWater","Girya","Golden Idol","Frozen Egg 2","Yang","Cursed Key","Mummified Hand","The Courier","Pantograph","ClockworkSouvenir","Enchiridion","Snecko Eye","Mercury Hourglass","Question Card"],"acts_visited":["Exordium","TheCity","TheBeyond"],"potions_floor_usage":[39],"damage_taken":[{"damage":0.0,"enemies":"2 Louse","floor":1.0,"turns":2.0},{"damage":7.0,"enemies":"Jaw Worm","floor":4.0,"turns":2.0},{"damage":0.0,"enemies":"Cultist","floor":5.0,"turns":4.0},{"damage":31.0,"enemies":"Lagavulin","floor":7.0,"turns":9.0},{"damage":1.0,"enemies":"Looter","floor":10.0,"turns":2.0},{"damage":0.0,"enemies":"3 Louse","floor":12.0,"turns":1.0},{"damage":0.0,"enemies":"3 Sentries","floor":13.0,"turns":2.0},{"damage":0.0,"enemies":"Exordium Wildlife","floor":14.0,"turns":2.0},{"damage":0.0,"enemies":"Slime Boss","floor":16.0,"turns":5.0},{"damage":0.0,"enemies":"Spheric Guardian","floor":18.0,"turns":3.0},{"damage":0.0,"enemies":"Shell Parasite","floor":19.0,"turns":1.0},{"damage":12.0,"enemies":"Chosen and Byrds","floor":20.0,"turns":7.0},{"damage":8.0,"enemies":"Centurion and Healer","floor":21.0,"turns":5.0},{"damage":14.0,"enemies":"Book of Stabbing","floor":23.0,"turns":5.0},{"damage":0.0,"enemies":"Snecko","floor":31.0,"turns":5.0},{"damage":0.0,"enemies":"Collector","floor":33.0,"turns":8.0},{"damage":0.0,"enemies":"3 Shapes","floor":35.0,"turns":5.0},{"damage":0.0,"enemies":"Orb Walker","floor":36.0,"turns":2.0},{"damage":0.0,"enemies":"Jaw Worm Horde","floor":37.0,"turns":5.0},{"damage":0.0,"enemies":"Maw","floor":38.0,"turns":6.0},{"damage":4,"enemies":"Writhing Mass","floor":39,"turns":6},{"damage":0,"enemies":"Giant Head","floor":41,"turns":6},{"damage":27,"enemies":"Reptomancer","floor":44,"turns":5},{"damage":3,"enemies":"Sphere and 2 Shapes","floor":46,"turns":3},{"damage":26,"enemies":"Nemesis","floor":47,"turns":6}],"seed_played":"-7791581330998368308","potions_obtained":[{"floor":5.0,"key":"LiquidBronze"},{"floor":10.0,"key":"ColorlessPotion"},{"floor":13.0,"key":"SkillPotion"},{"floor":23.0,"key":"PowerPotion"},{"floor":33.0,"key":"DistilledChaos"},{"floor":38.0,"key":"LiquidBronze"},{"floor":44,"key":"Ancient Potion"}],"is_trial":false,"path_per_floor":["M","?","?","M","M","R","E","R","T","M","R","M","E","M","R","B",null,"M","M","M","M","$","E","R","?","T","R","$","?","?","M","R","B",null,"M","M","M","M","M","R","E","R","T","E","?","M","E"],"character_chosen":"WATCHER","items_purchased":["Mummified Hand","LikeWater+1","ClockworkSouvenir"],"campfire_rested":2,"item_purchase_floors":[22,22,28],"current_hp_per_floor":[61,56,49,42,42,42,11,27,27,26,26,26,26,26,26,26,49,49,49,37,29,29,15,31,31,31,31,31,31,10,10,10,35,51,51,51,51,51,47,47,47,47,47,20,46,43,17,17],"gold":663,"neow_bonus":"ONE_RARE_RELIC","is_daily":false,"chose_seed":false,"campfire_upgraded":3,"win_rate":0.0,"timestamp":1611675367,"path_taken":["M","?","?","?","M","R","E","R","T","M","R","?","E","M","R","BOSS","M","M","M","M","$","E","R","?","T","R","$","?","?","?","R","BOSS","M","M","M","M","M","R","E","R","T","E","?","M","E"],"items_purchased_type":["Relic","Card","Relic"],"build_version":"2020-12-22","purchased_purges":1,"victory":false,"max_hp_per_floor":[62,56,56,56,56,56,56,56,56,56,56,56,56,56,56,56,56,56,56,56,56,56,56,56,56,56,56,56,56,56,56,56,56,56,56,56,56,56,56,56,56,56,56,56,46,46,46,46],"card_choices":[{"not_picked":["Protect","FollowUp"],"picked":"EmptyFist","floor":1.0},{"not_picked":["EmptyBody","Worship"],"picked":"Protect","floor":4.0},{"not_picked":["EmptyFist","ConjureBlade"],"picked":"ClearTheMind","floor":5.0},{"not_picked":["ThirdEye","Prostrate"],"picked":"CarveReality","floor":7.0},{"not_picked":["ForeignInfluence","ThirdEye","Halt"],"picked":"SKIP","floor":10.0},{"not_picked":["Perseverance","EmptyFist","Study+1"],"picked":"SKIP","floor":12.0},{"not_picked":["Perseverance","EmptyFist"],"picked":"Study+1","floor":12.0},{"not_picked":["Crescendo","ThirdEye","Protect"],"picked":"SKIP","floor":13.0},{"not_picked":["Pray","Fasting2+1"],"picked":"TalkToTheHand","floor":14.0},{"not_picked":["SpiritShield","Ragnarok"],"picked":"DevaForm+1","floor":16.0},{"not_picked":["ClearTheMind","FlurryOfBlows"],"picked":"MentalFortress+1","floor":18.0},{"not_picked":["EmptyBody","PathToVictory","EmptyFist"],"picked":"SKIP","floor":19.0},{"not_picked":["BowlingBash","ClearTheMind"],"picked":"Consecrate","floor":20.0},{"not_picked":["Swivel","CrushJoints"],"picked":"TalkToTheHand","floor":21.0},{"not_picked":["Consecrate+1","Weave+1"],"picked":"InnerPeace","floor":23.0},{"not_picked":["CutThroughFate","JustLucky"],"picked":"FlurryOfBlows+1","floor":31.0},{"not_picked":["Devotion+1","ConjureBlade"],"picked":"Wish","floor":33.0},{"not_picked":["Evaluate","Perseverance"],"picked":"Wireheading+1","floor":35.0},{"not_picked":["CrushJoints+1","EmptyFist+1","Perseverance+1"],"picked":"SKIP","floor":36.0},{"not_picked":["ClearTheMind","BowlingBash"],"picked":"Fasting2+1","floor":37.0},{"not_picked":["Halt","Weave+1","FlurryOfBlows+1"],"picked":"SKIP","floor":38.0},{"not_picked":["Worship","FollowUp","Evaluate"],"picked":"SKIP","floor":39},{"not_picked":["EmptyBody","PathToVictory","SignatureMove"],"picked":"SKIP","floor":41},{"not_picked":["CutThroughFate","Prostrate+1","ConjureBlade"],"picked":"SKIP","floor":44},{"not_picked":["Sanctity","Crescendo+1","Consecrate+1","JustLucky+1"],"picked":"SKIP","floor":46}],"player_experience":1364393,"relics_obtained":[{"floor":9.0,"key":"Frozen Egg 2"},{"floor":13.0,"key":"Yang"},{"floor":23.0,"key":"The Courier"},{"floor":26.0,"key":"Pantograph"},{"floor":30.0,"key":"Enchiridion"},{"floor":41,"key":"Mercury Hourglass"},{"floor":44,"key":"Question Card"}],"event_choices":[{"damage_healed":0.0,"max_hp_gain":0.0,"max_hp_loss":6.0,"gold_gain":0.0,"event_name":"Golden Idol","player_choice":"Lose Max HP","floor":2.0,"gold_loss":0.0,"damage_taken":0.0,"relics_obtained":["Golden Idol"]},{"cards_removed":["Defend_P"],"damage_healed":0.0,"max_hp_gain":0.0,"max_hp_loss":0.0,"gold_gain":0.0,"event_name":"Golden Wing","player_choice":"Card Removal","floor":3.0,"gold_loss":0.0,"damage_taken":7.0},{"damage_healed":0.0,"max_hp_gain":0.0,"max_hp_loss":0.0,"gold_gain":0.0,"event_name":"The Library","player_choice":"Read","floor":25.0,"gold_loss":0.0,"damage_taken":0.0,"cards_obtained":["Omniscience"]},{"damage_healed":0.0,"max_hp_gain":0.0,"max_hp_loss":0.0,"gold_gain":0.0,"event_name":"Vampires","player_choice":"Ignored","floor":29.0,"gold_loss":0.0,"damage_taken":0.0},{"damage_healed":0.0,"max_hp_gain":0.0,"max_hp_loss":0.0,"gold_gain":0.0,"event_name":"Cursed Tome","player_choice":"Obtained Book","floor":30.0,"gold_loss":0.0,"damage_taken":21.0},{"damage_healed":46,"gold_gain":0,"player_choice":"Heal","damage_taken":0,"max_hp_gain":0,"max_hp_loss":10,"event_name":"The Moai Head","floor":45,"gold_loss":0}],"is_beta":false,"boss_relics":[{"not_picked":["Empty Cage","Black Star"],"picked":"Cursed Key"},{"not_picked":["Fusion Hammer","Sozu"],"picked":"Snecko Eye"}],"items_purged_floors":[28],"is_endless":false,"potions_floor_spawned":[5,10,13,14,16,23,33,38,44],"killed_by":"Nemesis","ascension_level":20}}