{"host":"onxhedhktkmfihwi","time":1611627593,"event":{"mods":["AchievementEnabler","Aspiration","Bard","BaseMod","Better Altar","Better Match","Better Note","Better Sensory Stone","Better Skull","Better Third Choice","Challenge The Spire","Conspire","Curses Come First","Custom Start","Downfall","Friendly Minions","Hubris","Infinite Spire","Minty Spire (QoL Compilation)","Permanent Neow","Replay The Spire","Robot Space Explorer","Slay the Relics Exporter","Somnambulant","Spikes Relics","StSLib","Synergy Search","The Blue Laboratory","The Cursed","The Jungle","thorton"],"gold_per_floor":[99,99,199,4,4,21,45,30,30,15,15,31,50,61,81,181,181,181,191,116,127,142,142,192,292,292,292,312,322,322,340,340,340,359,359,359,359],"floor_reached":35,"language":"ENG","playtime":7938,"items_purged":[],"score":249,"play_id":"5b21b744-2cd7-4be3-aae8-ee05e11c5ea1","local_time":"20210125181953","is_ascension_mode":false,"campfire_choices":[{"data":"champ:Taunt","floor":1,"key":"SMITH"},{"data":"champ:BringItOn","floor":9,"key":"SMITH"},{"data":"champ:EndlessRage","floor":11,"key":"SMITH"},{"floor":18,"key":"DIG"},{"floor":23,"key":"REST"},{"floor":30,"key":"REST"},{"floor":32,"key":"REST"}],"circlet_count":0,"master_deck":["champ:Strike","champ:Strike","champ:Strike","champ:Strike","champ:Defend","champ:Defend","champ:Defend","champ:Defend","champ:Execute","champ:Taunt+1","champ:BringItOn+1","champ:EnGarde","champ:EndlessRage+1","champ:BringItOn","champ:BladeFlurry","champ:PerfectedStrike","champ:FanOfKnives","champ:TornadoPunch","champ:AdrenalArmor","champ:FocusedBerserking","champ:ArenaPreparation","champ:GladiatorForm","champ:HeartStrike","champ:CheapShot","Bandage Up","champ:AdrenalArmor","champ:VampiricStrike","champ:Endure","champ:StanceDance","champ:StanceDance+1","champ:FaceSlap","RobotSpaceExplorer:GlueSpray","champ:IgnorePain"],"relics":["champ:ChampionCrown","downfall:HeartsMalice","SnailShell","hubris:SlimyHat","conspire:RunicOctahedron","hubris:TenFootPole","Smiling Mask"],"acts_visited":["Exordium","TheCity"],"potions_floor_usage":[16,16,28,28,35,35,35],"damage_taken":[{"damage":0,"enemies":"Jaw Worm","floor":2,"turns":1},{"damage":0,"enemies":"downfall:FleeingMerchant","floor":4,"turns":1},{"damage":0,"enemies":"Cultist","floor":5,"turns":1},{"damage":20,"enemies":"conspire:RoseBush","floor":6,"turns":5},{"damage":20,"enemies":"downfall:FleeingMerchant","floor":8,"turns":4},{"damage":5,"enemies":"downfall:FleeingMerchant","floor":10,"turns":4},{"damage":17,"enemies":"Exordium Wildlife","floor":12,"turns":4},{"damage":8,"enemies":"Red Slaver","floor":13,"turns":3},{"damage":25,"enemies":"3 Louse","floor":14,"turns":4},{"damage":10,"enemies":"Red Slaver","floor":15,"turns":3},{"damage":47,"enemies":"IC_STATUS_ARCHETYPE","floor":16,"turns":9},{"damage":42,"enemies":"Chosen","floor":19,"turns":6},{"damage":98,"enemies":"3 Byrds","floor":21,"turns":6},{"damage":85,"enemies":"Snake Plant","floor":22,"turns":6},{"damage":50,"enemies":"3 Cultists","floor":28,"turns":5},{"damage":50,"enemies":"Centurion and Healer","floor":29,"turns":10},{"damage":81,"enemies":"Sentry and Sphere","floor":31,"turns":8},{"damage":60,"enemies":"Snake Plant","floor":34,"turns":7},{"damage":120,"enemies":"DF_ARCHETYPE_CLAW","floor":35,"turns":6}],"seed_played":"-7601986859239823968","potions_obtained":[{"floor":6,"key":"Explosive Potion"},{"floor":12,"key":"blueLaboratory:RememoryPotion"},{"floor":13,"key":"Weak Potion"},{"floor":16,"key":"SpeedPotion"},{"floor":22,"key":"blueLaboratory:HorrorPotion"},{"floor":28,"key":"Death Potion"},{"floor":31,"key":"champ:OpenerPotion"},{"floor":34,"key":"PowerPotion"}],"is_trial":false,"path_per_floor":["R","M","?","$","M","M","T","$","R","$","R","M","M","M","M","B",null,"R","M","?","M","M","R","T","?","PTL","PTL","M","M","R","M","R","?","M","B"],"character_chosen":"THE_CHAMP","items_purchased":["SnailShell","champ:EndlessRage"],"campfire_rested":3,"item_purchase_floors":[4,4],"current_hp_per_floor":[90,90,90,90,90,90,90,90,90,90,90,83,75,75,75,58,90,90,78,78,44,21,48,48,48,48,48,47,20,47,30,57,57,61,0,0,0],"gold":359,"neow_bonus":"THREE_ENEMY_KILL","is_daily":false,"chose_seed":false,"campfire_upgraded":3,"win_rate":0.0,"timestamp":1611627593,"path_taken":["R","M","?","$","?","M","T","?","R","$","R","M","M","M","M","BOSS","R","M","?","M","?","R","T","?","PTL","PTL","M","M","R","M","R","?","M","BOSS"],"items_purchased_type":["Relic","Card"],"build_version":"2020-12-22","purchased_purges":0,"victory":false,"max_hp_per_floor":[90,90,90,90,90,90,90,90,90,90,90,90,90,90,90,90,90,90,90,90,90,90,90,90,90,90,90,90,90,90,90,90,90,90,90,90,90],"card_choices":[{"not_picked":["champ:FanOfKnives","champ:SetATrap"],"picked":"champ:BringItOn","floor":2},{"not_picked":["champ:FanOfKnives","champ:RecklessLeap"],"picked":"champ:EnGarde","floor":4},{"not_picked":["champ:FaceSlap","champ:HeartStrike"],"picked":"champ:BringItOn","floor":5},{"not_picked":["champ:Backstep","champ:RisingSlash"],"picked":"champ:BladeFlurry","floor":6},{"not_picked":["champ:BladeFlurry","champ:EnragedBash"],"picked":"champ:PerfectedStrike","floor":8},{"not_picked":["champ:Circumvent","champ:RapidStrikes"],"picked":"champ:FanOfKnives","floor":10},{"not_picked":["champ:BringItOn","champ:Circumvent"],"picked":"champ:TornadoPunch","floor":12},{"not_picked":["champ:ShieldThrow","champ:PreciseThrust"],"picked":"champ:AdrenalArmor","floor":13},{"not_picked":["champ:Duel","champ:Backstep"],"picked":"champ:FocusedBerserking","floor":14},{"not_picked":["champ:CrownThrow","champ:EnGarde"],"picked":"champ:ArenaPreparation","floor":15},{"not_picked":["champ:UltimateStance","champ:TripleStrike"],"picked":"champ:GladiatorForm","floor":16},{"not_picked":["champ:Circumvent","champ:PreemptiveStrike"],"picked":"champ:HeartStrike","floor":19},{"not_picked":["champ:ShieldThrow","champ:LastStand"],"picked":"champ:CheapShot","floor":20},{"not_picked":["Impatience","Purity"],"picked":"Bandage Up","floor":20},{"not_picked":["champ:TornadoPunch","champ:Haymaker"],"picked":"champ:AdrenalArmor","floor":20},{"not_picked":["champ:BerserkersShout+1","champ:SetATrap+1"],"picked":"champ:VampiricStrike","floor":21},{"not_picked":["champ:BladeFlurry","champ:PerfectedStrike"],"picked":"champ:Endure","floor":22},{"not_picked":["champ:Shatter+1","champ:GutPunch"],"picked":"champ:StanceDance","floor":28},{"not_picked":["champ:PerfectedStrike+1","champ:HeartStrike+1"],"picked":"champ:StanceDance+1","floor":29},{"not_picked":["champ:PreciseThrust","champ:GutPunch"],"picked":"champ:FaceSlap","floor":31},{"not_picked":["champ:Circumvent+1","champ:Encircle"],"picked":"champ:IgnorePain","floor":34}],"player_experience":147723,"relics_obtained":[{"floor":7,"key":"hubris:SlimyHat"},{"floor":18,"key":"hubris:TenFootPole"},{"floor":24,"key":"Smiling Mask"}],"event_choices":[{"damage_healed":0,"gold_gain":0,"player_choice":"1","damage_taken":0,"max_hp_gain":0,"max_hp_loss":0,"event_name":"betterMatch:BetterMatch","floor":20,"gold_loss":0,"cards_obtained":["betterMatch:RareCard","betterMatch:CommonCard","betterMatch:ColorlessUncommonCard"]},{"cards_removed":["Bandage Up"],"damage_healed":0,"gold_gain":0,"player_choice":"Take \u0026 Give","damage_taken":0,"max_hp_gain":0,"max_hp_loss":0,"event_name":"betterNote:BetterNote","floor":33,"gold_loss":0,"cards_obtained":["RobotSpaceExplorer:GlueSpray"]}],"is_beta":false,"boss_relics":[{"not_picked":["Snecko Eye","hubris:CrackedHourglass"],"picked":"conspire:RunicOctahedron"}],"items_purged_floors":[],"is_endless":false,"potions_floor_spawned":[6,12,13,16,22,28,31,34],"killed_by":"DF_ARCHETYPE_CLAW","ascension_level":0}}