{"host":"oxuqrune2284tqjp","time":1611689740,"event":{"mods":["AchievementEnabler","BaseMod","Colored Map","Colored Powertips","Hero for Fun","Minty Spire (QoL Compilation)","StSLib","The Bug Knight","The Cursed","The Wild Card"],"gold_per_floor":[109,125,142,153,228,255,266,278,278,278,294,294,320,332,332,432,432,443,461,461,476,489,489,109,109,109,109,142,162,162,191,191,191,191],"floor_reached":33,"language":"ENG","playtime":4933,"items_purged":[],"score":281,"play_id":"d40e4881-0720-4210-ae63-3eaef90ef00b","local_time":"20210126203540","is_ascension_mode":false,"campfire_choices":[{"floor":10,"key":"REST"},{"data":"Tactician","floor":12,"key":"SMITH"},{"floor":15,"key":"REST"},{"floor":23,"key":"REST"},{"data":"Envenom","floor":25,"key":"SMITH"},{"data":"Calculated Gamble","floor":27,"key":"SMITH"},{"floor":32,"key":"REST"}],"circlet_count":0,"master_deck":["Strike_G","Strike_G","Strike_G","Strike_G","Strike_G","Defend_G","Defend_G","Defend_G","Defend_G","Defend_G","Survivor","Neutralize","Quick Slash","PiercingWail","Acrobatics","Prepared","Deadly Poison","Finisher","Footwork","Tactician+1","Blade Dance","Underhanded Strike","Doppelganger","Flying Knee","Underhanded Strike","Dagger Spray","Envenom+1","Dark Shackles","Calculated Gamble+1","Deadly Poison","Sucker Punch+1","Endless Agony","Blade Dance"],"relics":["Ring of the Snake","Vajra","Blood Vial","Bag of Marbles","Ninja Scroll","Sundial","Red Mask","Nunchaku"],"acts_visited":["Exordium","TheCity"],"potions_floor_usage":[16,16,16,33,33,33],"damage_taken":[{"damage":0.0,"enemies":"Small Slimes","floor":1.0,"turns":4.0},{"damage":4.0,"enemies":"Jaw Worm","floor":2.0,"turns":4.0},{"damage":4.0,"enemies":"Cultist","floor":3.0,"turns":5.0},{"damage":4.0,"enemies":"2 Fungi Beasts","floor":4.0,"turns":5.0},{"damage":17.0,"enemies":"3 Sentries","floor":6.0,"turns":11.0},{"damage":4.0,"enemies":"Blue Slaver","floor":7.0,"turns":4.0},{"damage":2.0,"enemies":"Large Slime","floor":8.0,"turns":9.0},{"damage":13,"enemies":"2 Fungi Beasts","floor":11,"turns":4},{"damage":8,"enemies":"HollowMod:MossKnight","floor":13,"turns":9},{"damage":2,"enemies":"Looter","floor":14,"turns":3},{"damage":25,"enemies":"Hexaghost","floor":16,"turns":12},{"damage":0,"enemies":"Chosen","floor":18,"turns":4},{"damage":8,"enemies":"3 Byrds","floor":19,"turns":5},{"damage":10,"enemies":"Snecko","floor":21,"turns":5},{"damage":30,"enemies":"3 Cultists","floor":22,"turns":7},{"damage":0,"enemies":"Masked Bandits","floor":28,"turns":3},{"damage":5,"enemies":"Centurion and Healer","floor":29,"turns":6},{"damage":17,"enemies":"HollowMod:Nosk","floor":31,"turns":5},{"damage":65,"enemies":"Automaton","floor":33,"turns":6}],"seed_played":"-3570249447581218359","potions_obtained":[{"floor":4.0,"key":"Explosive Potion"},{"floor":6.0,"key":"Strength Potion"},{"floor":7.0,"key":"Weak Potion"},{"floor":8,"key":"ColorlessPotion"},{"floor":14,"key":"FearPotion"},{"floor":19,"key":"EssenceOfSteel"},{"floor":22,"key":"Ancient Potion"},{"floor":31,"key":"PowerPotion"}],"is_trial":false,"path_per_floor":["M","M","M","M","?","E","M","M","T","R","M","R","E","M","R","B",null,"M","M","?","M","M","R","$","R","T","R","?","M","?","E","R","B"],"character_chosen":"THE_SILENT","items_purchased":["Ninja Scroll","Dark Shackles","Calculated Gamble"],"campfire_rested":4,"item_purchase_floors":[24,24,24],"current_hp_per_floor":[77,73,69,65,54,37,33,31,31,54,43,43,37,37,60,37,77,77,69,69,61,33,56,56,56,56,56,58,55,55,40,63,0,0],"gold":191,"neow_bonus":"TEN_PERCENT_HP_BONUS","is_daily":false,"chose_seed":false,"campfire_upgraded":3,"win_rate":0.0,"timestamp":1611689740,"path_taken":["M","M","M","M","?","E","M","M","T","R","M","R","E","M","R","BOSS","M","M","?","M","?","R","$","R","T","R","?","M","?","E","R","BOSS"],"items_purchased_type":["Relic","Card","Card"],"build_version":"2020-12-22","purchased_purges":0,"victory":false,"max_hp_per_floor":[77,77,77,77,77,77,77,77,77,77,77,77,77,77,77,77,77,77,77,77,77,77,77,77,77,77,77,77,77,77,77,77,77,77],"card_choices":[{"not_picked":["Acrobatics","Dodge and Roll"],"picked":"Quick Slash","floor":1.0},{"not_picked":["Acrobatics","Phantasmal Killer"],"picked":"PiercingWail","floor":2.0},{"not_picked":["Catalyst","Sucker Punch"],"picked":"Acrobatics","floor":3.0},{"not_picked":["PiercingWail","Catalyst"],"picked":"Prepared","floor":4.0},{"not_picked":["Crippling Poison","Flechettes"],"picked":"Deadly Poison","floor":6.0},{"not_picked":["Backstab","Slice"],"picked":"Finisher","floor":7.0},{"not_picked":["Catalyst","Quick Slash"],"picked":"Footwork","floor":8},{"not_picked":["Corpse Explosion","Escape Plan"],"picked":"Tactician","floor":11},{"not_picked":["Dodge and Roll","Poisoned Stab"],"picked":"Blade Dance","floor":13},{"not_picked":["Backflip","Dagger Throw"],"picked":"Underhanded Strike","floor":14},{"not_picked":["Unload","A Thousand Cuts"],"picked":"Doppelganger","floor":16},{"not_picked":["Well Laid Plans","Sucker Punch+1"],"picked":"Flying Knee","floor":18},{"not_picked":["Sucker Punch","Predator"],"picked":"Underhanded Strike","floor":19},{"not_picked":["Blade Dance","Masterful Stab"],"picked":"Dagger Spray","floor":21},{"not_picked":["PiercingWail+1","Flying Knee"],"picked":"Envenom","floor":22},{"not_picked":["Underhanded Strike+1","Reflex"],"picked":"Deadly Poison","floor":28},{"not_picked":["Quick Slash","Footwork"],"picked":"Sucker Punch+1","floor":29},{"not_picked":["Acrobatics","All Out Attack"],"picked":"Blade Dance","floor":31}],"player_experience":38430,"relics_obtained":[{"floor":6.0,"key":"Vajra"},{"floor":9,"key":"Blood Vial"},{"floor":13,"key":"Bag of Marbles"},{"floor":26,"key":"Sundial"},{"floor":28,"key":"Red Mask"},{"floor":31,"key":"Nunchaku"}],"event_choices":[{"damage_healed":0.0,"max_hp_gain":0.0,"max_hp_loss":0.0,"gold_gain":75.0,"event_name":"World of Goop","player_choice":"Gather Gold","floor":5.0,"gold_loss":0.0,"damage_taken":11.0},{"damage_healed":0,"gold_gain":0,"player_choice":"Ignored","damage_taken":0,"max_hp_gain":0,"max_hp_loss":0,"event_name":"Purifier","floor":20,"gold_loss":0},{"damage_healed":0,"gold_gain":0,"player_choice":"Fought Bandits","damage_taken":0,"max_hp_gain":0,"max_hp_loss":0,"event_name":"Masked Bandits","floor":28,"gold_loss":0},{"damage_healed":0,"gold_gain":0,"player_choice":"Read","damage_taken":0,"max_hp_gain":0,"max_hp_loss":0,"event_name":"The Library","floor":30,"gold_loss":0,"cards_obtained":["Endless Agony"]}],"is_beta":false,"boss_relics":[{"not_picked":["Cursed Key","Fusion Hammer","Sozu"]}],"items_purged_floors":[],"is_endless":false,"potions_floor_spawned":[4,6,7,8,14,19,22,31],"killed_by":"Automaton","ascension_level":0}}