{"host":"1c17lcvl7acx821p","time":1611629417,"event":{"mods":["AchievementEnabler","BaseMod","Colored Map","Minty Spire (QoL Compilation)","Quick Restart","Relic Sorter","StSLib"],"gold_per_floor":[114,114,138,138,15,15,30,55,106,106,141,141,141,164,178,178,298,298,319,319,418,431,452,496,496,537,537,537,537,562,606,620,641,641,769,769,788,189,189,189,212,212,275,26,26,45,68,68,93,107,107,107,107],"floor_reached":52,"language":"ENG","playtime":2894,"items_purged":["Strike_P","Strike_P"],"score":864,"play_id":"12a458d4-4c2e-4370-8cdd-7d7b048ae7ca","local_time":"20210126045017","is_ascension_mode":true,"campfire_choices":[{"data":"Eruption","floor":6.0,"key":"SMITH"},{"floor":13.0,"key":"REST"},{"floor":16.0,"key":"REST"},{"floor":25.0,"key":"REST"},{"floor":27.0,"key":"REST"},{"floor":29.0,"key":"REST"},{"floor":34.0,"key":"REST"},{"floor":42.0,"key":"REST"},{"floor":48.0,"key":"REST"},{"floor":51,"key":"REST"}],"circlet_count":0,"master_deck":["AscendersBane","Strike_P","Defend_P","Defend_P","Defend_P+1","Defend_P+1","Eruption+1","Vigilance","ConjureBlade+1","FlyingSleeves","Wireheading","EmptyBody","LikeWater","Fasting2","WindmillStrike","DeusExMachina","Collect","CutThroughFate","Crescendo+1","CrushJoints+1","Blasphemy","EmptyBody+1","JustLucky","DeceiveReality","Establishment","Nirvana+1","FlurryOfBlows","DeusExMachina","MentalFortress","MentalFortress+1","MentalFortress","EmptyBody+1","Vault","Adaptation","Apotheosis","Violence","Discovery","ThirdEye+1","ForeignInfluence+1","Alpha","TalkToTheHand+1","Pray+1"],"relics":["PureWater","Art of War","CloakClasp","Lantern","Yang","Mummified Hand","Golden Idol","War Paint","Sozu","Red Mask","Dream Catcher","Blue Candle","Orichalcum","SlaversCollar","Mango","Orrery","FossilizedHelix","Chemical X","Pocketwatch"],"acts_visited":["Exordium","TheCity","TheBeyond"],"potions_floor_usage":[52],"damage_taken":[{"damage":7.0,"enemies":"2 Louse","floor":1.0,"turns":3.0},{"damage":4.0,"enemies":"Jaw Worm","floor":7.0,"turns":4.0},{"damage":2.0,"enemies":"Lagavulin","floor":8.0,"turns":6.0},{"damage":29.0,"enemies":"Gremlin Nob","floor":11.0,"turns":4.0},{"damage":0.0,"enemies":"Small Slimes","floor":15.0,"turns":1.0},{"damage":4.0,"enemies":"Hexaghost","floor":17.0,"turns":8.0},{"damage":1.0,"enemies":"Shell Parasite","floor":19.0,"turns":4.0},{"damage":11.0,"enemies":"Spheric Guardian","floor":22.0,"turns":5.0},{"damage":26.0,"enemies":"Snake Plant","floor":23.0,"turns":3.0},{"damage":1.0,"enemies":"Masked Bandits","floor":24.0,"turns":5.0},{"damage":29.0,"enemies":"Slavers","floor":26.0,"turns":6.0},{"damage":26.0,"enemies":"Shelled Parasite and Fungi","floor":30.0,"turns":5.0},{"damage":20.0,"enemies":"Book of Stabbing","floor":31.0,"turns":5.0},{"damage":0.0,"enemies":"3 Cultists","floor":32.0,"turns":6.0},{"damage":0.0,"enemies":"Centurion and Healer","floor":33.0,"turns":5.0},{"damage":15.0,"enemies":"Automaton","floor":35.0,"turns":9.0},{"damage":20.0,"enemies":"3 Darklings","floor":37.0,"turns":10.0},{"damage":14.0,"enemies":"Orb Walker","floor":41.0,"turns":7.0},{"damage":0.0,"enemies":"Mind Bloom Boss Battle","floor":43.0,"turns":6.0},{"damage":0.0,"enemies":"3 Darklings","floor":46.0,"turns":8.0},{"damage":23.0,"enemies":"Jaw Worm Horde","floor":47.0,"turns":7.0},{"damage":27.0,"enemies":"Spire Growth","floor":49.0,"turns":7.0},{"damage":0,"enemies":"3 Darklings","floor":50,"turns":3},{"damage":64,"enemies":"Time Eater","floor":52,"turns":12}],"seed_played":"7650180953592684945","potions_obtained":[{"floor":11.0,"key":"AttackPotion"},{"floor":15.0,"key":"BottledMiracle"}],"is_trial":false,"path_per_floor":["M","?","T","?","$","R","M","E","T","T","E","?","R","T","M","R","B",null,"M","?","?","M","M","?","R","E","R","T","R","M","E","M","M","R","B",null,"M","$","?","?","M","R","?","$","T","M","M","R","M","M","R","B"],"character_chosen":"WATCHER","items_purchased":["Wireheading","Strength Potion","Mango","Orrery","Adaptation","Chemical X"],"campfire_rested":9,"item_purchase_floors":[5,5,38,38,38,44],"current_hp_per_floor":[58,58,58,51,51,51,47,45,45,45,16,16,36,36,36,56,52,63,62,62,62,51,25,24,44,15,35,35,55,29,9,9,9,29,14,54,34,48,48,38,24,47,47,47,47,47,24,47,20,20,43,0,0],"gold":107,"neow_bonus":"ONE_RANDOM_RARE_CARD","is_daily":false,"chose_seed":false,"campfire_upgraded":1,"win_rate":0.0,"timestamp":1611629417,"path_taken":["M","?","?","?","$","R","?","E","T","T","E","?","R","?","M","R","BOSS","M","?","?","M","M","?","R","E","R","T","R","M","E","M","M","R","BOSS","M","$","?","?","M","R","?","?","T","M","M","R","?","M","R","BOSS"],"items_purchased_type":["Card","Potion","Relic","Relic","Card","Relic"],"build_version":"2020-12-22","purchased_purges":2,"victory":false,"max_hp_per_floor":[72,72,72,72,72,72,72,72,72,72,72,67,67,67,67,67,67,67,67,67,67,67,67,67,67,67,67,67,67,67,67,67,67,67,67,67,67,81,77,77,77,77,77,77,77,77,77,77,77,77,77,77,77],"card_choices":[{"not_picked":["SandsOfTime","MentalFortress"],"picked":"FlyingSleeves","floor":1.0},{"not_picked":["Worship","FlyingSleeves"],"picked":"EmptyBody","floor":7.0},{"not_picked":["BowlingBash","CutThroughFate"],"picked":"LikeWater","floor":8.0},{"not_picked":["CrushJoints","ReachHeaven"],"picked":"Fasting2","floor":11.0},{"not_picked":["EmptyFist","FollowUp"],"picked":"WindmillStrike","floor":15.0},{"not_picked":["Brilliance","Omniscience"],"picked":"DeusExMachina","floor":17.0},{"not_picked":["EmptyBody","Crescendo"],"picked":"Collect","floor":19.0},{"not_picked":["ClearTheMind","Evaluate"],"picked":"Crescendo+1","floor":22.0},{"not_picked":["ThirdEye","Halt+1"],"picked":"CrushJoints+1","floor":23.0},{"not_picked":["FlyingSleeves","Conclude"],"picked":"Blasphemy","floor":24.0},{"not_picked":["SignatureMove","Consecrate","WheelKick"],"picked":"SKIP","floor":26.0},{"not_picked":["Worship","Protect"],"picked":"EmptyBody+1","floor":29.0},{"not_picked":["EmptyBody","Collect"],"picked":"JustLucky","floor":30.0},{"not_picked":["CutThroughFate+1","Crescendo"],"picked":"DeceiveReality","floor":31.0},{"not_picked":["Consecrate","SashWhip"],"picked":"Establishment","floor":32.0},{"not_picked":["JustLucky","BattleHymn"],"picked":"Nirvana+1","floor":33.0},{"not_picked":["ReachHeaven","CarveReality"],"picked":"FlurryOfBlows","floor":34.0},{"not_picked":["Omniscience","Judgement"],"picked":"DeusExMachina","floor":35.0},{"not_picked":["Indignation+1","SashWhip+1"],"picked":"MentalFortress","floor":37.0},{"not_picked":["PathToVictory","BowlingBash"],"picked":"MentalFortress+1","floor":38.0},{"not_picked":["FlyingSleeves","SashWhip+1"],"picked":"MentalFortress","floor":38.0},{"not_picked":["Crescendo+1","Worship"],"picked":"EmptyBody+1","floor":38.0},{"not_picked":["EmptyFist+1","CutThroughFate"],"picked":"Vault","floor":38.0},{"not_picked":["Jack Of All Trades","Impatience"],"picked":"Apotheosis","floor":40.0},{"not_picked":["Trip","Bandage Up"],"picked":"Violence","floor":40.0},{"not_picked":["Bandage Up","Trip"],"picked":"Discovery","floor":40.0},{"not_picked":["WheelKick","Evaluate"],"picked":"ThirdEye+1","floor":41.0},{"not_picked":["CutThroughFate","BowlingBash+1"],"picked":"ForeignInfluence+1","floor":42.0},{"not_picked":["FollowUp+1","Protect","CutThroughFate"],"picked":"SKIP","floor":46.0},{"not_picked":["FlyingSleeves","EmptyFist"],"picked":"Alpha","floor":47.0},{"not_picked":["WreathOfFlame+1","Halt+1"],"picked":"TalkToTheHand+1","floor":49.0},{"not_picked":["PathToVictory","Crescendo","SignatureMove+1"],"picked":"SKIP","floor":50},{"not_picked":["FollowUp","Prostrate"],"picked":"Pray+1","floor":51}],"player_experience":216362,"relics_obtained":[{"floor":3.0,"key":"Art of War"},{"floor":8.0,"key":"CloakClasp"},{"floor":9.0,"key":"Lantern"},{"floor":10.0,"key":"Yang"},{"floor":11.0,"key":"Mummified Hand"},{"floor":14.0,"key":"War Paint"},{"floor":24.0,"key":"Red Mask"},{"floor":26.0,"key":"Dream Catcher"},{"floor":28.0,"key":"Blue Candle"},{"floor":31.0,"key":"Orichalcum"},{"floor":43.0,"key":"FossilizedHelix"},{"floor":45.0,"key":"Pocketwatch"}],"event_choices":[{"damage_healed":0.0,"max_hp_gain":0.0,"max_hp_loss":0.0,"gold_gain":0.0,"event_name":"Living Wall","player_choice":"Grow","floor":2.0,"gold_loss":0.0,"damage_taken":0.0,"cards_upgraded":["ConjureBlade"]},{"cards_removed":["Strike_P"],"damage_healed":0.0,"max_hp_gain":0.0,"max_hp_loss":0.0,"gold_gain":0.0,"event_name":"Golden Wing","player_choice":"Card Removal","floor":4.0,"gold_loss":0.0,"damage_taken":7.0},{"damage_healed":0.0,"max_hp_gain":0.0,"max_hp_loss":5.0,"gold_gain":0.0,"event_name":"Golden Idol","player_choice":"Lose Max HP","floor":12.0,"gold_loss":0.0,"damage_taken":0.0,"relics_obtained":["Golden Idol"]},{"damage_healed":0.0,"max_hp_gain":0.0,"max_hp_loss":0.0,"gold_gain":0.0,"event_name":"The Library","player_choice":"Read","floor":20.0,"gold_loss":0.0,"damage_taken":0.0,"cards_obtained":["CutThroughFate"]},{"damage_healed":0.0,"max_hp_gain":0.0,"max_hp_loss":0.0,"gold_gain":99.0,"event_name":"Nest","player_choice":"Stole From Cult","floor":21.0,"gold_loss":0.0,"damage_taken":0.0},{"damage_healed":0.0,"max_hp_gain":0.0,"max_hp_loss":0.0,"gold_gain":0.0,"event_name":"Masked Bandits","player_choice":"Fought Bandits","floor":24.0,"gold_loss":0.0,"damage_taken":0.0},{"damage_healed":0.0,"max_hp_gain":0.0,"max_hp_loss":4.0,"gold_gain":0.0,"event_name":"Winding Halls","player_choice":"Max HP","floor":39.0,"gold_loss":0.0,"damage_taken":0.0},{"damage_healed":0.0,"max_hp_gain":0.0,"max_hp_loss":0.0,"gold_gain":0.0,"event_name":"SensoryStone","player_choice":"Memory 3","floor":40.0,"gold_loss":0.0,"damage_taken":10.0},{"damage_healed":0.0,"max_hp_gain":0.0,"max_hp_loss":0.0,"gold_gain":0.0,"event_name":"MindBloom","player_choice":"Fight","floor":43.0,"gold_loss":0.0,"damage_taken":0.0}],"is_beta":false,"boss_relics":[{"not_picked":["Ectoplasm","Cursed Key"],"picked":"Sozu"},{"not_picked":["Coffee Dripper","SacredBark"],"picked":"SlaversCollar"}],"items_purged_floors":[38,44],"is_endless":false,"potions_floor_spawned":[11,15,19,23,24,32,35,43,46],"killed_by":"Time Eater","ascension_level":11}}