{"host":"h4qgcirtxz6qax9j","time":1611674725,"event":{"mods":["2.2 Compatiblity","AchievementEnabler","BaseMod","Colored Powertips","Custom Start","Hermit","Marisa£¨Ùöéë¡¡Øª×âÞÞ£©","Minty Spire (QoL Compilation)","Replay The Spire","StSLib","SuperFastMode","The Servant 0.9.4"],"gold_per_floor":[113,113,87,98,98,98,108,108,131,131,143,143,143,162,162,261,261,281,281,297,297,309,309,309,322,322,79,93,107,107,107],"floor_reached":30,"language":"KOR","playtime":764,"items_purged":[],"score":222,"play_id":"173031ad-52ab-4a98-bf9a-9332ad808398","local_time":"20210127002525","is_ascension_mode":false,"campfire_choices":[{"data":"PowerUp","floor":6,"key":"SMITH"},{"data":"MeteoricShower","floor":8,"key":"SMITH"},{"floor":10,"key":"REST"},{"data":"UpSweep","floor":12,"key":"SMITH"},{"floor":23,"key":"REST"}],"circlet_count":0,"master_deck":["Strike_MRS+1","Strike_MRS+1","Strike_MRS+1","Strike_MRS+1","Defend_MRS+1","Defend_MRS+1","Defend_MRS+1","MasterSpark","UpSweep+1","DarkMatter+1","PowerUp+1","MeteoricShower+1","DeepEcoloBomb","UltimateShortwave","MagicChant","Pot Of Greed","Pot Of Greed","DoubleSpark"],"relics":["MiniHakkero","NeowsBlessing","Replay:Mystery Machine","ChewingGum","GremlinMask","Grinning Jar","Pantograph","Question Card"],"acts_visited":["Exordium","TheCity"],"potions_floor_usage":[29,30,30],"damage_taken":[{"damage":0,"enemies":"Cultist","floor":1,"turns":1},{"damage":0,"enemies":"Small Slimes","floor":4,"turns":1},{"damage":0,"enemies":"2 Louse","floor":7,"turns":1},{"damage":0,"enemies":"2 Fungi Beasts","floor":11,"turns":3},{"damage":13,"enemies":"Gremlin Gang","floor":14,"turns":4},{"damage":31,"enemies":"Hexaghost","floor":16,"turns":11},{"damage":7,"enemies":"Spheric Guardian","floor":18,"turns":4},{"damage":12,"enemies":"2 Thieves","floor":20,"turns":4},{"damage":23,"enemies":"Cultist and Chosen","floor":22,"turns":5},{"damage":0,"enemies":"Shelled Parasite and Fungi","floor":25,"turns":5},{"damage":25,"enemies":"Centurion and Healer","floor":28,"turns":5},{"damage":16,"enemies":"Snecko","floor":29,"turns":7},{"damage":23,"enemies":"3 Cultists","floor":30,"turns":4}],"seed_played":"2040480259277066539","potions_obtained":[{"floor":1,"key":"Weak Potion"},{"floor":4,"key":"Flashbang"},{"floor":7,"key":"Weak Potion"},{"floor":18,"key":"BottledSpark"}],"is_trial":false,"path_per_floor":["M","?","$","M","?","R","M","R","T","R","M","R","?","M","R","B",null,"M","?","M","?","M","R","?","M","T","$","M","M","M"],"character_chosen":"MARISA","items_purchased":["PowerUp","Question Card"],"campfire_rested":2,"item_purchase_floors":[3,27],"current_hp_per_floor":[75,75,75,75,75,75,75,75,75,75,75,75,75,62,62,31,75,68,68,56,56,33,55,55,55,55,55,30,14,0,0],"gold":107,"neow_bonus":"THREE_ENEMY_KILL","is_daily":false,"chose_seed":false,"campfire_upgraded":3,"win_rate":0.0,"timestamp":1611674725,"path_taken":["M","?","$","M","?","R","?","R","T","R","M","R","?","M","R","BOSS","M","?","?","?","M","R","?","M","T","$","M","M","M"],"items_purchased_type":["Card","Relic"],"build_version":"2020-12-22","purchased_purges":0,"victory":false,"max_hp_per_floor":[75,75,75,75,75,75,75,75,75,75,75,75,75,75,75,75,75,75,75,75,75,75,75,75,75,75,75,75,75,75,75],"card_choices":[{"not_picked":["UnstableBomb","PowerUp"],"picked":"OortCloud","floor":1},{"not_picked":["WitchOfGreed","DC","ShootingEcho"],"picked":"SKIP","floor":4},{"not_picked":["WitchLeyline","AsteroidBelt"],"picked":"MeteoricShower","floor":7},{"not_picked":["GravityBeat","StarDustReverie","Occultation"],"picked":"SKIP","floor":11},{"not_picked":["StarBarrage","Orbital"],"picked":"PowerUp","floor":14},{"not_picked":["SuperNova","CasketOfStar"],"picked":"UltimateShortwave","floor":16},{"not_picked":["ShootingEcho","MysteriousBeam","GrandCross"],"picked":"SKIP","floor":18},{"not_picked":["WitchOfGreed","OpenUniverse"],"picked":"MagicChant","floor":20},{"not_picked":["ChargingUp","ShootTheMoon","6A"],"picked":"SKIP","floor":22},{"not_picked":["DarkMatter","Orbital+1"],"picked":"DoubleSpark","floor":25},{"not_picked":["6A+1","ShootingEcho","GravityBeat","DoubleSpark"],"picked":"SKIP","floor":28},{"not_picked":["GalacticHalo","Occultation","FairyDestructionRay+1","CasketOfStar"],"picked":"SKIP","floor":29}],"player_experience":103172,"relics_obtained":[{"floor":9,"key":"Replay:Mystery Machine"},{"floor":26,"key":"Pantograph"}],"event_choices":[{"cards_removed":["Defend_MRS"],"damage_healed":0,"gold_gain":0,"player_choice":"Purged","damage_taken":0,"max_hp_gain":0,"max_hp_loss":0,"event_name":"Purifier","floor":5,"gold_loss":0},{"damage_healed":0,"gold_gain":0,"player_choice":"Leave","damage_taken":0,"max_hp_gain":0,"max_hp_loss":0,"event_name":"The Cleric","floor":13,"gold_loss":0},{"damage_healed":0,"gold_gain":0,"player_choice":"Trade","damage_taken":0,"relics_obtained":["GremlinMask"],"max_hp_gain":0,"max_hp_loss":0,"event_name":"FaceTrader","floor":19,"gold_loss":0},{"damage_healed":0,"gold_gain":0,"player_choice":"Simplicity","damage_taken":0,"max_hp_gain":0,"max_hp_loss":0,"event_name":"Back to Basics","floor":21,"gold_loss":0,"cards_upgraded":["Strike_MRS","Strike_MRS","Strike_MRS","Strike_MRS","Defend_MRS","Defend_MRS","Defend_MRS"]}],"is_beta":false,"boss_relics":[{"not_picked":["Replay:Wanted Poster","Runic Dome"],"picked":"ChewingGum"}],"items_purged_floors":[],"is_endless":false,"potions_floor_spawned":[1,4,7,18,28],"killed_by":"3 Cultists","ascension_level":0}}