{"host":"vahfsrte3c21740v","time":1611631072,"event":{"mods":["AchievementEnabler","BaseMod","Colored Map","Colored Powertips","Downfall","Highlight Path","Mimic Mod","Minty Spire (QoL Compilation)","Quick Restart","Rare Cards Sparkle","StSLib"],"gold_per_floor":[99,109,122,222,242,242,242,72,103,121,140,40,52,72,92,187,187,187,203,22,36,49,49,49,49,65,97,116,116,147,158,174,276,276,276,296,296,308,318,329,329,345,93,112,12,30,30,44,56,56],"floor_reached":51,"language":"ENG","playtime":5647,"items_purged":["champ:Defend","champ:DefensiveShout"],"score":828,"play_id":"b9d23bec-2744-4b4a-b181-1f5090dc1966","local_time":"20210126031752","is_ascension_mode":false,"campfire_choices":[{"data":"champ:Taunt","floor":1.0,"key":"SMITH"},{"floor":12.0,"key":"REST"},{"data":"champ:GladiatorForm","floor":18.0,"key":"SMITH"},{"data":"champ:UltimateStance","floor":29.0,"key":"SMITH"},{"floor":35.0,"key":"RECALL"},{"floor":45.0,"key":"REST"}],"circlet_count":0,"master_deck":["champ:Strike","champ:Strike","champ:Strike","champ:Strike","champ:Defend","champ:Defend","champ:Defend","champ:Execute","champ:Taunt+1","champ:AdrenalArmor","champ:FanOfKnives","champ:BringItOn","champ:FaceSlap","champ:GladiatorForm+1","champ:ShieldSlam","champ:DefensiveShout","champ:Shatter","champ:Endure","champ:HeartStrike","champ:StanceDance","champ:FocusedBerserking","champ:UltimateStance+1","champ:BringItOn","champ:Endure+1","champ:StanceDance","champ:CalledShot+1","champ:DefensiveShout","champ:HoldFirm","champ:AdrenalArmor","champ:FlashCut+1","champ:ShieldThrow","champ:FanOfKnives","champ:StanceDance","champ:ArenaPreparation+1","champ:FocusedDefense+1","champ:IronFortress+1","champ:IgnorePain","champ:UltimateStance+1","expansioncontent:DashGenerateEvil","champ:PreciseThrust+1"],"relics":["champ:ChampionCrown","CloakClasp","Gremlin Horn","Bottled Flame","downfall:HeartBlessingGreen","Black Star","ClockworkSouvenir","champ:FightingForDummies","Gambling Chip","Pear","Pen Nib","Ornamental Fan","Fusion Hammer","DollysMirror","downfall:HeartBlessingRed"],"acts_visited":["Exordium","TheCity","TheBeyond"],"potions_floor_usage":[],"damage_taken":[{"damage":11.0,"enemies":"Jaw Worm","floor":2.0,"turns":4.0},{"damage":0.0,"enemies":"2 Louse","floor":3.0,"turns":3.0},{"damage":117.0,"enemies":"2 Louse","floor":4.0,"turns":11.0},{"damage":20.0,"enemies":"Small Slimes","floor":5.0,"turns":3.0},{"damage":30.0,"enemies":"downfall:FleeingMerchant","floor":8.0,"turns":4.0},{"damage":45.0,"enemies":"Gremlin Nob","floor":9.0,"turns":5.0},{"damage":5.0,"enemies":"2 Fungi Beasts","floor":10.0,"turns":4.0},{"damage":15.0,"enemies":"Red Slaver","floor":11.0,"turns":3.0},{"damage":35.0,"enemies":"Large Slime","floor":13.0,"turns":5.0},{"damage":15.0,"enemies":"3 Louse","floor":14.0,"turns":4.0},{"damage":10.0,"enemies":"Exordium Wildlife","floor":15.0,"turns":3.0},{"damage":40.0,"enemies":"WA_ARCHETYPE_RETAIN","floor":16.0,"turns":7.0},{"damage":20.0,"enemies":"Spheric Guardian","floor":19.0,"turns":4.0},{"damage":25.0,"enemies":"downfall:FleeingMerchant","floor":20.0,"turns":4.0},{"damage":34.0,"enemies":"Chosen and Byrds","floor":21.0,"turns":5.0},{"damage":22.0,"enemies":"Snake Plant","floor":22.0,"turns":5.0},{"damage":43.0,"enemies":"Cultist and Chosen","floor":26.0,"turns":8.0},{"damage":25.0,"enemies":"Slavers","floor":27.0,"turns":7.0},{"damage":35.0,"enemies":"Snecko","floor":28.0,"turns":6.0},{"damage":50.0,"enemies":"Gremlin Leader","floor":30.0,"turns":7.0},{"damage":35.0,"enemies":"Centurion and Healer","floor":31.0,"turns":6.0},{"damage":26.0,"enemies":"Chosen and Byrds","floor":32.0,"turns":7.0},{"damage":74.0,"enemies":"IC_MUSHROOM_ARCHETYPE","floor":33.0,"turns":8.0},{"damage":36.0,"enemies":"3 Darklings","floor":36.0,"turns":5.0},{"damage":30.0,"enemies":"Orb Walker","floor":38.0,"turns":3.0},{"damage":35.0,"enemies":"Spire Growth","floor":39.0,"turns":5.0},{"damage":25.0,"enemies":"Jaw Worm Horde","floor":40.0,"turns":2.0},{"damage":51.0,"enemies":"3 Darklings","floor":42.0,"turns":4.0},{"damage":65.0,"enemies":"downfall:FleeingMerchant","floor":43.0,"turns":4.0},{"damage":50.0,"enemies":"Spire Growth","floor":44.0,"turns":6.0},{"damage":25.0,"enemies":"Sphere and 2 Shapes","floor":46.0,"turns":3.0},{"damage":3.0,"enemies":"Jaw Worm Horde","floor":48.0,"turns":2.0},{"damage":91.0,"enemies":"Transient","floor":49.0,"turns":5.0},{"damage":125,"enemies":"SI_POISON_ARCHETYPE","floor":50,"turns":7}],"seed_played":"5880558108919756987","potions_obtained":[{"floor":2.0,"key":"hexamod:SoulburnPotion"},{"floor":9.0,"key":"Swift Potion"},{"floor":11.0,"key":"SkillPotion"},{"floor":13.0,"key":"AttackPotion"},{"floor":15.0,"key":"Energy Potion"},{"floor":16.0,"key":"Weak Potion"},{"floor":19.0,"key":"SmokeBomb"},{"floor":22.0,"key":"FearPotion"},{"floor":26.0,"key":"Block Potion"},{"floor":28.0,"key":"BlessingOfTheForge"},{"floor":30.0,"key":"Block Potion"},{"floor":32.0,"key":"Explosive Potion"},{"floor":38.0,"key":"DistilledChaos"},{"floor":44.0,"key":"SpeedPotion"}],"is_trial":false,"path_per_floor":["R","M","M","?","M","?","T","$","E","M","M","R","M","M","M","B",null,"R","M","$","M","M","?","T","?","M","E","M","R","E","M","M","B",null,"R","M","?","M","M","M","T","M","$","M","R","M","?","M","M","B",null],"character_chosen":"THE_CHAMP","items_purchased":["champ:ShieldSlam","champ:StanceDance","ClockworkSouvenir","champ:IgnorePain","DollysMirror","expansioncontent:DashGenerateEvil"],"campfire_rested":2,"item_purchase_floors":[8,20,20,43,43,43],"current_hp_per_floor":[99,98,98,61,61,61,61,61,26,21,21,50,45,35,35,25,99,99,99,99,95,88,88,88,88,80,80,80,80,80,80,79,70,109,109,103,103,103,103,103,103,92,92,92,109,109,94,91,60,35],"gold":56,"neow_bonus":"TEN_PERCENT_HP_BONUS","is_daily":false,"chose_seed":false,"campfire_upgraded":3,"win_rate":0.0,"timestamp":1611631072,"path_taken":["R","M","M","?","M","?","T","$","E","M","M","R","M","M","M","BOSS","R","M","$","M","M","?","T","?","M","E","M","R","E","M","M","BOSS","R","M","?","M","M","?","T","M","$","M","R","M","?","M","M","BOSS"],"items_purchased_type":["Card","Card","Relic","Card","Relic","Card"],"build_version":"2020-12-22","purchased_purges":2,"victory":true,"max_hp_per_floor":[99,99,99,99,99,99,99,99,99,99,99,99,99,99,99,99,99,99,99,99,99,99,99,99,99,99,109,109,109,109,109,109,109,109,109,109,109,109,109,109,109,109,109,109,109,109,109,109,109,109],"card_choices":[{"not_picked":["champ:Circumvent","champ:PerfectedStrike"],"picked":"champ:AdrenalArmor","floor":2.0},{"not_picked":["champ:Duel","champ:DefensiveShout"],"picked":"champ:FanOfKnives","floor":3.0},{"not_picked":["champ:Lariat","champ:PerfectedStrike"],"picked":"champ:BringItOn","floor":4.0},{"not_picked":["champ:RapidStrikes","champ:BladeFlurry"],"picked":"champ:FaceSlap","floor":5.0},{"not_picked":["champ:FanOfKnives","champ:FlashCut"],"picked":"champ:GladiatorForm","floor":8.0},{"not_picked":["champ:ShieldSlam","champ:AdrenalArmor"],"picked":"champ:DefensiveShout","floor":9.0},{"not_picked":["champ:PerfectedStrike","champ:EnGarde"],"picked":"champ:Shatter","floor":10.0},{"not_picked":["champ:DancingMaster","champ:StanceDance"],"picked":"champ:Endure","floor":11.0},{"not_picked":["champ:CrookedStrike","champ:RecklessLeap"],"picked":"champ:HeartStrike","floor":13.0},{"not_picked":["champ:Shatter","champ:EnGarde"],"picked":"champ:StanceDance","floor":14.0},{"not_picked":["champ:PerfectedStrike","champ:ShieldSlam"],"picked":"champ:FocusedBerserking","floor":15.0},{"not_picked":["champ:LastStand","champ:MurderStrike"],"picked":"champ:UltimateStance","floor":16.0},{"not_picked":["champ:BladeFlurry","champ:PreemptiveStrike"],"picked":"champ:BringItOn","floor":19.0},{"not_picked":["champ:BringItOn","champ:FocusedDefense+1"],"picked":"champ:Endure+1","floor":20.0},{"not_picked":["champ:EnGarde","champ:GutPunch"],"picked":"champ:CalledShot","floor":21.0},{"not_picked":["champ:ShieldSlam","champ:Parry"],"picked":"champ:DefensiveShout","floor":22.0},{"not_picked":["champ:TornadoPunch+1","champ:GladiatorStyle","champ:BladeFlurry+1"],"picked":"SKIP","floor":26.0},{"not_picked":["champ:SkillfulDodge","champ:Circumvent","champ:Parry"],"picked":"SKIP","floor":27.0},{"not_picked":["champ:HeavySlash","champ:Haymaker"],"picked":"champ:DefensiveShout","floor":28.0},{"not_picked":["champ:BerserkersShout","champ:BringItOn"],"picked":"champ:HoldFirm","floor":30.0},{"not_picked":["champ:PerfectedStrike","champ:FanOfKnives"],"picked":"champ:AdrenalArmor","floor":31.0},{"not_picked":["champ:Shatter","champ:BerserkersShout"],"picked":"champ:FlashCut+1","floor":32.0},{"not_picked":["champ:Improvising","champ:VampiricStrike"],"picked":"champ:ShieldThrow","floor":33.0},{"not_picked":["champ:RecklessLeap","champ:FanOfKnives+1","champ:SkillfulDodge"],"picked":"SKIP","floor":36.0},{"not_picked":["champ:Shatter","champ:DefensiveShout+1"],"picked":"champ:FanOfKnives","floor":38.0},{"not_picked":["champ:ShieldSlam+1","champ:EnGarde+1"],"picked":"champ:StanceDance","floor":39.0},{"not_picked":["champ:AdrenalArmor","champ:RisingSlash+1"],"picked":"champ:ArenaPreparation+1","floor":40.0},{"not_picked":["champ:FanOfKnives","champ:FocusedBerserking+1"],"picked":"champ:FocusedDefense+1","floor":42.0},{"not_picked":["champ:DefensiveShout","champ:GutPunch+1"],"picked":"champ:IronFortress+1","floor":43.0},{"not_picked":["champ:IronFortress","champ:RecklessLeap+1"],"picked":"champ:PreciseThrust+1","floor":44.0},{"not_picked":["champ:Improvising","champ:FaceSlap","champ:Duel"],"picked":"SKIP","floor":46.0},{"not_picked":["champ:Haymaker+1","champ:Circumvent+1","champ:Backstep+1"],"picked":"SKIP","floor":48.0},{"not_picked":["champ:Endure+1","champ:Duel","champ:BladeFlurry"],"picked":"SKIP","floor":49.0}],"player_experience":124070,"relics_obtained":[{"floor":4.0,"key":"CloakClasp"},{"floor":7.0,"key":"Gremlin Horn"},{"floor":9.0,"key":"Bottled Flame"},{"floor":24.0,"key":"champ:FightingForDummies"},{"floor":27.0,"key":"Gambling Chip"},{"floor":27.0,"key":"Pear"},{"floor":30.0,"key":"Pen Nib"},{"floor":30.0,"key":"Ornamental Fan"}],"event_choices":[{"damage_healed":0.0,"max_hp_gain":0.0,"max_hp_loss":0.0,"gold_gain":0.0,"event_name":"Vampires","player_choice":"Ignored","floor":25.0,"gold_loss":0.0,"damage_taken":0.0},{"damage_healed":0.0,"max_hp_gain":0.0,"max_hp_loss":0.0,"gold_gain":0.0,"event_name":"Accursed Blacksmith","player_choice":"Forge","floor":37.0,"gold_loss":0.0,"damage_taken":0.0,"cards_upgraded":["champ:CalledShot"]}],"is_beta":false,"boss_relics":[{"not_picked":["bronze:MakeshiftBattery","Runic Pyramid"],"picked":"Black Star"},{"not_picked":["SacredBark","Empty Cage"],"picked":"Fusion Hammer"}],"items_purged_floors":[8,43],"is_endless":false,"potions_floor_spawned":[2,9,11,13,14,15,16,19,22,26,28,30,31,32,38,39,44],"ascension_level":0}}