{"host":"vyjryxuuuxkt43k4","time":1611658613,"event":{"mods":["AchievementEnabler","BaseMod","Colored Map","DeckTracker","Keyboard Shortcuts","Minty Spire (QoL Compilation)","Permanent Neow","Quick Restart","Rare Cards Sparkle","StSLib","SuperFastMode","everything is the same but u backflip on backflip"],"gold_per_floor":[114,133,133,146,163,193,193,218,218,218,218,218,218,218],"floor_reached":13,"language":"KOR","playtime":406,"items_purged":[],"score":186,"play_id":"b88dbf73-5901-496d-8856-29bd2ccdf6ed","local_time":"20210126195653","is_ascension_mode":true,"campfire_choices":[{"data":"Body Slam","floor":7.0,"key":"SMITH"},{"data":"Barricade","floor":10.0,"key":"SMITH"}],"circlet_count":0,"master_deck":["AscendersBane","Strike_R","Strike_R","Strike_R","Strike_R","Strike_R","Defend_R","Defend_R","Defend_R","Defend_R","Bash","Regret","Rampage","Wild Strike","Offering","Body Slam+1","Shrug It Off","Dual Wield","Blood for Blood","Barricade+1","Parasite"],"relics":["Burning Blood","Prayer Wheel","Lizard Tail","Calipers","TungstenRod"],"acts_visited":["Exordium"],"potions_floor_usage":[],"damage_taken":[{"damage":11.0,"enemies":"Small Slimes","floor":1.0,"turns":4.0},{"damage":16.0,"enemies":"2 Louse","floor":2.0,"turns":4.0},{"damage":9.0,"enemies":"Cultist","floor":4.0,"turns":3.0},{"damage":13.0,"enemies":"Looter","floor":5.0,"turns":3.0},{"damage":18.0,"enemies":"Gremlin Nob","floor":6.0,"turns":3.0},{"damage":63.0,"enemies":"Lagavulin","floor":8.0,"turns":8.0},{"damage":52,"enemies":"Gremlin Nob","floor":13,"turns":3}],"seed_played":"-3048684220595066039","potions_obtained":[{"floor":1.0,"key":"PowerPotion"}],"is_trial":false,"path_per_floor":["M","M","?","M","M","E","R","E","T","R","?","?","E"],"character_chosen":"IRONCLAD","items_purchased":[],"campfire_rested":0,"item_purchase_floors":[],"current_hp_per_floor":[63,53,53,50,43,31,31,23,23,23,41,30,0,0],"gold":218,"neow_bonus":"ONE_RARE_RELIC","is_daily":false,"chose_seed":false,"campfire_upgraded":2,"win_rate":0.0,"timestamp":1611658613,"path_taken":["M","M","?","M","M","E","R","E","T","R","?","?","E"],"items_purchased_type":[],"build_version":"2020-12-22","purchased_purges":0,"victory":false,"max_hp_per_floor":[75,75,75,75,75,75,75,75,75,75,75,75,75,75],"card_choices":[{"not_picked":["Body Slam","Havoc"],"picked":"Rampage","floor":1.0},{"not_picked":["Rage","Warcry"],"picked":"Wild Strike","floor":1.0},{"not_picked":["Body Slam","True Grit"],"picked":"Offering","floor":2.0},{"not_picked":["Perfected Strike","Rage"],"picked":"Body Slam","floor":2.0},{"not_picked":["Flex","Whirlwind"],"picked":"Shrug It Off","floor":4.0},{"not_picked":["Iron Wave","Reckless Charge","Heavy Blade"],"picked":"SKIP","floor":4.0},{"not_picked":["Uppercut","Flex"],"picked":"Dual Wield","floor":5.0},{"not_picked":["Wild Strike","Body Slam","Intimidate"],"picked":"SKIP","floor":5.0},{"not_picked":["Shrug It Off","Cleave"],"picked":"Blood for Blood","floor":6.0},{"not_picked":["Headbutt","Bloodletting"],"picked":"Barricade","floor":8.0}],"player_experience":375263,"relics_obtained":[{"floor":6.0,"key":"Lizard Tail"},{"floor":8.0,"key":"Calipers"}],"event_choices":[{"damage_healed":0.0,"max_hp_gain":0.0,"max_hp_loss":0.0,"gold_gain":0.0,"event_name":"Liars Game","player_choice":"Ignored","floor":3.0,"gold_loss":0.0,"damage_taken":0.0},{"damage_healed":18.0,"max_hp_gain":0.0,"max_hp_loss":0.0,"gold_gain":0.0,"event_name":"Mushrooms","player_choice":"Healed and dodged fight","floor":11.0,"gold_loss":0.0,"damage_taken":0.0,"cards_obtained":["Parasite"]},{"damage_healed":0.0,"max_hp_gain":0.0,"max_hp_loss":0.0,"gold_gain":0.0,"event_name":"Scrap Ooze","player_choice":"Success","floor":12.0,"gold_loss":0.0,"damage_taken":11.0,"relics_obtained":["TungstenRod"]}],"is_beta":false,"boss_relics":[],"items_purged_floors":[],"is_endless":false,"potions_floor_spawned":[1],"killed_by":"Gremlin Nob","ascension_level":20}}