{"host":"tkinv8gv6hgcc58b","time":1611695891,"event":{"mods":["AchievementEnabler","BaseMod","BetterRewards","Colored Map","Downfall","Googly Eyes","Hermit","Minty Spire (QoL Compilation)","READ ME - Guardian Mod","Relic Filter","StSLib","The Cursed","The Disciple"],"gold_per_floor":[114,264,279,291,311,311,337,337,383,57,57,77,77,77,77,151,151,170,184,184,184,184,184,219,239,239,139,156,156,175,195,195,271,271,282,294,274,10,28,28,48,48,48,48,64,74,89,89,89,89],"floor_reached":51,"language":"ENG","playtime":2188,"items_purged":["Doubt","downfall:Bewildered"],"score":1224,"play_id":"c8bfc0b8-7d50-4ba3-b62c-19e0fc405107","local_time":"20210126161811","is_ascension_mode":true,"campfire_choices":[{"data":"Dash","floor":6,"key":"SMITH"},{"floor":8,"key":"REST"},{"data":"Backstab","floor":13,"key":"SMITH"},{"data":"Terror","floor":15,"key":"SMITH"},{"floor":23,"key":"REST"},{"data":"Cloak And Dagger","floor":29,"key":"SMITH"},{"data":"Blade Dance","floor":32,"key":"SMITH"},{"data":"A Thousand Cuts","floor":40,"key":"SMITH"},{"floor":42,"key":"REST"},{"floor":49,"key":"REST"}],"circlet_count":0,"master_deck":["AscendersBane","Strike_G+1","Strike_G+1","Strike_G+1","Strike_G+1","Strike_G+1","Defend_G+1","Defend_G+1","Defend_G+1","Defend_G+1","Defend_G+1","Survivor","Neutralize","Terror+1","PiercingWail","Dash+1","Footwork","Poisoned Stab","Backstab+1","Cloak And Dagger+1","A Thousand Cuts+1","Acrobatics","TheCursedMod:Dregs","Catalyst","Blade Dance+1","Distraction+1","A Thousand Cuts+1","Leg Sweep+1","Blade Dance","PiercingWail","Parasite","PiercingWail","Backstab"],"relics":["Ring of the Snake","Ninja Scroll","FossilizedHelix","Enchiridion","Cursed Key","sneckomod:BabySnecko","Pen Nib","Mango","SacredBark","Bottled Lightning","InkBottle"],"acts_visited":["Exordium","TheCity","TheBeyond"],"potions_floor_usage":[7,16,24,33,33,50,50],"damage_taken":[{"damage":5,"enemies":"Jaw Worm","floor":1,"turns":4},{"damage":0,"enemies":"2 Louse","floor":3,"turns":4},{"damage":1,"enemies":"Small Slimes","floor":4,"turns":6},{"damage":4,"enemies":"Looter","floor":5,"turns":3},{"damage":15,"enemies":"Gremlin Nob","floor":7,"turns":5},{"damage":0,"enemies":"Lots of Slimes","floor":12,"turns":2},{"damage":61,"enemies":"Slime Boss","floor":16,"turns":19},{"damage":5,"enemies":"3 Byrds","floor":18,"turns":5},{"damage":0,"enemies":"Chosen","floor":19,"turns":4},{"damage":7,"enemies":"Slavers","floor":24,"turns":3},{"damage":0,"enemies":"Centurion and Healer","floor":25,"turns":5},{"damage":0,"enemies":"3 Cultists","floor":28,"turns":4},{"damage":0,"enemies":"Snake Plant","floor":30,"turns":3},{"damage":0,"enemies":"Centurion and Healer","floor":31,"turns":4},{"damage":46,"enemies":"Champ","floor":33,"turns":13},{"damage":0,"enemies":"Orb Walker","floor":35,"turns":2},{"damage":9,"enemies":"3 Shapes","floor":36,"turns":4},{"damage":2,"enemies":"Jaw Worm Horde","floor":39,"turns":4},{"damage":25,"enemies":"Sphere and 2 Shapes","floor":41,"turns":6},{"damage":19,"enemies":"Spire Growth","floor":45,"turns":4},{"damage":0,"enemies":"3 Darklings","floor":46,"turns":3},{"damage":4,"enemies":"Maw","floor":47,"turns":6},{"damage":44,"enemies":"Donu and Deca","floor":50,"turns":8}],"seed_played":"7635483296983838422","potions_obtained":[{"floor":1,"key":"sneckomod:MuddlingPotion"},{"floor":3,"key":"Poison Potion"},{"floor":7,"key":"Regen Potion"},{"floor":16,"key":"DistilledChaos"},{"floor":30,"key":"Explosive Potion"},{"floor":31,"key":"SpeedPotion"},{"floor":35,"key":"Fire Potion"},{"floor":37,"key":"GhostInAJar"},{"floor":45,"key":"SteroidPotion"}],"is_trial":false,"path_per_floor":["M","?","M","M","M","R","E","R","T","$","?","M","R","?","R","B",null,"M","M","?","?","?","R","E","M","T","$","M","R","M","M","R","B",null,"M","M","?","$","M","R","M","R","T","$","M","M","M","?","R","B",null],"character_chosen":"THE_SILENT","items_purchased":["Terror","Enchiridion","Backstab","Bottled Lightning"],"campfire_rested":4,"item_purchase_floors":[0,10,10,38],"current_hp_per_floor":[54,54,54,53,49,49,34,53,53,53,53,53,53,58,58,12,56,51,51,51,51,51,71,64,64,78,78,78,78,78,78,78,32,72,72,63,63,63,61,61,36,61,61,61,42,42,38,38,63,19],"gold":89,"neow_bonus":"","is_daily":false,"chose_seed":false,"campfire_upgraded":6,"win_rate":0.0,"timestamp":1611695891,"path_taken":["M","?","M","M","M","R","E","R","T","$","?","M","R","?","R","BOSS","M","M","?","?","?","R","E","?","T","$","M","R","M","M","R","BOSS","M","?","?","$","M","R","M","R","T","$","M","M","?","?","R","BOSS"],"items_purchased_type":["Card","Relic","Card","Relic"],"build_version":"2020-12-22","purchased_purges":2,"victory":true,"max_hp_per_floor":[66,66,66,66,66,66,66,66,66,66,66,66,66,71,71,71,71,71,71,71,71,71,71,71,71,85,85,85,85,85,85,85,85,85,85,85,85,85,85,85,85,85,85,85,85,85,85,85,85,85],"card_choices":[{"not_picked":["Dodge and Roll","Concentrate"],"picked":"PiercingWail","floor":1},{"not_picked":["Finisher","Deflect","Reflex"],"picked":"SKIP","floor":3},{"not_picked":["Dodge and Roll","Bane"],"picked":"Dash","floor":4},{"not_picked":["Cloak And Dagger","Skewer"],"picked":"Footwork","floor":5},{"not_picked":["Sucker Punch","Backflip"],"picked":"Poisoned Stab","floor":7},{"not_picked":["Night Terror","Setup"],"picked":"Cloak And Dagger","floor":12},{"not_picked":["Malaise","Die Die Die"],"picked":"A Thousand Cuts","floor":16},{"not_picked":["Terror","Dagger Throw","Slice"],"picked":"SKIP","floor":18},{"not_picked":["Backstab","Concentrate"],"picked":"Deadly Poison","floor":19},{"not_picked":["Backflip","Bane","Slice"],"picked":"SKIP","floor":24},{"not_picked":["Well Laid Plans+1","Deflect"],"picked":"Acrobatics","floor":25},{"not_picked":["Heel Hook+1","Prepared"],"picked":"Catalyst","floor":28},{"not_picked":["Underhanded Strike","Distraction"],"picked":"Blade Dance","floor":30},{"not_picked":["Dagger Throw","Outmaneuver"],"picked":"Distraction+1","floor":31},{"not_picked":["Envenom","Storm of Steel"],"picked":"A Thousand Cuts","floor":33},{"not_picked":["Flying Knee","Infinite Blades"],"picked":"Leg Sweep+1","floor":35},{"not_picked":["Predator","Slice"],"picked":"Blade Dance","floor":36},{"not_picked":["Dagger Throw+1","Well Laid Plans+1"],"picked":"PiercingWail","floor":39},{"not_picked":["Concentrate","Deadly Poison","Finisher"],"picked":"SKIP","floor":41},{"not_picked":["Slice","Outmaneuver"],"picked":"PiercingWail","floor":45},{"not_picked":["Flying Knee","Setup"],"picked":"Backstab","floor":46},{"not_picked":["Well Laid Plans","Predator","Eviscerate"],"picked":"SKIP","floor":47}],"player_experience":1074761,"relics_obtained":[{"floor":7,"key":"Ninja Scroll"},{"floor":9,"key":"FossilizedHelix"},{"floor":24,"key":"Pen Nib"},{"floor":26,"key":"Mango"},{"floor":43,"key":"InkBottle"}],"event_choices":[{"damage_healed":0,"gold_gain":150,"player_choice":"AGREE","damage_taken":0,"max_hp_gain":0,"max_hp_loss":0,"event_name":"Liars Game","floor":2,"gold_loss":0,"cards_obtained":["Doubt"]},{"damage_healed":0,"gold_gain":0,"player_choice":"Leave","damage_taken":0,"max_hp_gain":0,"max_hp_loss":0,"event_name":"The Cleric","floor":11,"gold_loss":0},{"damage_healed":0,"gold_gain":0,"player_choice":"Donut","damage_taken":0,"max_hp_gain":5,"max_hp_loss":0,"event_name":"Big Fish","floor":14,"gold_loss":0},{"damage_healed":0,"gold_gain":0,"player_choice":"Simplicity","damage_taken":0,"max_hp_gain":0,"max_hp_loss":0,"event_name":"Back to Basics","floor":21,"gold_loss":0,"cards_upgraded":["Strike_G","Strike_G","Strike_G","Strike_G","Strike_G","Defend_G","Defend_G","Defend_G","Defend_G","Defend_G"]},{"damage_healed":0,"gold_gain":0,"player_choice":"Forge","damage_taken":0,"max_hp_gain":0,"max_hp_loss":0,"event_name":"Accursed Blacksmith","floor":22,"gold_loss":0,"cards_upgraded":["A Thousand Cuts"]},{"damage_healed":0,"gold_gain":0,"player_choice":"Bought 1 Potion","damage_taken":0,"max_hp_gain":0,"max_hp_loss":0,"event_name":"The Woman in Blue","floor":37,"gold_loss":0},{"cards_removed":["Deadly Poison"],"damage_healed":0,"gold_gain":0,"player_choice":"Removed Skill","damage_taken":0,"max_hp_gain":0,"max_hp_loss":0,"event_name":"Falling","floor":48,"gold_loss":0}],"is_beta":false,"boss_relics":[{"not_picked":["Sozu","Ring of the Serpent"],"picked":"Cursed Key"},{"not_picked":["bronze:MakeshiftBattery","Pandora\u0027s Box"],"picked":"SacredBark"}],"items_purged_floors":[10,27],"is_endless":false,"potions_floor_spawned":[1,3,7,16,18,30,31,35,45],"ascension_level":17}}