{"host":"g4jqqbmo30rq7cal","time":1611659977,"event":{"mods":["AchievementEnabler","Act Like it!","BaseMod","Better Altar","Better Match","Better Note","Better Sensory Stone","Better Skull","Better Third Choice","Better Vampires","BetterRewards","Conspire","Downfall","Minty Spire (QoL Compilation)","Rare Cards Sparkle","Shade Mod","Shop Mod","StSLib","The Cursed","The Mystic","Thieving Mod","[IsaacMod]????"],"gold_per_floor":[99,115,128,140,590,604,630,653,681,681,856,556,656,656,669,764,764,764,780,798,798,813,282,306,322,322,322,350,350,450,450,464,567,567,567,580,580,630,460,475,475,475,475,475,482,499,499,276,303,345,345,345],"floor_reached":50,"language":"RUS","playtime":2177,"items_purged":["downfall:Icky"],"score":562,"play_id":"237f55f0-24db-42f1-b70f-d6aa6cf0fd00","local_time":"20210126161937","is_ascension_mode":false,"campfire_choices":[{"floor":1.0,"key":"RECALL"},{"data":"champ:Taunt","floor":12,"key":"SMITH"},{"data":"champ:PreciseThrust","floor":18,"key":"SMITH"},{"floor":26,"key":"REST"},{"data":"champ:TripleStrike","floor":29,"key":"SMITH"},{"data":"champ:GladiatorForm","floor":35,"key":"SMITH"},{"floor":42,"key":"REST"},{"floor":47,"key":"REST"}],"circlet_count":0,"master_deck":["champ:Strike","champ:Strike","champ:Strike","champ:Strike","champ:Defend","champ:Defend","champ:Defend+1","champ:Defend","champ:Taunt+1","champ:PreciseThrust+1","champ:PerfectedStrike","champ:GladiatorStyle+1","downfall:Icky","downfall:Icky","champ:Duel+1","champ:FlashCut","champ:SkillfulDodge","champ:Shatter","champ:TripleStrike+1","CurseOfTheBell","champ:CrownThrow+1","champ:FlashCut+1","champ:BringItOn","champ:FanOfKnives","champ:IronFortress","champ:StanceDance","champ:FlashCut","J.A.X.","champ:Shatter","champ:PerfectedStrike+1","champ:MurderStrike","champ:Encircle","champ:Endure","champ:StanceDance+1","champ:EnGarde+1","champ:DefensiveShout+1","champ:CalledShot","Parasite","champ:Haymaker"],"relics":["champ:ChampionCrown","HushsDoor","MoneyPower","Juzu Bracelet","downfall:HeartBlessingGreen","downfall:HeartBlessingRed","downfall:HeartBlessingBlue","White Beast Statue","CaptainsWheel","Calling Bell","Akabeko","Letter Opener","Ice Cream","Spirit Poop","ClockworkSouvenir","Strawberry","PreservedInsect","Vajra","Red Mask","MutagenicStrength","conspire:Flyswatter","Black Star","GuppysHead","MyShadow","Boot","Nunchaku","MerchantsRug","Anchor","Bird Faced Urn","MealTicket","SalivaCoin","Bag of Preparation"],"acts_visited":["Exordium","TheCity","TheBeyond"],"potions_floor_usage":[4,9,16,16,16,20,20,25,25,28,30,30,32,33,38,39,50,50,50],"damage_taken":[{"damage":17,"enemies":"Jaw Worm","floor":2,"turns":5},{"damage":3,"enemies":"2 Louse","floor":3,"turns":3},{"damage":7,"enemies":"Small Slimes","floor":4,"turns":3},{"damage":7,"enemies":"Exordium Wildlife","floor":6,"turns":4},{"damage":13,"enemies":"Lagavulin","floor":9,"turns":5},{"damage":37,"enemies":"downfall:LadyInBlue","floor":13,"turns":9},{"damage":14,"enemies":"Exordium Thugs","floor":15,"turns":4},{"damage":38,"enemies":"DF_ARCHETYPE_STREAMLINE","floor":16,"turns":12},{"damage":3,"enemies":"Shell Parasite","floor":19,"turns":3},{"damage":35,"enemies":"conspire:FuzzyDice","floor":20,"turns":4},{"damage":8,"enemies":"Snecko","floor":22,"turns":3},{"damage":0,"enemies":"downfall:FleeingMerchant","floor":23,"turns":4},{"damage":14,"enemies":"Centurion and Healer","floor":25,"turns":5},{"damage":20,"enemies":"Masked Bandits","floor":28,"turns":2},{"damage":9,"enemies":"downfall:Augmenter","floor":30,"turns":3},{"damage":2,"enemies":"conspire:HollyBat","floor":32,"turns":9},{"damage":47,"enemies":"SI_MIRROR_ARCHETYPE","floor":33,"turns":8},{"damage":14,"enemies":"Orb Walker","floor":36,"turns":3},{"damage":21,"enemies":"2 Orb Walkers","floor":38,"turns":3},{"damage":15,"enemies":"downfall:FleeingMerchant","floor":39,"turns":4},{"damage":0,"enemies":"3 Shapes","floor":40,"turns":3},{"damage":3,"enemies":"3 Darklings","floor":46,"turns":2},{"damage":19,"enemies":"Writhing Mass","floor":49,"turns":3},{"damage":77,"enemies":"IC_BLOCK_ARCHETYPE","floor":50,"turns":6}],"seed_played":"-4136380542005522631","potions_obtained":[{"floor":2,"key":"Slimebound:ThreeZeroPotion"},{"floor":3,"key":"PowerPotion"},{"floor":13,"key":"SkillPotion"},{"floor":13,"key":"champ:TechniquePotion"},{"floor":13,"key":"AttackPotion"},{"floor":15,"key":"SkillPotion"},{"floor":16,"key":"Swift Potion"},{"floor":19,"key":"LiquidBronze"},{"floor":20,"key":"Energy Potion"},{"floor":22,"key":"PowerPotion"},{"floor":23,"key":"champ:OpenerPotion"},{"floor":25,"key":"Fire Potion"},{"floor":28,"key":"Explosive Potion"},{"floor":30,"key":"SkillPotion"},{"floor":32,"key":"SneckoOil"},{"floor":33,"key":"Fruit Juice"},{"floor":36,"key":"SpeedPotion"},{"floor":38,"key":"Fire Potion"},{"floor":39,"key":"SkillPotion"},{"floor":40,"key":"SteroidPotion"},{"floor":43,"key":"GamblersBrew"},{"floor":46,"key":"BlessingOfTheForge"},{"floor":49,"key":"Energy Potion"}],"is_trial":false,"path_per_floor":["R","M","M","M","?","M","T","T","E","?","?","R","?","?","M","B",null,"R","M","M","?","M","$","T","M","R","?","?","R","?","?","M","B",null,"R","M","T","?","$","M","T","R","?","?","?","M","R","$","M","B"],"character_chosen":"THE_CHAMP","items_purchased":["ClockworkSouvenir","Strawberry","PreservedInsect","champ:FanOfKnives","GuppysHead","MyShadow","Nunchaku","MerchantsRug","Anchor","champ:CalledShot","Bag of Preparation"],"campfire_rested":3,"item_purchase_floors":[23,23,23,23,34,34,39,39,39,48,48],"current_hp_per_floor":[99,92,89,82,82,75,75,75,72,72,72,82,55,55,46,18,109,109,106,81,81,73,80,80,66,100,100,100,100,91,91,89,52,99,99,85,85,64,49,49,49,78,78,78,33,34,63,78,66,0,0,0],"gold":345,"neow_bonus":"TEN_PERCENT_HP_BONUS","is_daily":false,"chose_seed":false,"campfire_upgraded":4,"win_rate":0.0,"timestamp":1611659977,"path_taken":["R","M","M","M","?","M","T","?","E","?","?","R","?","?","M","BOSS","R","M","M","?","M","$","T","M","R","?","?","R","?","?","M","BOSS","R","M","?","?","$","M","T","R","?","?","?","M","R","?","M","BOSS"],"items_purchased_type":["Relic","Relic","Relic","Card","Relic","Relic","Relic","Relic","Relic","Card","Relic"],"build_version":"2020-12-22","purchased_purges":1,"victory":false,"max_hp_per_floor":[99,99,99,99,99,99,99,99,99,99,99,109,109,109,109,109,109,109,109,109,109,109,116,116,116,116,116,116,116,116,116,116,121,99,99,99,99,99,99,99,99,99,99,99,99,99,99,99,99,99,99,99],"card_choices":[{"not_picked":["champ:PreemptiveStrike","champ:Circumvent"],"picked":"champ:PreciseThrust","floor":2},{"not_picked":["champ:UltimateStance","champ:Parry"],"picked":"champ:PerfectedStrike","floor":3},{"not_picked":["champ:FlashCut","champ:Backstep"],"picked":"champ:GladiatorStyle","floor":4},{"not_picked":["champ:DeathBlow","champ:EnragedBash"],"picked":"champ:Duel","floor":6},{"not_picked":["champ:BerserkersShout","champ:GutPunch"],"picked":"champ:FlashCut","floor":9},{"not_picked":["champ:StanceDance","champ:DefensiveShout"],"picked":"champ:SkillfulDodge","floor":13},{"not_picked":["champ:ShieldSlam","champ:Haymaker"],"picked":"champ:Shatter","floor":15},{"not_picked":["champ:DancingMaster","champ:MurderStrike"],"picked":"champ:TripleStrike","floor":16},{"not_picked":["champ:FaceSlap","champ:GutPunch"],"picked":"champ:CrownThrow+1","floor":19},{"not_picked":["champ:EnGarde","champ:SkillfulDodge"],"picked":"champ:FlashCut+1","floor":20},{"not_picked":["champ:DeathBlow","champ:FocusedDefense"],"picked":"champ:BringItOn","floor":22},{"not_picked":["champ:EnGarde","champ:GladiatorStyle"],"picked":"champ:GladiatorForm","floor":23},{"not_picked":["champ:AdrenalArmor","champ:BerserkersShout"],"picked":"champ:IronFortress","floor":25},{"not_picked":["champ:Circumvent+1","champ:AdrenalArmor+1"],"picked":"champ:BladeFlurry","floor":28},{"not_picked":[],"picked":"J.A.X.","floor":30},{"not_picked":["champ:FlashCut","champ:FanOfKnives"],"picked":"champ:Shatter","floor":30},{"not_picked":["champ:BerserkersShout","champ:FocusedBerserking+1"],"picked":"champ:PerfectedStrike+1","floor":32},{"not_picked":["champ:LastStand","champ:GladiatorForm"],"picked":"champ:MurderStrike","floor":33},{"not_picked":["champ:RecklessLeap+1","champ:BringItOn"],"picked":"champ:Encircle","floor":36},{"not_picked":["champ:BringItOn+1","champ:CrookedStrike"],"picked":"champ:Endure","floor":38},{"not_picked":["champ:PreemptiveStrike","champ:BladeFlurry"],"picked":"champ:StanceDance+1","floor":39},{"not_picked":["champ:PerfectedStrike+1","champ:BerserkersShout"],"picked":"champ:EnGarde+1","floor":40},{"not_picked":["champ:BladeFlurry","champ:CrownThrow"],"picked":"champ:DefensiveShout+1","floor":46},{"not_picked":["champ:Backstep+1","champ:BerserkersShout"],"picked":"champ:Haymaker","floor":49}],"player_experience":283116,"relics_obtained":[{"floor":7,"key":"Juzu Bracelet"},{"floor":9,"key":"Omamori"},{"floor":13,"key":"White Beast Statue"},{"floor":17,"key":"Akabeko"},{"floor":17,"key":"Letter Opener"},{"floor":17,"key":"Ice Cream"},{"floor":24,"key":"Vajra"},{"floor":28,"key":"Red Mask"},{"floor":30,"key":"MutagenicStrength"},{"floor":37,"key":"Boot"},{"floor":41,"key":"Bird Faced Urn"}],"event_choices":[{"damage_healed":0,"gold_gain":0,"player_choice":"Box","damage_taken":0,"relics_obtained":["CaptainsWheel"],"max_hp_gain":0,"max_hp_loss":0,"event_name":"Big Fish","floor":14,"gold_loss":0,"cards_obtained":["Regret"]},{"cards_removed":["Regret"],"damage_healed":0,"gold_gain":0,"player_choice":"Offered Curse","damage_taken":0,"relics_obtained":["Spirit Poop"],"max_hp_gain":0,"max_hp_loss":0,"event_name":"Bonfire Elementals","floor":21,"gold_loss":0},{"cards_removed":["champ:TripleStrike"],"damage_healed":0,"gold_gain":0,"player_choice":"Give","damage_taken":0,"max_hp_gain":0,"max_hp_loss":0,"event_name":"betterNote:BetterNote","floor":27,"gold_loss":0,"cards_obtained":["None"]},{"damage_healed":0,"gold_gain":0,"player_choice":"Fought Bandits","damage_taken":0,"max_hp_gain":0,"max_hp_loss":0,"event_name":"Masked Bandits","floor":28,"gold_loss":0},{"damage_healed":0,"gold_gain":0,"player_choice":"Fight","damage_taken":0,"max_hp_gain":0,"max_hp_loss":0,"event_name":"Mysterious Sphere","floor":38,"gold_loss":0},{"damage_healed":0,"gold_gain":0,"player_choice":"Got Potions","damage_taken":0,"max_hp_gain":0,"max_hp_loss":0,"event_name":"Lab","floor":43,"gold_loss":0},{"cards_removed":["champ:GladiatorForm"],"damage_healed":0,"gold_gain":0,"player_choice":"Removed Power","damage_taken":0,"max_hp_gain":0,"max_hp_loss":0,"event_name":"Falling","floor":44,"gold_loss":0},{"damage_healed":0,"gold_gain":0,"player_choice":"RE RE ","damage_taken":49,"relics_obtained":["MealTicket","SalivaCoin"],"max_hp_gain":0,"max_hp_loss":0,"event_name":"betterSkull:BetterSkull","floor":45,"gold_loss":0,"cards_upgraded":[]}],"is_beta":false,"boss_relics":[{"not_picked":["Empty Cage","Pandora\u0027s Box"],"picked":"Calling Bell"},{"not_picked":[]},{"not_picked":["conspire:RoyalGoblet","Fusion Hammer"],"picked":"Black Star"},{"not_picked":[]}],"items_purged_floors":[39],"is_endless":false,"potions_floor_spawned":[2,3,13,15,16,19,20,22,23,25,28,30,32,33,36,38,39,40,46,49],"killed_by":"IC_BLOCK_ARCHETYPE","ascension_level":0}}