{"host":"roqztpbdbchtekes","time":1611688874,"event":{"mods":["A Magickal Journey","AchievementEnabler","BaseMod","Better Note","Better Third Choice","BetterRewards","Block Reminder","Colored Map","Colored Powertips","Curses Come First","DeckTracker","Minty Spire (QoL Compilation)","Relic Stats","Spicy Shops","StSLib"],"gold_per_floor":[11,11,86,111,11,50,50,75,75,96,96,96,96],"floor_reached":12,"language":"ENG","playtime":484,"items_purged":["Shame"],"score":94,"play_id":"64e85168-4d57-4e27-b0e0-a47c36c6acb1","local_time":"20210126202114","is_ascension_mode":true,"campfire_choices":[{"data":"Searing Blow","floor":7,"key":"SMITH"}],"circlet_count":0,"master_deck":["Strike_R","Strike_R","Strike_R","Strike_R","Strike_R","Defend_R","Defend_R","Defend_R","Defend_R","Bash","Master of Strategy","Pommel Strike","Hemokinesis","Searing Blow+2","Dropkick","Flex"],"relics":["Burning Blood","Golden Idol","Membership Card","Unceasing Top","Shuriken"],"acts_visited":["Exordium"],"potions_floor_usage":[6,12],"damage_taken":[{"damage":9,"enemies":"Jaw Worm","floor":1,"turns":6},{"damage":7,"enemies":"2 Louse","floor":4,"turns":3},{"damage":29,"enemies":"3 Sentries","floor":6,"turns":5},{"damage":0,"enemies":"Small Slimes","floor":8,"turns":3},{"damage":11,"enemies":"Blue Slaver","floor":10,"turns":3},{"damage":17,"enemies":"Lagavulin","floor":12,"turns":3}],"seed_played":"-8841585127956757840","potions_obtained":[{"floor":4,"key":"BlessingOfTheForge"},{"floor":8,"key":"DuplicationPotion"}],"is_trial":false,"path_per_floor":["M","?","?","M","$","E","R","M","T","M","?","E"],"character_chosen":"IRONCLAD","items_purchased":["Membership Card"],"campfire_rested":0,"item_purchase_floors":[5],"current_hp_per_floor":[77,57,46,45,45,22,22,28,28,23,23,6,6],"gold":96,"neow_bonus":"RANDOM_COLORLESS_2","is_daily":false,"chose_seed":false,"campfire_upgraded":1,"win_rate":0.0,"timestamp":1611688874,"path_taken":["M","?","?","?","$","E","R","M","T","M","?","E"],"items_purchased_type":["Relic"],"build_version":"2020-12-22","purchased_purges":1,"victory":false,"max_hp_per_floor":[80,80,80,80,80,80,80,80,80,80,80,80,80],"relic_stats":{"counters":[6,23],"Golden Idol":22,"Shuriken":[2],"obtain_stats":[{"Golden Idol":2,"Shuriken":9,"Membership Card":5,"Burning Blood":0,"Unceasing Top":6},{"Golden Idol":1,"Shuriken":4,"Membership Card":2,"Burning Blood":0,"Unceasing Top":3},{"Golden Idol":6,"Shuriken":17,"Membership Card":9,"Burning Blood":0,"Unceasing Top":14}],"Burning Blood":30,"Unceasing Top":[0]},"card_choices":[{"not_picked":["Mayhem","Secret Weapon"],"picked":"Master of Strategy","floor":0},{"not_picked":["Body Slam","Clothesline"],"picked":"Pommel Strike","floor":1},{"not_picked":["Wild Strike","Headbutt"],"picked":"Hemokinesis","floor":4},{"not_picked":["Ghostly Armor","Shrug It Off"],"picked":"Searing Blow","floor":6},{"not_picked":["Evolve","Clothesline"],"picked":"Dropkick","floor":8},{"not_picked":["Blood for Blood","Rage"],"picked":"Flex","floor":10}],"player_experience":319890,"relics_obtained":[{"floor":6,"key":"Unceasing Top"},{"floor":9,"key":"Shuriken"}],"event_choices":[{"damage_healed":0,"gold_gain":0,"player_choice":"Take Damage","damage_taken":20,"relics_obtained":["Golden Idol"],"max_hp_gain":0,"max_hp_loss":0,"event_name":"Golden Idol","floor":2,"gold_loss":0},{"damage_healed":0,"gold_gain":75,"player_choice":"Gold","damage_taken":11,"max_hp_gain":0,"max_hp_loss":0,"event_name":"betterThird:BetterGoop","floor":3,"gold_loss":0},{"damage_healed":0,"gold_gain":0,"player_choice":"Grow","damage_taken":0,"max_hp_gain":0,"max_hp_loss":0,"event_name":"Living Wall","floor":11,"gold_loss":0,"cards_upgraded":["Searing Blow"]}],"is_beta":false,"boss_relics":[],"items_purged_floors":[5],"is_endless":false,"potions_floor_spawned":[4,8],"killed_by":"Lagavulin","ascension_level":4}}