{"host":"7eytxr1oawi6r5nr","time":1611696270,"event":{"mods":["BaseMod","Better Third Choice","Curses Come First","Dark Map","Hermit","Hubris","Ironclad Rager","Jorbs\u0027s Wanderer Trilogy","Minty Spire (QoL Compilation)","Permanent Neow","Quick Restart","Rare Cards Sparkle","Reliquary","Replay The Spire","Robot Space Explorer","StSLib","The Cursed","The Disciple","The Dragon Tamer","The Forsaken","The Marked","The Mystic","The Runesmith","UnlockEverythingMod","Wide Potions"],"gold_per_floor":[109,129,129,142,154,154,154,154,154,164,164,193,193,211,211,231,231,231,231],"floor_reached":18,"language":"ENG","playtime":686,"items_purged":[],"score":137,"play_id":"d972abff-948b-4b90-a1d5-20827a09e4df","local_time":"20210126212430","is_ascension_mode":true,"campfire_choices":[{"floor":6.0,"key":"REST"},{"floor":17,"key":"REST"}],"circlet_count":0,"master_deck":["Whirlwind+1","Strike_R","Strike_R","Strike_R","Strike_R","Strike_R","Defend_R","Defend_R","Defend_R","Defend_R","Bash","Demon Form","Ghostly Armor","Clothesline","Uppercut","Combust","Bloodletting","Shrug It Off+1","Iron Wave+1"],"relics":["Burning Blood","hubris:Towel","Question Card","theForsaken:HumbleEgg","Champion Belt","Mirror"],"acts_visited":["Exordium"],"potions_floor_usage":[16],"damage_taken":[{"damage":12.0,"enemies":"Jaw Worm","floor":1.0,"turns":6.0},{"damage":6.0,"enemies":"Cultist","floor":2.0,"turns":4.0},{"damage":10.0,"enemies":"Small Slimes","floor":4.0,"turns":3.0},{"damage":27.0,"enemies":"Exordium Wildlife","floor":5.0,"turns":6.0},{"damage":9.0,"enemies":"Blue Slaver","floor":10.0,"turns":4.0},{"damage":42.0,"enemies":"Gremlin Nob","floor":12.0,"turns":5.0},{"damage":8.0,"enemies":"Gremlin Gang","floor":14.0,"turns":3.0},{"damage":7,"enemies":"Exordium Wildlife","floor":16,"turns":4},{"damage":31,"enemies":"Hexaghost","floor":18,"turns":10}],"seed_played":"4482505989293805312","potions_obtained":[{"floor":4.0,"key":"BlessingOfTheForge"},{"floor":5.0,"key":"Swift Potion"},{"floor":12.0,"key":"Weak Potion"}],"is_trial":false,"path_per_floor":["M","M","?","M","M","R","PTL","PTL","T","M","T","E","?","M","T","M","R","B"],"character_chosen":"IRONCLAD","items_purchased":[],"campfire_rested":2,"item_purchase_floors":[],"current_hp_per_floor":[50,50,50,46,25,49,49,49,49,46,46,10,10,8,8,7,31,0,0],"gold":231,"neow_bonus":"THREE_RARE_CARDS","is_daily":false,"chose_seed":false,"campfire_upgraded":0,"win_rate":0.0,"timestamp":1611696270,"path_taken":["M","M","?","M","M","R","PTL","PTL","?","?","T","E","?","?","?","M","R","BOSS"],"items_purchased_type":[],"build_version":"2020-12-22","purchased_purges":0,"victory":false,"max_hp_per_floor":[80,80,80,80,80,80,80,80,80,80,80,80,80,80,80,80,80,80,80],"card_choices":[{"not_picked":["Corruption","Hemogenesis"],"picked":"Demon Form","floor":0.0},{"not_picked":["Wild Strike","Cleave"],"picked":"Ghostly Armor","floor":1.0},{"not_picked":["Warcry","ReplayTheSpireMod:Strike From Hell","Twin Strike"],"picked":"SKIP","floor":2.0},{"not_picked":["Run Through","Body Slam"],"picked":"Clothesline","floor":4.0},{"not_picked":["ReplayReversal","ReplayTheSpireMod:Strike From Hell"],"picked":"Uppercut","floor":5.0},{"not_picked":["Iron Wave","Run Through","Dual Wield"],"picked":"Combust","floor":10.0},{"not_picked":["hubris:CleavingFinish","Iron Wave+1","ReplayTheSpireMod:Strike From Hell+1"],"picked":"Bloodletting","floor":12.0},{"not_picked":["Bludgeon","Cleave+1","Dropkick"],"picked":"Shrug It Off+1","floor":14.0},{"not_picked":["Havoc+1","Battle Trance","Perfected Strike+1"],"picked":"Iron Wave+1","floor":16}],"player_experience":140235,"relics_obtained":[{"floor":9.0,"key":"Question Card"},{"floor":11.0,"key":"theForsaken:HumbleEgg"},{"floor":12.0,"key":"Champion Belt"},{"floor":15.0,"key":"Mirror"}],"event_choices":[{"damage_healed":0.0,"max_hp_gain":0.0,"max_hp_loss":0.0,"gold_gain":0.0,"event_name":"Upgrade Shrine","player_choice":"Upgraded","floor":13.0,"gold_loss":0.0,"damage_taken":0.0,"cards_upgraded":["Whirlwind"]}],"is_beta":false,"boss_relics":[],"items_purged_floors":[],"is_endless":false,"potions_floor_spawned":[4,5,12],"killed_by":"Hexaghost","ascension_level":4}}