{"host":"hwrdjx5eod2cxh09","time":1611669844,"event":{"mods":["AchievementEnabler","BaseMod","Bestiary","Minty Spire (QoL Compilation)","Relic Stats"],"gold_per_floor":[118,128,142,142,155,155,155,155,233,243,258,271,290,302,302,397,397,413,285,285,298,80,80,80,80,159,170,170,182,199,215,215,316,316,333,333,333,350,350,350,369,380,380,380,380,380],"floor_reached":45,"language":"ENG","playtime":1592,"items_purged":["Strike_B","Strike_B"],"score":415,"play_id":"3aa4d87d-7897-443c-96ad-a36c1c1fd350","local_time":"20210126230404","is_ascension_mode":false,"campfire_choices":[{"data":"Defragment","floor":6.0,"key":"SMITH"},{"data":"Defragment","floor":8.0,"key":"SMITH"},{"data":"Capacitor","floor":15.0,"key":"SMITH"},{"data":"Capacitor","floor":23.0,"key":"SMITH"},{"data":"Coolheaded","floor":25.0,"key":"SMITH"},{"floor":32.0,"key":"REST"},{"data":"Fission","floor":40.0,"key":"SMITH"},{"data":"Consume","floor":44.0,"key":"SMITH"}],"circlet_count":0,"master_deck":["Defend_B","Defend_B","Defend_B","Defend_B","Zap+1","Dualcast","Ball Lightning","Defragment+1","Defragment+1","Steam","BootSequence","Conserve Battery","Capacitor+1","Melter","Echo Form","Turbo","Coolheaded+1","Self Repair","Capacitor+1","Cold Snap","Defragment","Auto Shields","Lockon+1","Glacier+1","Fission+1","Loop","Consume+1","Chaos","Steam Power+1"],"relics":["Cracked Core"],"acts_visited":["Exordium","TheCity","TheBeyond"],"potions_floor_usage":[],"damage_taken":[{"damage":0.0,"enemies":"2 Louse","floor":1.0,"turns":2.0},{"damage":5.0,"enemies":"Small Slimes","floor":2.0,"turns":3.0},{"damage":11.0,"enemies":"Jaw Worm","floor":3.0,"turns":3.0},{"damage":8.0,"enemies":"3 Louse","floor":5.0,"turns":3.0},{"damage":3.0,"enemies":"Blue Slaver","floor":10.0,"turns":4.0},{"damage":0.0,"enemies":"Large Slime","floor":11.0,"turns":3.0},{"damage":5.0,"enemies":"Looter","floor":12.0,"turns":3.0},{"damage":0.0,"enemies":"Red Slaver","floor":13.0,"turns":3.0},{"damage":0.0,"enemies":"Large Slime","floor":14.0,"turns":4.0},{"damage":7.0,"enemies":"Hexaghost","floor":16.0,"turns":8.0},{"damage":18.0,"enemies":"2 Thieves","floor":18.0,"turns":4.0},{"damage":4.0,"enemies":"Shell Parasite","floor":21.0,"turns":5.0},{"damage":32.0,"enemies":"Cultist and Chosen","floor":27.0,"turns":9.0},{"damage":4.0,"enemies":"Centurion and Healer","floor":29.0,"turns":7.0},{"damage":4.0,"enemies":"Snecko","floor":30.0,"turns":8.0},{"damage":30.0,"enemies":"Snake Plant","floor":31.0,"turns":5.0},{"damage":11.0,"enemies":"Automaton","floor":33.0,"turns":14.0},{"damage":19.0,"enemies":"Orb Walker","floor":35.0,"turns":5.0},{"damage":4.0,"enemies":"3 Darklings","floor":37.0,"turns":3.0},{"damage":9.0,"enemies":"Spire Growth","floor":38.0,"turns":9.0},{"damage":13.0,"enemies":"Sphere and 2 Shapes","floor":41.0,"turns":9.0},{"damage":31.0,"enemies":"Jaw Worm Horde","floor":42.0,"turns":7.0},{"damage":68,"enemies":"Reptomancer","floor":45,"turns":3}],"seed_played":"-2141393964787889427","potions_obtained":[{"floor":2.0,"key":"Block Potion"},{"floor":5.0,"key":"FearPotion"},{"floor":10.0,"key":"Ancient Potion"},{"floor":11.0,"key":"LiquidMemories"},{"floor":27.0,"key":"EssenceOfDarkness"},{"floor":30.0,"key":"SmokeBomb"},{"floor":38.0,"key":"FairyPotion"}],"is_trial":false,"path_per_floor":["M","M","M","?","M","R","?","R","T","M","M","M","M","M","R","B",null,"M","$","?","M","$","R","?","R","T","M","?","M","M","M","R","B",null,"M","?","M","M","?","R","M","M","T","R","E"],"character_chosen":"DEFECT","items_purchased":["Coolheaded","Capacitor","Cold Snap"],"campfire_rested":1,"item_purchase_floors":[19,22,22],"current_hp_per_floor":[75,70,59,59,51,51,51,51,51,48,48,43,43,43,43,36,75,57,57,57,53,53,53,53,53,53,35,35,38,41,18,40,36,75,70,70,66,64,64,64,65,41,41,41,0,0],"gold":380,"neow_bonus":"UPGRADE_CARD","is_daily":false,"chose_seed":false,"campfire_upgraded":7,"win_rate":0.0,"timestamp":1611669844,"path_taken":["M","M","M","?","M","R","?","R","T","M","M","M","?","M","R","BOSS","M","$","?","M","$","R","?","R","T","M","?","M","M","M","R","BOSS","M","?","M","M","?","R","M","?","T","R","E"],"items_purchased_type":["Card","Card","Card"],"build_version":"2020-12-22","purchased_purges":2,"victory":false,"max_hp_per_floor":[75,75,75,75,75,75,75,75,75,75,75,75,75,75,75,75,75,75,75,75,75,75,75,75,75,75,75,75,75,75,75,75,75,75,75,75,75,75,75,75,75,75,75,75,75,75],"relic_stats":{"counters":[23,124],"obtain_stats":[{"Cracked Core":0},{"Cracked Core":0},{"Cracked Core":0}]},"card_choices":[{"not_picked":["Double Energy","Rebound"],"picked":"Ball Lightning","floor":1.0},{"not_picked":["Steam","Sunder"],"picked":"Defragment","floor":2.0},{"not_picked":["Rebound","Steam Power"],"picked":"Defragment","floor":3.0},{"not_picked":["Barrage","Hologram"],"picked":"Steam","floor":5.0},{"not_picked":["Force Field","Stack","Go for the Eyes"],"picked":"SKIP","floor":10.0},{"not_picked":["Force Field","Compile Driver"],"picked":"BootSequence","floor":11.0},{"not_picked":["Streamline","Steam Power"],"picked":"Conserve Battery","floor":12.0},{"not_picked":["Ball Lightning","Lockon"],"picked":"Capacitor","floor":13.0},{"not_picked":["Scrape","Steam Power"],"picked":"Melter","floor":14.0},{"not_picked":["Multi-Cast","Core Surge"],"picked":"Echo Form","floor":16.0},{"not_picked":["Hologram","Streamline"],"picked":"Turbo","floor":18.0},{"not_picked":["Turbo","Cold Snap"],"picked":"Self Repair","floor":21.0},{"not_picked":["Stack","Conserve Battery"],"picked":"Defragment","floor":27.0},{"not_picked":["Turbo","Ball Lightning"],"picked":"Auto Shields","floor":29.0},{"not_picked":["Blizzard+1","Rip and Tear"],"picked":"Lockon+1","floor":30.0},{"not_picked":["Turbo","Conserve Battery"],"picked":"Glacier+1","floor":31.0},{"not_picked":["Core Surge","All For One"],"picked":"Fission","floor":33.0},{"not_picked":["BootSequence","Rebound"],"picked":"Loop","floor":35.0},{"not_picked":["Coolheaded","Stack"],"picked":"Consume","floor":38.0},{"not_picked":["FTL+1","Sweeping Beam","Stack+1"],"picked":"SKIP","floor":41.0},{"not_picked":["Turbo+1","Storm+1"],"picked":"Steam Power+1","floor":42.0}],"player_experience":312581,"relics_obtained":[],"event_choices":[{"damage_healed":0.0,"max_hp_gain":0.0,"max_hp_loss":0.0,"gold_gain":0.0,"event_name":"Golden Idol","player_choice":"Ignored","floor":4.0,"gold_loss":0.0,"damage_taken":0.0},{"damage_healed":0.0,"max_hp_gain":0.0,"max_hp_loss":0.0,"gold_gain":0.0,"event_name":"Scrap Ooze","player_choice":"Fled","floor":7.0,"gold_loss":0.0,"damage_taken":0.0},{"cards_removed":["Strike_B"],"damage_healed":0.0,"max_hp_gain":0.0,"max_hp_loss":0.0,"gold_gain":0.0,"event_name":"Back to Basics","player_choice":"Elegance","floor":20.0,"gold_loss":0.0,"damage_taken":0.0},{"damage_healed":0.0,"max_hp_gain":0.0,"max_hp_loss":0.0,"gold_gain":0.0,"event_name":"The Mausoleum","player_choice":"Ignored","floor":24.0,"gold_loss":0.0,"damage_taken":0.0},{"damage_healed":0.0,"max_hp_gain":0.0,"max_hp_loss":0.0,"gold_gain":0.0,"event_name":"SensoryStone","player_choice":"Memory 1","floor":36.0,"gold_loss":0.0,"damage_taken":0.0},{"damage_healed":0.0,"max_hp_gain":0.0,"max_hp_loss":0.0,"gold_gain":0.0,"cards_transformed":["Strike_B"],"event_name":"Transmorgrifier","player_choice":"Transformed","floor":39.0,"gold_loss":0.0,"damage_taken":0.0,"cards_obtained":["Chaos"]}],"is_beta":false,"boss_relics":[{"not_picked":["Pandora\u0027s Box","SlaversCollar","Inserter"]},{"not_picked":["Tiny House","Runic Pyramid","Fusion Hammer"]}],"items_purged_floors":[19,22],"is_endless":false,"potions_floor_spawned":[2,5,10,11,13,27,30,31,33,35,38,42],"killed_by":"Reptomancer","ascension_level":0}}