{"host":"ELF","time":1611640010,"event":{"mods":["BaseMod","Bestiary","Minty Spire (QoL Compilation)","Relic Stats","Slay the Relics Exporter"],"gold_per_floor":[118,138,154,167,1,1,35,48,74,74,224,224,236,236,236,236,236],"floor_reached":16,"language":"ENG","playtime":566,"items_purged":[],"score":204,"play_id":"b7acdb36-26d6-4ee1-b32d-f07d17b86a8c","local_time":"20210125234650","is_ascension_mode":true,"campfire_choices":[{"floor":6.0,"key":"REST"},{"floor":10,"key":"REST"},{"floor":12,"key":"REST"},{"floor":15,"key":"REST"}],"circlet_count":0,"master_deck":["AscendersBane","Strike_B","Strike_B","Strike_B","Strike_B","Defend_B","Defend_B","Defend_B","Defend_B","Zap","Dualcast","Go for the Eyes","Sweeping Beam","Blizzard","Hologram","Coolheaded","Fusion","Doubt","Streamline"],"relics":["Busted Crown","Orichalcum","InkBottle","MealTicket","Omamori"],"acts_visited":["Exordium"],"potions_floor_usage":[8],"damage_taken":[{"damage":10.0,"enemies":"Small Slimes","floor":1.0,"turns":4.0},{"damage":2.0,"enemies":"Jaw Worm","floor":2.0,"turns":3.0},{"damage":1.0,"enemies":"Cultist","floor":3.0,"turns":3.0},{"damage":26.0,"enemies":"Large Slime","floor":4.0,"turns":6.0},{"damage":39.0,"enemies":"Lagavulin","floor":7.0,"turns":7.0},{"damage":1,"enemies":"Gremlin Gang","floor":8,"turns":4},{"damage":11,"enemies":"2 Fungi Beasts","floor":13,"turns":4},{"damage":63,"enemies":"Slime Boss","floor":16,"turns":9}],"seed_played":"-265898525787852398","potions_obtained":[{"floor":4.0,"key":"Block Potion"},{"floor":7.0,"key":"BlessingOfTheForge"},{"floor":8,"key":"SteroidPotion"}],"is_trial":false,"path_per_floor":["M","M","M","M","$","R","E","M","T","R","?","R","M","?","R","B"],"character_chosen":"DEFECT","items_purchased":["Orichalcum"],"campfire_rested":4,"item_purchase_floors":[5],"current_hp_per_floor":[54,52,51,25,25,46,7,6,6,27,27,48,37,37,58,0,0],"gold":236,"neow_bonus":"BOSS_RELIC","is_daily":false,"chose_seed":false,"campfire_upgraded":0,"win_rate":0.0,"timestamp":1611640010,"path_taken":["M","M","M","M","$","R","E","M","T","R","?","R","M","?","R","BOSS"],"items_purchased_type":["Relic"],"build_version":"2020-12-18","purchased_purges":0,"victory":false,"max_hp_per_floor":[71,71,71,71,71,71,71,71,71,71,71,71,71,71,71,71,71],"relic_stats":{"Busted Crown":14,"counters":[8,40],"MealTicket":0,"Orichalcum":[48],"obtain_stats":[{"Busted Crown":0,"MealTicket":9,"Omamori":14,"Orichalcum":5,"Cracked Core":0,"InkBottle":7},{"Busted Crown":0,"MealTicket":6,"Omamori":7,"Orichalcum":4,"Cracked Core":0,"InkBottle":5},{"Busted Crown":0,"MealTicket":27,"Omamori":31,"Orichalcum":16,"Cracked Core":0,"InkBottle":23}],"InkBottle":[7]},"card_choices":[{"not_picked":[],"picked":"Go for the Eyes","floor":1.0},{"not_picked":[],"picked":"Sweeping Beam","floor":2.0},{"not_picked":[],"picked":"Blizzard","floor":3.0},{"not_picked":[],"picked":"Hologram","floor":4.0},{"not_picked":[],"picked":"Coolheaded","floor":7.0},{"not_picked":[],"picked":"Fusion","floor":8},{"not_picked":[],"picked":"Streamline","floor":13}],"player_experience":3286557,"relics_obtained":[{"floor":7.0,"key":"InkBottle"},{"floor":9,"key":"MealTicket"}],"event_choices":[{"damage_healed":0,"gold_gain":150,"player_choice":"AGREE","damage_taken":0,"max_hp_gain":0,"max_hp_loss":0,"event_name":"Liars Game","floor":11,"gold_loss":0,"cards_obtained":["Doubt"]},{"damage_healed":0,"gold_gain":0,"player_choice":"Gave Potion","damage_taken":0,"relics_obtained":["Omamori"],"max_hp_gain":0,"max_hp_loss":0,"event_name":"WeMeetAgain","floor":14,"gold_loss":0}],"is_beta":true,"boss_relics":[],"items_purged_floors":[],"is_endless":false,"potions_floor_spawned":[4,7,8],"killed_by":"Slime Boss","ascension_level":20}}