{"host":"aqym1xxr3lb31d9m","time":1611680798,"event":{"mods":["BaseMod","Block Reminder","Colored Map","Colored Powertips","DeckTracker","Highlight Path","Minty Spire (QoL Compilation)","Quick Restart","Random Character Button","StSLib","SuperFastMode","UnlockEverythingMod"],"gold_per_floor":[114,264,283,330,128,157,170,170,170,186,186,196,212,237,237,314,314,314,314,231,231,231,231,231,231,231,231,231,231,231,143,143,143,143,143,143,143,143,43,43,43,43,43,43,43,43,43],"floor_reached":46,"language":"JPN","playtime":2866,"items_purged":["Doubt","Writhe"],"score":881,"play_id":"12f8632c-48d3-4def-ab9d-e1517ec1b292","local_time":"20210127020638","is_ascension_mode":true,"campfire_choices":[{"data":"Sunder","floor":8.0,"key":"SMITH"},{"floor":15.0,"key":"REST"},{"data":"Defragment","floor":23,"key":"SMITH"},{"data":"Defragment","floor":25,"key":"SMITH"},{"floor":32,"key":"REST"},{"data":"Seek","floor":40,"key":"SMITH"},{"data":"Hologram","floor":42,"key":"SMITH"},{"floor":45,"key":"RECALL"}],"circlet_count":0,"master_deck":["AscendersBane","Strike_B+1","Strike_B","Defend_B","Defend_B","Defend_B","Zap","Dualcast","Conserve Battery","Rip and Tear","Sweeping Beam","Rebound+1","Glacier","Sunder+1","Ball Lightning","Steam Power","Machine Learning","Stack","White Noise","Go for the Eyes","Electrodynamics","Seek+1","Coolheaded","Defragment+1","Defragment+1","Hologram+1","Multi-Cast","Force Field","Darkness","Defragment","Creative AI","CurseOfTheBell","Streamline+1","Hologram","Coolheaded","Compile Driver"],"relics":["Cracked Core","Tiny Chest","Ancient Tea Set","Whetstone","Oddly Smooth Stone","Ectoplasm","Eternal Feather","Shuriken","Calling Bell","Akabeko","Mummified Hand","Girya","Turnip","Bottled Lightning"],"acts_visited":["Exordium","TheCity","TheBeyond"],"potions_floor_usage":[21,21,33],"damage_taken":[{"damage":3.0,"enemies":"2 Louse","floor":1.0,"turns":3.0},{"damage":5.0,"enemies":"Jaw Worm","floor":3.0,"turns":2.0},{"damage":33.0,"enemies":"Lagavulin","floor":6.0,"turns":9.0},{"damage":0.0,"enemies":"Small Slimes","floor":7.0,"turns":3.0},{"damage":4.0,"enemies":"Red Slaver","floor":10.0,"turns":2.0},{"damage":0.0,"enemies":"Exordium Thugs","floor":12.0,"turns":3.0},{"damage":0.0,"enemies":"3 Louse","floor":13.0,"turns":3.0},{"damage":7.0,"enemies":"3 Sentries","floor":14.0,"turns":5.0},{"damage":13.0,"enemies":"Hexaghost","floor":16.0,"turns":9.0},{"damage":0.0,"enemies":"Chosen","floor":18.0,"turns":3.0},{"damage":0,"enemies":"2 Thieves","floor":21,"turns":1},{"damage":0,"enemies":"Centurion and Healer","floor":27,"turns":7},{"damage":9,"enemies":"Snecko","floor":28,"turns":4},{"damage":20,"enemies":"Snake Plant","floor":30,"turns":5},{"damage":4,"enemies":"Automaton","floor":33,"turns":10},{"damage":36,"enemies":"3 Darklings","floor":35,"turns":3},{"damage":32,"enemies":"2 Orb Walkers","floor":38,"turns":5},{"damage":0,"enemies":"3 Shapes","floor":41,"turns":3},{"damage":16,"enemies":"Spire Growth","floor":44,"turns":6},{"damage":61,"enemies":"Nemesis","floor":46,"turns":7}],"seed_played":"3036632521222747435","potions_obtained":[{"floor":10.0,"key":"FearPotion"},{"floor":12.0,"key":"Explosive Potion"},{"floor":16.0,"key":"SteroidPotion"},{"floor":28,"key":"FearPotion"},{"floor":30,"key":"SteroidPotion"},{"floor":33,"key":"EssenceOfSteel"}],"is_trial":false,"path_per_floor":["M","?","M","T","$","E","M","R","T","M","?","M","M","E","R","B",null,"M","?","$","M","T","R","?","R","T","M","M","?","M","$","R","B",null,"M","?","T","?","$","R","M","R","T","M","R","E"],"character_chosen":"DEFECT","items_purchased":["Glacier","Sunder","Defragment","Defragment"],"campfire_rested":2,"item_purchase_floors":[5,5,20,31],"current_hp_per_floor":[61,61,56,56,56,23,23,23,23,19,19,19,19,12,31,18,53,53,53,53,53,53,64,64,64,64,64,55,38,18,18,56,52,65,29,43,43,11,11,29,29,50,50,34,55,0,0],"gold":43,"neow_bonus":"TRANSFORM_TWO_CARDS","is_daily":false,"chose_seed":false,"campfire_upgraded":5,"win_rate":0.0,"timestamp":1611680798,"path_taken":["M","?","M","?","$","E","M","R","T","M","?","?","M","E","R","BOSS","M","?","$","M","?","R","?","R","T","M","M","?","M","$","R","BOSS","M","?","?","?","?","R","M","R","T","M","R","E"],"items_purchased_type":["Card","Card","Card","Card"],"build_version":"2020-12-22","purchased_purges":2,"victory":false,"max_hp_per_floor":[64,64,64,64,64,64,64,64,64,64,64,64,64,64,64,64,64,64,64,64,64,64,64,64,64,64,64,64,69,69,69,69,69,69,69,69,69,69,69,69,69,69,69,69,69,69,69],"card_choices":[{"not_picked":["Hologram","Capacitor"],"picked":"Sweeping Beam","floor":1.0},{"not_picked":["Steam","Reprogram"],"picked":"Rebound","floor":3.0},{"not_picked":["Fusion","Rip and Tear"],"picked":"Ball Lightning","floor":6.0},{"not_picked":["Redo","Leap"],"picked":"Steam Power","floor":7.0},{"not_picked":["Auto Shields","Redo"],"picked":"Machine Learning","floor":10.0},{"not_picked":["Aggregate","Beam Cell"],"picked":"White Noise","floor":12.0},{"not_picked":["Force Field","Leap"],"picked":"Go for the Eyes","floor":13.0},{"not_picked":["Steam","Conserve Battery"],"picked":"Electrodynamics","floor":14.0},{"not_picked":["Machine Learning","Buffer"],"picked":"Seek","floor":16.0},{"not_picked":["Cold Snap","Genetic Algorithm"],"picked":"Coolheaded","floor":18.0},{"not_picked":["Storm","Beam Cell"],"picked":"Hologram","floor":21},{"not_picked":["Hologram","Go for the Eyes"],"picked":"Multi-Cast","floor":27},{"not_picked":["Ball Lightning","Aggregate"],"picked":"Force Field","floor":28},{"not_picked":["Tempest+1","Streamline"],"picked":"Darkness","floor":30},{"not_picked":["Reboot","Thunder Strike"],"picked":"Creative AI","floor":33},{"not_picked":["Barrage","Hello World"],"picked":"Streamline+1","floor":35},{"not_picked":["Barrage+1","Tempest"],"picked":"Hologram","floor":38},{"not_picked":["Steam Power","Redo"],"picked":"Coolheaded","floor":41},{"not_picked":["Turbo","Go for the Eyes"],"picked":"Compile Driver","floor":44}],"player_experience":4085476,"relics_obtained":[{"floor":4.0,"key":"Tiny Chest"},{"floor":6.0,"key":"Ancient Tea Set"},{"floor":9.0,"key":"Whetstone"},{"floor":14.0,"key":"Oddly Smooth Stone"},{"floor":22,"key":"Eternal Feather"},{"floor":26,"key":"Shuriken"},{"floor":34,"key":"Akabeko"},{"floor":34,"key":"Mummified Hand"},{"floor":34,"key":"Girya"},{"floor":38,"key":"Turnip"},{"floor":43,"key":"Bottled Lightning"}],"event_choices":[{"damage_healed":0.0,"max_hp_gain":0.0,"max_hp_loss":0.0,"gold_gain":150.0,"event_name":"Liars Game","player_choice":"AGREE","floor":2.0,"gold_loss":0.0,"damage_taken":0.0,"cards_obtained":["Doubt"]},{"damage_healed":0.0,"max_hp_gain":0.0,"max_hp_loss":0.0,"gold_gain":0.0,"cards_transformed":["Strike_B"],"event_name":"Transmorgrifier","player_choice":"Transformed","floor":11.0,"gold_loss":0.0,"damage_taken":0.0,"cards_obtained":["Stack"]},{"damage_healed":0,"gold_gain":0,"player_choice":"Read","damage_taken":0,"max_hp_gain":0,"max_hp_loss":0,"event_name":"The Library","floor":19,"gold_loss":0,"cards_obtained":["Defragment"]},{"damage_healed":0,"gold_gain":0,"player_choice":"Ignored","damage_taken":0,"max_hp_gain":0,"max_hp_loss":0,"event_name":"Ghosts","floor":24,"gold_loss":0},{"damage_healed":0,"gold_gain":0,"player_choice":"Shed Blood","damage_taken":22,"max_hp_gain":5,"max_hp_loss":0,"event_name":"Forgotten Altar","floor":29,"gold_loss":0},{"damage_healed":14,"gold_gain":0,"player_choice":"Writhe","damage_taken":0,"max_hp_gain":0,"max_hp_loss":0,"event_name":"Winding Halls","floor":36,"gold_loss":0,"cards_obtained":["Writhe"]},{"damage_healed":0,"gold_gain":0,"player_choice":"Fight","damage_taken":0,"max_hp_gain":0,"max_hp_loss":0,"event_name":"Mysterious Sphere","floor":38,"gold_loss":0}],"is_beta":false,"boss_relics":[{"not_picked":["Empty Cage","Runic Dome"],"picked":"Ectoplasm"},{"not_picked":["Fusion Hammer","Astrolabe"],"picked":"Calling Bell"}],"items_purged_floors":[5,39],"is_endless":false,"potions_floor_spawned":[10,12,16,28,30,33,35],"killed_by":"Nemesis","ascension_level":20}}