{"host":"edndssuekvzbh3is","time":1611637247,"event":{"mods":["BaseMod","Colored Map","Colored Powertips","Minty Spire (QoL Compilation)","SuperFastMode"],"gold_per_floor":[117,131,143,32,50,81,61,80,80,109,127,162,176,203,203,300,300,317,329,343,363,58,93,93,121,173,23,51,66,93,107,107,205,205,223,242,257,270,270,270,295,595,647,35,47,57,69,69,69,69,69],"floor_reached":50,"language":"ENG","playtime":2328,"items_purged":["Strike_R"],"score":967,"play_id":"86a98d99-04d1-478c-ac22-c5c9d162438b","local_time":"20210126000047","is_ascension_mode":true,"campfire_choices":[{"data":"Shockwave","floor":15,"key":"SMITH"},{"data":"Armaments","floor":24,"key":"SMITH"},{"floor":32,"key":"REST"},{"data":"Dual Wield","floor":40,"key":"SMITH"},{"floor":49,"key":"REST"}],"circlet_count":0,"master_deck":["Defend_R","Defend_R","Defend_R","Defend_R","Bash","Headbutt","Carnage","Thunderclap","Shockwave+1","Pommel Strike+1","Fiend Fire+1","Shrug It Off","Carnage","Warcry","Offering","Dual Wield+1","Armaments+1","Shrug It Off","Offering","Impervious","Bloodletting+1","Spot Weakness","Dropkick+1","Shockwave+1","Anger","Feed","Wild Strike+1","Dark Embrace+1","Disarm+1","Shrug It Off+1","Burning Pact+1","Body Slam+1","Flame Barrier+1","Juggernaut","Inflame","Bludgeon+1","Feel No Pain","Flame Barrier+1","Burning Pact"],"relics":["Burning Blood","NeowsBlessing","Sundial","Whetstone","Boot","Gremlin Horn","Pear","Snecko Eye","DollysMirror","Toy Ornithopter","Meat on the Bone","Brimstone","Juzu Bracelet","FossilizedHelix","Astrolabe","Molten Egg 2","Strawberry","Frozen Eye","Question Card"],"acts_visited":["Exordium","TheCity","TheBeyond"],"potions_floor_usage":[10,12,14,16,16,19,23,25,28,33,33,37,50],"damage_taken":[{"damage":0,"enemies":"Jaw Worm","floor":1,"turns":1},{"damage":0,"enemies":"Cultist","floor":2,"turns":1},{"damage":0,"enemies":"Small Slimes","floor":3,"turns":1},{"damage":10,"enemies":"2 Fungi Beasts","floor":5,"turns":3},{"damage":24,"enemies":"3 Sentries","floor":6,"turns":5},{"damage":6,"enemies":"Looter","floor":8,"turns":2},{"damage":8,"enemies":"Gremlin Nob","floor":10,"turns":3},{"damage":1,"enemies":"Exordium Wildlife","floor":11,"turns":3},{"damage":25,"enemies":"Lagavulin","floor":12,"turns":4},{"damage":8,"enemies":"Large Slime","floor":13,"turns":3},{"damage":16,"enemies":"Gremlin Nob","floor":14,"turns":3},{"damage":2,"enemies":"Slime Boss","floor":16,"turns":8},{"damage":8,"enemies":"Chosen","floor":18,"turns":3},{"damage":0,"enemies":"Spheric Guardian","floor":19,"turns":3},{"damage":0,"enemies":"Snake Plant","floor":20,"turns":2},{"damage":15,"enemies":"Centurion and Healer","floor":21,"turns":3},{"damage":14,"enemies":"Book of Stabbing","floor":23,"turns":2},{"damage":9,"enemies":"Gremlin Leader","floor":25,"turns":5},{"damage":37,"enemies":"Slavers","floor":28,"turns":4},{"damage":20,"enemies":"Chosen and Byrds","floor":29,"turns":3},{"damage":39,"enemies":"Book of Stabbing","floor":30,"turns":4},{"damage":5,"enemies":"Sentry and Sphere","floor":31,"turns":3},{"damage":24,"enemies":"Automaton","floor":33,"turns":3},{"damage":12,"enemies":"Orb Walker","floor":35,"turns":4},{"damage":6,"enemies":"3 Shapes","floor":36,"turns":2},{"damage":12,"enemies":"Spire Growth","floor":37,"turns":2},{"damage":28,"enemies":"Maw","floor":38,"turns":5},{"damage":13,"enemies":"Nemesis","floor":41,"turns":5},{"damage":39,"enemies":"4 Shapes","floor":45,"turns":4},{"damage":0,"enemies":"Spire Growth","floor":46,"turns":2},{"damage":76,"enemies":"Transient","floor":47,"turns":5},{"damage":89,"enemies":"Awakened One","floor":50,"turns":7}],"seed_played":"-6790974084720758347","potions_obtained":[{"floor":1,"key":"LiquidMemories"},{"floor":2,"key":"LiquidMemories"},{"floor":7,"key":"Energy Potion"},{"floor":10,"key":"Block Potion"},{"floor":13,"key":"SkillPotion"},{"floor":14,"key":"HeartOfIron"},{"floor":16,"key":"Block Potion"},{"floor":20,"key":"HeartOfIron"},{"floor":21,"key":"Ancient Potion"},{"floor":28,"key":"SteroidPotion"},{"floor":31,"key":"FearPotion"},{"floor":33,"key":"CultistPotion"},{"floor":35,"key":"FairyPotion"},{"floor":36,"key":"Energy Potion"},{"floor":45,"key":"Ancient Potion"}],"is_trial":false,"path_per_floor":["M","M","M","$","M","E","?","M","T","E","M","E","M","E","R","B",null,"M","M","M","M","$","E","R","E","T","$","E","M","E","M","R","B",null,"M","M","M","M","?","R","E","?","T","$","M","M","M","?","R","B"],"character_chosen":"IRONCLAD","items_purchased":["Shockwave","DollysMirror","Impervious","Brimstone","Frozen Eye","Question Card","Inflame","Bludgeon+1"],"campfire_rested":2,"item_purchase_floors":[4,22,22,27,44,44,44,44],"current_hp_per_floor":[78,80,80,80,76,58,58,58,58,56,61,42,40,40,40,44,79,77,83,89,80,80,72,72,74,74,74,60,58,37,50,77,69,85,79,82,81,59,59,59,52,52,59,59,38,56,46,46,74,0,0],"gold":69,"neow_bonus":"THREE_ENEMY_KILL","is_daily":false,"chose_seed":false,"campfire_upgraded":3,"win_rate":0.0,"timestamp":1611637247,"path_taken":["M","M","M","$","M","E","?","M","T","E","?","E","M","E","R","BOSS","M","M","M","M","$","E","R","E","T","$","E","M","E","M","R","BOSS","M","M","M","M","?","R","E","?","T","$","M","M","M","?","R","BOSS"],"items_purchased_type":["Card","Relic","Card","Relic","Relic","Relic","Card","Card"],"build_version":"2020-12-22","purchased_purges":1,"victory":false,"max_hp_per_floor":[80,80,80,80,80,80,80,80,80,80,80,80,80,90,90,90,90,90,90,90,90,90,90,90,90,90,90,90,90,90,90,90,90,90,90,93,93,93,88,88,88,88,95,95,95,95,95,95,95,95,95],"card_choices":[{"not_picked":["Flex","Clash"],"picked":"Headbutt","floor":1},{"not_picked":["Perfected Strike","Twin Strike"],"picked":"Carnage","floor":2},{"not_picked":["Dual Wield","Perfected Strike"],"picked":"Thunderclap","floor":3},{"not_picked":["Second Wind","Twin Strike"],"picked":"Pommel Strike","floor":5},{"not_picked":["Sword Boomerang","Blood for Blood"],"picked":"Fiend Fire","floor":6},{"not_picked":["Armaments","Cleave"],"picked":"Shrug It Off","floor":8},{"not_picked":["Body Slam","Wild Strike","Heavy Blade"],"picked":"SKIP","floor":10},{"not_picked":["Heavy Blade","Combust"],"picked":"Carnage","floor":11},{"not_picked":["Heavy Blade","Fire Breathing"],"picked":"Warcry","floor":12},{"not_picked":["Havoc","Warcry","Perfected Strike"],"picked":"SKIP","floor":13},{"not_picked":["Sever Soul","Warcry","Pommel Strike"],"picked":"SKIP","floor":14},{"not_picked":["Demon Form","Feed"],"picked":"Offering","floor":16},{"not_picked":["Anger","Pummel"],"picked":"Dual Wield","floor":18},{"not_picked":["Twin Strike","Cleave"],"picked":"Armaments","floor":19},{"not_picked":["Twin Strike+1","Cleave"],"picked":"Shrug It Off","floor":20},{"not_picked":["Rampage","Havoc","Clash+1"],"picked":"SKIP","floor":21},{"not_picked":["Disarm+1","Flex+1"],"picked":"Bloodletting+1","floor":23},{"not_picked":["Body Slam+1","Evolve"],"picked":"Spot Weakness","floor":25},{"not_picked":["Uppercut","Anger"],"picked":"Dropkick+1","floor":28},{"not_picked":["Inflame","Body Slam+1"],"picked":"Shockwave+1","floor":29},{"not_picked":["Clash+1","Combust+1"],"picked":"Anger","floor":30},{"not_picked":["Heavy Blade","Battle Trance","Dropkick"],"picked":"SKIP","floor":31},{"not_picked":["Berserk","Impervious"],"picked":"Feed","floor":33},{"not_picked":["Perfected Strike","Pommel Strike"],"picked":"Shrug It Off+1","floor":35},{"not_picked":["Fire Breathing","Blood for Blood+1"],"picked":"Burning Pact+1","floor":36},{"not_picked":["Disarm","Cleave+1"],"picked":"Body Slam+1","floor":37},{"not_picked":["Heavy Blade+1","Havoc"],"picked":"Flame Barrier+1","floor":38},{"not_picked":["Whirlwind+1","Iron Wave+1"],"picked":"Juggernaut","floor":41},{"not_picked":["Blood for Blood+1","Body Slam+1","Havoc+1"],"picked":"Feel No Pain","floor":45},{"not_picked":["Combust+1","Headbutt+1","Pommel Strike+1"],"picked":"Flame Barrier+1","floor":46},{"not_picked":["Fire Breathing+1","Bludgeon+1","Clothesline+1","Sword Boomerang+1"],"picked":"SKIP","floor":47}],"player_experience":334215,"relics_obtained":[{"floor":6,"key":"Sundial"},{"floor":9,"key":"Whetstone"},{"floor":10,"key":"Boot"},{"floor":12,"key":"Gremlin Horn"},{"floor":14,"key":"Pear"},{"floor":23,"key":"Toy Ornithopter"},{"floor":25,"key":"Meat on the Bone"},{"floor":28,"key":"Juzu Bracelet"},{"floor":30,"key":"FossilizedHelix"},{"floor":41,"key":"Molten Egg 2"},{"floor":43,"key":"Strawberry"}],"event_choices":[{"damage_healed":0,"gold_gain":0,"player_choice":"Bought 1 Potion","damage_taken":0,"max_hp_gain":0,"max_hp_loss":0,"event_name":"The Woman in Blue","floor":7,"gold_loss":0},{"damage_healed":0,"gold_gain":0,"player_choice":"Max HP","damage_taken":0,"max_hp_gain":0,"max_hp_loss":5,"event_name":"Winding Halls","floor":39,"gold_loss":0},{"damage_healed":0,"gold_gain":300,"player_choice":"Gold","damage_taken":0,"max_hp_gain":0,"max_hp_loss":0,"event_name":"Wheel of Change","floor":42,"gold_loss":0},{"damage_healed":0,"gold_gain":0,"cards_transformed":["Strike_R"],"player_choice":"Transformed","damage_taken":0,"max_hp_gain":0,"max_hp_loss":0,"event_name":"Transmorgrifier","floor":48,"gold_loss":0,"cards_obtained":["Burning Pact"]}],"is_beta":false,"boss_relics":[{"not_picked":["Ectoplasm","Empty Cage"],"picked":"Snecko Eye"},{"not_picked":["Cursed Key","Pandora\u0027s Box"],"picked":"Astrolabe"}],"items_purged_floors":[4],"is_endless":false,"potions_floor_spawned":[1,2,10,13,14,16,20,21,28,31,33,35,36,45],"killed_by":"Awakened One","ascension_level":9}}