{"host":"p090fjik2phvjstn","time":1611704783,"event":{"mods":["AchievementEnabler","BaseMod","Block Reminder","Colored Powertips","Minty Spire (QoL Compilation)","Quick Restart","Synergy Search"],"gold_per_floor":[113,125,137,60,73,73,98,98,98,156,156,156,65,89,89,209,209,234,234,250,250,103,103,103],"floor_reached":23,"language":"ENG","playtime":1059,"items_purged":["Strike_G"],"score":299,"play_id":"67d10d99-95c1-4dc1-88be-5a2c6e59c884","local_time":"20210126234623","is_ascension_mode":true,"campfire_choices":[{"data":"Skewer","floor":6.0,"key":"SMITH"},{"data":"Tools of the Trade","floor":8.0,"key":"SMITH"},{"floor":12.0,"key":"REST"},{"data":"Footwork","floor":15.0,"key":"SMITH"}],"circlet_count":0,"master_deck":["Strike_G","Strike_G","Strike_G","Strike_G","Defend_G","Defend_G","Defend_G","Defend_G","Defend_G","Survivor","Neutralize","Underhanded Strike","Skewer+1","Choke","Noxious Fumes","Dash","Tools of the Trade+1","PiercingWail","Footwork+1","Blade Dance","A Thousand Cuts","CurseOfTheBell","Backflip","Well Laid Plans+1"],"relics":["Ring of the Snake","Shuriken","Meat on the Bone","InkBottle","Golden Idol","Calling Bell","Omamori","Pear","Du-Vu Doll","Frozen Egg 2"],"acts_visited":["Exordium","TheCity"],"potions_floor_usage":[],"damage_taken":[{"damage":4.0,"enemies":"Jaw Worm","floor":1.0,"turns":8.0},{"damage":2.0,"enemies":"2 Louse","floor":2.0,"turns":5.0},{"damage":2.0,"enemies":"Small Slimes","floor":3.0,"turns":4.0},{"damage":1.0,"enemies":"Looter","floor":5.0,"turns":3.0},{"damage":16.0,"enemies":"Gremlin Nob","floor":7.0,"turns":4.0},{"damage":4.0,"enemies":"3 Sentries","floor":10.0,"turns":8.0},{"damage":0.0,"enemies":"Large Slime","floor":14.0,"turns":5.0},{"damage":8.0,"enemies":"Hexaghost","floor":16.0,"turns":10.0},{"damage":25.0,"enemies":"2 Thieves","floor":18.0,"turns":5.0},{"damage":8.0,"enemies":"Chosen","floor":20.0,"turns":4.0},{"damage":0.0,"enemies":"Masked Bandits","floor":21.0,"turns":3.0},{"damage":52,"enemies":"Gremlin Leader","floor":23,"turns":6}],"seed_played":"-1014633799548589264","potions_obtained":[{"floor":5.0,"key":"Regen Potion"},{"floor":10.0,"key":"Ancient Potion"},{"floor":14.0,"key":"DistilledChaos"},{"floor":16.0,"key":"SmokeBomb"},{"floor":20.0,"key":"Block Potion"}],"is_trial":false,"path_per_floor":["M","M","M","$","M","R","E","R","T","?","?","R","$","M","R","B",null,"M","?","M","?","$","E"],"character_chosen":"THE_SILENT","items_purchased":["Noxious Fumes","Footwork","Blade Dance","Well Laid Plans+1"],"campfire_rested":1,"item_purchase_floors":[4,13,13,22],"current_hp_per_floor":[66,64,62,62,61,61,57,57,57,53,34,57,57,57,57,49,80,55,55,47,47,47,0,0],"gold":103,"neow_bonus":"TEN_PERCENT_HP_BONUS","is_daily":false,"chose_seed":false,"campfire_upgraded":3,"win_rate":0.0,"timestamp":1611704783,"path_taken":["M","M","M","$","M","R","E","R","T","?","?","R","$","M","R","BOSS","M","?","M","?","$","E"],"items_purchased_type":["Card","Card","Card","Card"],"build_version":"2020-12-22","purchased_purges":1,"victory":false,"max_hp_per_floor":[77,77,77,77,77,77,77,77,77,77,77,77,77,77,77,77,87,87,87,87,87,87,87,87],"card_choices":[{"not_picked":["Acrobatics","Prepared"],"picked":"Underhanded Strike","floor":1.0},{"not_picked":["Dodge and Roll","Backflip"],"picked":"Skewer","floor":2.0},{"not_picked":["Slice","Dagger Throw"],"picked":"Choke","floor":3.0},{"not_picked":["Tactician","Prepared"],"picked":"Dash","floor":5.0},{"not_picked":["Underhanded Strike","Poisoned Stab"],"picked":"Tools of the Trade","floor":7.0},{"not_picked":["Dagger Spray","Quick Slash"],"picked":"PiercingWail","floor":10.0},{"not_picked":["Dagger Spray","PiercingWail","Dodge and Roll"],"picked":"SKIP","floor":14.0},{"not_picked":["Corpse Explosion","Adrenaline"],"picked":"A Thousand Cuts","floor":16.0},{"not_picked":["Masterful Stab+1","Outmaneuver+1","Dodge and Roll"],"picked":"SKIP","floor":18.0},{"not_picked":["Poisoned Stab","Sucker Punch+1"],"picked":"Backflip","floor":20.0}],"player_experience":534710,"relics_obtained":[{"floor":7.0,"key":"Shuriken"},{"floor":9.0,"key":"Meat on the Bone"},{"floor":17.0,"key":"Omamori"},{"floor":17.0,"key":"Pear"},{"floor":17.0,"key":"Du-Vu Doll"}],"event_choices":[{"damage_healed":0.0,"max_hp_gain":0.0,"max_hp_loss":0.0,"gold_gain":0.0,"event_name":"Dead Adventurer","player_choice":"Searched \u00273\u0027 times","floor":10.0,"gold_loss":0.0,"damage_taken":0.0,"relics_obtained":["InkBottle"]},{"damage_healed":0.0,"max_hp_gain":0.0,"max_hp_loss":0.0,"gold_gain":0.0,"event_name":"Golden Idol","player_choice":"Take Damage","floor":11.0,"gold_loss":0.0,"damage_taken":19.0,"relics_obtained":["Golden Idol"]},{"damage_healed":0.0,"max_hp_gain":0.0,"max_hp_loss":0.0,"gold_gain":0.0,"event_name":"The Mausoleum","player_choice":"Opened","floor":19.0,"gold_loss":0.0,"damage_taken":0.0,"relics_obtained":["Frozen Egg 2"],"cards_obtained":["Writhe"]},{"damage_healed":0.0,"max_hp_gain":0.0,"max_hp_loss":0.0,"gold_gain":0.0,"event_name":"Masked Bandits","player_choice":"Fought Bandits","floor":21.0,"gold_loss":0.0,"damage_taken":0.0}],"is_beta":false,"boss_relics":[{"not_picked":["SacredBark","Pandora\u0027s Box"],"picked":"Calling Bell"}],"items_purged_floors":[22],"is_endless":false,"potions_floor_spawned":[5,10,14,16,20],"killed_by":"Gremlin Leader","ascension_level":9}}