{"host":"9n6i2vl93jt4o42q","time":1611685463,"event":{"mods":["BaseMod","Minty Spire (QoL Compilation)","Relic Stats"],"gold_per_floor":[112,130,405,421,14,46,46,8,81,95,95,95,95,109,109,207,207,225,225,225,244,35,35,68,92,92,92,110,110,110,128,128,218,218,239,258,279,279,303,303,303],"floor_reached":40,"language":"ENG","playtime":2514,"items_purged":["Regret"],"score":916,"play_id":"538ce821-8626-4ad9-b8d5-44dbfb93204c","local_time":"20210126192423","is_ascension_mode":true,"campfire_choices":[{"data":"Noxious Fumes","floor":7,"key":"SMITH"},{"floor":12,"key":"REST"},{"data":"Poisoned Stab","floor":15,"key":"SMITH"},{"data":"Apotheosis","floor":23,"key":"SMITH"},{"floor":27,"key":"REST"},{"floor":29,"key":"RECALL"},{"data":"Calculated Gamble","floor":32,"key":"SMITH"}],"circlet_count":0,"master_deck":["AscendersBane","Defend_G","Defend_G","Defend_G","Defend_G","Defend_G","Survivor","Neutralize+1","Blur","PiercingWail","Calculated Gamble+1","Leg Sweep","Burst","Flying Knee","Noxious Fumes+1","Glass Knife","Cloak And Dagger","Poisoned Stab+1","Corpse Explosion","Skewer","Quick Slash","Leg Sweep","Apotheosis+1","Backflip","Bouncing Flask","Night Terror"],"relics":["Ring of the Snake","Ancient Tea Set","Sundial","Omamori","Golden Idol","Busted Crown","Meat on the Bone","Pocketwatch","Bottled Tornado","Empty Cage"],"acts_visited":["Exordium","TheCity","TheBeyond"],"potions_floor_usage":[6,16,28,40,40],"damage_taken":[{"damage":4,"enemies":"Cultist","floor":1,"turns":5},{"damage":1,"enemies":"2 Louse","floor":2,"turns":4},{"damage":8,"enemies":"Small Slimes","floor":4,"turns":6},{"damage":13,"enemies":"3 Sentries","floor":6,"turns":10},{"damage":3,"enemies":"Blue Slaver","floor":10,"turns":4},{"damage":0,"enemies":"2 Fungi Beasts","floor":14,"turns":5},{"damage":24,"enemies":"Hexaghost","floor":16,"turns":12},{"damage":13,"enemies":"2 Thieves","floor":18,"turns":3},{"damage":16,"enemies":"3 Byrds","floor":21,"turns":5},{"damage":0,"enemies":"Gremlin Leader","floor":24,"turns":6},{"damage":0,"enemies":"Centurion and Healer","floor":25,"turns":6},{"damage":0,"enemies":"Snecko","floor":28,"turns":5},{"damage":1,"enemies":"Snake Plant","floor":31,"turns":5},{"damage":8,"enemies":"Automaton","floor":33,"turns":10},{"damage":11,"enemies":"Orb Walker","floor":35,"turns":4},{"damage":4,"enemies":"3 Shapes","floor":36,"turns":5},{"damage":42,"enemies":"Transient","floor":37,"turns":6},{"damage":17,"enemies":"Spire Growth","floor":39,"turns":6},{"damage":45,"enemies":"Reptomancer","floor":40,"turns":2}],"seed_played":"2305072294273975582","potions_obtained":[{"floor":4,"key":"Block Potion"},{"floor":10,"key":"Ancient Potion"},{"floor":14,"key":"DistilledChaos"},{"floor":18,"key":"Strength Potion"},{"floor":28,"key":"SkillPotion"},{"floor":31,"key":"PowerPotion"}],"is_trial":false,"path_per_floor":["M","M","?","M","$","E","R","?","T","M","?","R","?","M","R","B",null,"M","?","?","M","$","R","E","M","T","R","M","R","?","M","R","B",null,"M","M","M","?","M","E"],"character_chosen":"THE_SILENT","items_purchased":["Leg Sweep","Burst","Flying Knee","Noxious Fumes","Apotheosis"],"campfire_rested":2,"item_purchase_floors":[5,5,5,5,22],"current_hp_per_floor":[55,54,54,46,46,33,33,33,33,30,12,31,31,31,31,7,51,38,38,38,34,34,34,34,34,34,53,53,53,53,52,52,44,61,50,46,16,54,37,0,0],"gold":303,"neow_bonus":"UPGRADE_CARD","is_daily":false,"chose_seed":false,"campfire_upgraded":4,"win_rate":0.0,"timestamp":1611685463,"path_taken":["M","?","?","?","$","E","R","?","T","M","?","R","?","M","R","BOSS","M","?","?","M","$","R","E","M","T","R","M","R","?","?","R","BOSS","M","M","M","?","M","E"],"items_purchased_type":["Card","Card","Card","Card","Card"],"build_version":"2020-12-22","purchased_purges":1,"victory":false,"max_hp_per_floor":[66,66,66,66,66,66,66,66,66,66,66,66,66,66,66,66,66,66,66,66,66,66,66,66,66,66,66,66,66,66,66,66,66,66,66,66,66,54,54,54,54],"relic_stats":{"Busted Crown":22,"counters":[19,109],"Sundial":[10],"Golden Idol":86,"obtain_stats":[{"Busted Crown":17,"Sundial":9,"Golden Idol":13,"Omamori":11,"Bottled Tornado":26,"Ancient Tea Set":6,"Empty Cage":34,"Ring of the Snake":0,"Meat on the Bone":19,"Pocketwatch":24},{"Busted Crown":7,"Sundial":4,"Golden Idol":5,"Omamori":5,"Bottled Tornado":11,"Ancient Tea Set":4,"Empty Cage":14,"Ring of the Snake":0,"Meat on the Bone":8,"Pocketwatch":10},{"Busted Crown":46,"Sundial":25,"Golden Idol":29,"Omamori":29,"Bottled Tornado":66,"Ancient Tea Set":25,"Empty Cage":86,"Ring of the Snake":0,"Meat on the Bone":49,"Pocketwatch":60}],"Ring of the Snake":[38],"Meat on the Bone":24,"Pocketwatch":[54]},"card_choices":[{"not_picked":["PiercingWail","Bane"],"picked":"Blur","floor":1},{"not_picked":["Underhanded Strike","Well Laid Plans"],"picked":"PiercingWail","floor":2},{"not_picked":["Reflex","Expertise"],"picked":"Calculated Gamble","floor":4},{"not_picked":["Deflect","Choke"],"picked":"Glass Knife","floor":6},{"not_picked":["Dodge and Roll","Infinite Blades"],"picked":"Cloak And Dagger","floor":10},{"not_picked":["Catalyst","Slice"],"picked":"Poisoned Stab","floor":14},{"not_picked":["Bullet Time","Phantasmal Killer"],"picked":"Corpse Explosion","floor":16},{"not_picked":["Infinite Blades"],"picked":"SKIP","floor":18},{"not_picked":[],"picked":"Leg Sweep","floor":21},{"not_picked":["Prepared"],"picked":"SKIP","floor":24},{"not_picked":["Flying Knee"],"picked":"SKIP","floor":25},{"not_picked":["Dodge and Roll"],"picked":"SKIP","floor":28},{"not_picked":[],"picked":"Bouncing Flask","floor":31},{"not_picked":[],"picked":"Night Terror","floor":33},{"not_picked":["Poisoned Stab"],"picked":"SKIP","floor":35},{"not_picked":["Terror"],"picked":"SKIP","floor":36},{"not_picked":["Dagger Spray"],"picked":"SKIP","floor":37},{"not_picked":["Cloak And Dagger"],"picked":"SKIP","floor":39}],"player_experience":2303717,"relics_obtained":[{"floor":6,"key":"Ancient Tea Set"},{"floor":9,"key":"Sundial"},{"floor":24,"key":"Pocketwatch"},{"floor":26,"key":"Bottled Tornado"}],"event_choices":[{"damage_healed":0,"gold_gain":275,"player_choice":"Desecrate","damage_taken":0,"max_hp_gain":0,"max_hp_loss":0,"event_name":"Golden Shrine","floor":3,"gold_loss":0,"cards_obtained":["Regret"]},{"damage_healed":0,"gold_gain":0,"player_choice":"Left Gold","damage_taken":0,"max_hp_gain":0,"max_hp_loss":0,"event_name":"World of Goop","floor":8,"gold_loss":38},{"damage_healed":0,"gold_gain":0,"player_choice":"Success","damage_taken":18,"relics_obtained":["Omamori"],"max_hp_gain":0,"max_hp_loss":0,"event_name":"Scrap Ooze","floor":11,"gold_loss":0},{"damage_healed":0,"gold_gain":0,"player_choice":"Take Wound","damage_taken":0,"relics_obtained":["Golden Idol"],"max_hp_gain":0,"max_hp_loss":0,"event_name":"Golden Idol","floor":13,"gold_loss":0,"cards_obtained":["Injury"]},{"damage_healed":0,"gold_gain":0,"player_choice":"Opened","damage_taken":0,"relics_obtained":["Meat on the Bone"],"max_hp_gain":0,"max_hp_loss":0,"event_name":"The Mausoleum","floor":19,"gold_loss":0,"cards_obtained":["Writhe"]},{"damage_healed":0,"gold_gain":0,"cards_transformed":["Strike_G","Strike_G"],"player_choice":"Became Test Subject","damage_taken":0,"max_hp_gain":0,"max_hp_loss":0,"event_name":"Drug Dealer","floor":20,"gold_loss":0,"cards_obtained":["Skewer","Quick Slash"]},{"damage_healed":0,"gold_gain":0,"cards_transformed":["Strike_G"],"player_choice":"Transformed","damage_taken":0,"max_hp_gain":0,"max_hp_loss":0,"event_name":"Transmorgrifier","floor":30,"gold_loss":0,"cards_obtained":["Backflip"]},{"damage_healed":54,"gold_gain":0,"player_choice":"Heal","damage_taken":0,"max_hp_gain":0,"max_hp_loss":12,"event_name":"The Moai Head","floor":38,"gold_loss":0}],"is_beta":false,"boss_relics":[{"not_picked":["Tiny House","Pandora\u0027s Box"],"picked":"Busted Crown"},{"not_picked":["Runic Dome","Velvet Choker"],"picked":"Empty Cage"}],"items_purged_floors":[5],"is_endless":false,"potions_floor_spawned":[4,10,14,18,28,31,37,39],"killed_by":"Reptomancer","ascension_level":20}}