{"host":"vrsxkkch9ccrec7k","time":1611651380,"event":{"mods":["Act Like it!","BaseMod","Bestiary","Better Altar","Better Match","Better Note","Better Sensory Stone","Better Skull","Better Third Choice","Better Vampires","Downfall","Minty Spire (QoL Compilation)","Permanent Neow","Relic Stats","Spicy Shops","StSLib"],"gold_per_floor":[0,15,29,29,29,29,29,29,54,73,87,119,119,152,169,169,169,169],"floor_reached":16,"language":"ENG","playtime":1101,"items_purged":[],"score":213,"play_id":"8323526d-db27-4742-bdf7-7491ab681fe5","local_time":"20210126035620","is_ascension_mode":true,"campfire_choices":[{"data":"sneckomod:MasterEye","floor":1,"key":"SMITH"},{"data":"sneckomod:TrashToTreasure","floor":6,"key":"SMITH"},{"data":"sneckomod:QuickMove","floor":13,"key":"SMITH"}],"circlet_count":0,"master_deck":["sneckomod:Defend","sneckomod:Defend","sneckomod:Defend","sneckomod:TailWhip","sneckomod:SnekBite","sneckomod:Unknown","sneckomod:Unknown","sneckomod:WideSting","sneckomod:MasterEye+1","sneckomod:QuickMove+1","sneckomod:TrashToTreasure+1","Madness","sneckomod:UnknownExhaust","sneckomod:CheapStock","sneckomod:UnknownDraw","sneckomod:SoulDraw"],"relics":["sneckomod:SneckoSoul","Mercury Hourglass","Shuriken","Lantern","HornCleat"],"acts_visited":["Exordium"],"potions_floor_usage":[12,16,16,16],"damage_taken":[{"damage":7,"enemies":"Jaw Worm","floor":2,"turns":3},{"damage":4,"enemies":"Small Slimes","floor":3,"turns":3},{"damage":0,"enemies":"3 Sentries","floor":9,"turns":2},{"damage":0,"enemies":"Cultist","floor":10,"turns":3},{"damage":0,"enemies":"3 Louse","floor":11,"turns":2},{"damage":0,"enemies":"Lagavulin","floor":12,"turns":6},{"damage":34,"enemies":"Gremlin Nob","floor":14,"turns":5},{"damage":8,"enemies":"Blue Slaver","floor":15,"turns":2},{"damage":55,"enemies":"IC_STATUS_ARCHETYPE","floor":16,"turns":13}],"seed_played":"-6371467916571698947","potions_obtained":[{"floor":3,"key":"DistilledChaos"},{"floor":11,"key":"bronze:BurnAndBuffPotion"},{"floor":12,"key":"PowerPotion"},{"floor":14,"key":"Weak Potion"}],"is_trial":false,"path_per_floor":["R","M","M","?","?","R","T","?","E","M","M","E","R","E","M","B"],"character_chosen":"THE_SNECKO","items_purchased":[],"campfire_rested":0,"item_purchase_floors":[],"current_hp_per_floor":[90,83,79,79,84,84,84,84,84,84,84,84,84,50,42,0,0,0],"gold":169,"neow_bonus":"TRANSFORM_TWO_CARDS","is_daily":false,"chose_seed":false,"campfire_upgraded":3,"win_rate":0.0,"timestamp":1611651380,"path_taken":["R","M","M","?","?","R","T","?","E","?","M","E","R","E","M","BOSS"],"items_purchased_type":[],"build_version":"2020-12-22","purchased_purges":0,"victory":false,"max_hp_per_floor":[90,90,90,90,95,95,95,95,95,95,95,95,95,95,95,95,95,95],"relic_stats":{"counters":[9,38],"Shuriken":[5],"obtain_stats":[{"Lantern":12,"HornCleat":14,"Shuriken":9,"sneckomod:SneckoSoul":0,"Mercury Hourglass":7},{"Lantern":6,"HornCleat":7,"Shuriken":3,"sneckomod:SneckoSoul":0,"Mercury Hourglass":2},{"Lantern":19,"HornCleat":23,"Shuriken":8,"sneckomod:SneckoSoul":0,"Mercury Hourglass":6}],"Mercury Hourglass":[91]},"card_choices":[{"not_picked":["sneckomod:DiceCrush","sneckomod:WideSting"],"picked":"sneckomod:QuickMove","floor":2},{"not_picked":["sneckomod:DiceCrush","sneckomod:DiceBlock"],"picked":"sneckomod:TrashToTreasure","floor":3},{"not_picked":["Panacea","Panache"],"picked":"Madness","floor":4},{"not_picked":["sneckomod:UnknownBlock","sneckomod:TrashToTreasure"],"picked":"sneckomod:UnknownExhaust","floor":9},{"not_picked":["sneckomod:IronFang","sneckomod:QuickMove"],"picked":"sneckomod:CheapStock","floor":10},{"not_picked":["sneckomod:WideSting","sneckomod:Unknown1Cost","sneckomod:DiceBlock"],"picked":"SKIP","floor":11},{"not_picked":["sneckomod:DiceBoulder","sneckomod:Cheat"],"picked":"sneckomod:UnknownDraw","floor":12},{"not_picked":["sneckomod:SoulRoll","sneckomod:QuickBite"],"picked":"sneckomod:SoulDraw","floor":14},{"not_picked":["sneckomod:QuickMove","sneckomod:UnknownCommonSkill","sneckomod:DiceCrush"],"picked":"SKIP","floor":15}],"player_experience":1741533,"relics_obtained":[{"floor":7,"key":"Mercury Hourglass"},{"floor":9,"key":"Shuriken"},{"floor":12,"key":"Lantern"},{"floor":14,"key":"HornCleat"}],"event_choices":[{"damage_healed":0,"gold_gain":1,"player_choice":"1","damage_taken":0,"max_hp_gain":0,"max_hp_loss":0,"event_name":"betterStone:BetterStone","floor":4,"gold_loss":0},{"damage_healed":0,"gold_gain":0,"player_choice":"Donut","damage_taken":0,"max_hp_gain":5,"max_hp_loss":0,"event_name":"Big Fish","floor":5,"gold_loss":0}],"is_beta":false,"boss_relics":[],"items_purged_floors":[],"is_endless":false,"potions_floor_spawned":[3,11,12,14],"killed_by":"IC_STATUS_ARCHETYPE","ascension_level":5}}