{"host":"i0avyit1s6jb1siw","time":1611663662,"event":{"mods":["BaseMod","DeckTracker","Dota2Spire","Highlight Path","Minty Spire (QoL Compilation)","Quick Restart","StSLib","SuperFastMode"],"gold_per_floor":[109,124,49,65,37,37,66,86,86,116,116,132,132,161,178,178,178,178],"floor_reached":17,"language":"ENG","playtime":382,"items_purged":["Strike_R"],"score":254,"play_id":"0b0d518a-34cb-420b-afe5-24df59270e95","local_time":"20210126132102","is_ascension_mode":true,"campfire_choices":[{"data":"Pommel Strike","floor":6,"key":"SMITH"},{"floor":13,"key":"REST"},{"data":"Carnage","floor":16,"key":"SMITH"}],"circlet_count":0,"master_deck":["AscendersBane","Strike_R","Strike_R+1","Defend_R","Defend_R","Defend_R","Defend_R","Bash+1","Double Tap","Pommel Strike+1","Wild Strike","Power Through","Flame Barrier","Pommel Strike","Feel No Pain","Second Wind","Shockwave","Carnage+1","Feel No Pain","Whirlwind"],"relics":["Burning Blood","Art of War","Whetstone","Shuriken","Torii"],"acts_visited":["Exordium"],"potions_floor_usage":[17],"damage_taken":[{"damage":7,"enemies":"Small Slimes","floor":1,"turns":3},{"damage":4,"enemies":"Jaw Worm","floor":2,"turns":3},{"damage":1,"enemies":"Cultist","floor":4,"turns":3},{"damage":40,"enemies":"Lagavulin","floor":7,"turns":9},{"damage":8,"enemies":"Blue Slaver","floor":8,"turns":3},{"damage":10,"enemies":"3 Sentries","floor":10,"turns":15},{"damage":1,"enemies":"2 Fungi Beasts","floor":12,"turns":5},{"damage":25,"enemies":"Lagavulin","floor":14,"turns":6},{"damage":0,"enemies":"Large Slime","floor":15,"turns":4},{"damage":31,"enemies":"Slime Boss","floor":17,"turns":9}],"seed_played":"4341700680712022761","potions_obtained":[{"floor":2,"key":"HeartOfIron"},{"floor":4,"key":"SmokeBomb"},{"floor":14,"key":"Dexterity Potion"}],"is_trial":false,"path_per_floor":["M","M","$","M","$","R","E","M","T","E","?","M","R","E","M","R","B"],"character_chosen":"IRONCLAD","items_purchased":["Pommel Strike"],"campfire_rested":1,"item_purchase_floors":[5],"current_hp_per_floor":[49,51,51,56,56,56,22,20,20,16,16,21,43,24,30,30,0,0],"gold":178,"neow_bonus":"TRANSFORM_TWO_CARDS","is_daily":false,"chose_seed":false,"campfire_upgraded":2,"win_rate":0.0,"timestamp":1611663662,"path_taken":["M","M","$","M","$","R","E","M","T","E","?","M","R","E","M","R","BOSS"],"items_purchased_type":["Card"],"build_version":"2020-12-22","purchased_purges":1,"victory":false,"max_hp_per_floor":[75,75,75,75,75,75,75,75,75,75,75,75,75,75,75,75,75,75],"card_choices":[{"not_picked":["Clothesline","Headbutt"],"picked":"Wild Strike","floor":1},{"not_picked":["Wild Strike","Seeing Red"],"picked":"Power Through","floor":2},{"not_picked":["Pommel Strike","Headbutt"],"picked":"Flame Barrier","floor":4},{"not_picked":["Exhume","Thunderclap"],"picked":"Feel No Pain","floor":7},{"not_picked":["Power Through","Intimidate"],"picked":"Second Wind","floor":8},{"not_picked":["Searing Blow","Dropkick"],"picked":"Shockwave","floor":10},{"not_picked":["Clash","Pommel Strike"],"picked":"Carnage","floor":12},{"not_picked":["Twin Strike","Havoc"],"picked":"Feel No Pain","floor":14},{"not_picked":["Rampage","Bloodletting"],"picked":"Whirlwind","floor":15}],"player_experience":2345609,"relics_obtained":[{"floor":7,"key":"Art of War"},{"floor":9,"key":"Whetstone"},{"floor":10,"key":"Shuriken"},{"floor":14,"key":"Torii"}],"event_choices":[{"damage_healed":0,"gold_gain":0,"player_choice":"Ignored","damage_taken":0,"max_hp_gain":0,"max_hp_loss":0,"event_name":"Liars Game","floor":11,"gold_loss":0}],"is_beta":false,"boss_relics":[],"items_purged_floors":[3],"is_endless":false,"potions_floor_spawned":[2,4,7,14],"killed_by":"Slime Boss","ascension_level":20}}