{"host":"vyjryxuuuxkt43k4","time":1611660545,"event":{"mods":["AchievementEnabler","BaseMod","Colored Map","DeckTracker","Keyboard Shortcuts","Minty Spire (QoL Compilation)","Permanent Neow","Quick Restart","Rare Cards Sparkle","StSLib","SuperFastMode","everything is the same but u backflip on backflip"],"gold_per_floor":[117,97,111,125,135,135,176,101,101,139,139,139,172,208,208,289,352,390,305,316,316,77,77,77,77],"floor_reached":24,"language":"KOR","playtime":971,"items_purged":["Strike_R"],"score":408,"play_id":"529d8ff8-b9d7-47eb-9c55-5d1c5e37d44e","local_time":"20210126202905","is_ascension_mode":true,"campfire_choices":[{"data":"Bludgeon","floor":6.0,"key":"SMITH"},{"floor":11.0,"key":"REST"},{"data":"Havoc","floor":15,"key":"SMITH"},{"data":"Rupture","floor":23,"key":"SMITH"}],"circlet_count":0,"master_deck":["AscendersBane","Bash","Shrug It Off","Anger","Wild Strike","Cleave","Bludgeon+1","Havoc+1","Pommel Strike","Offering","Power Through","Headbutt","Rupture+1","Fiend Fire","Pummel","Fiend Fire","Berserk","Twin Strike","Power Through","Combust","Twin Strike","True Grit+1","Intimidate","Feel No Pain"],"relics":["Burning Blood","Prayer Wheel","CeramicFish","Happy Flower","Mercury Hourglass","Odd Mushroom","Pandora\u0027s Box","Akabeko","Pen Nib"],"acts_visited":["Exordium","TheCity"],"potions_floor_usage":[16,16,18,24],"damage_taken":[{"damage":9.0,"enemies":"Jaw Worm","floor":1.0,"turns":5.0},{"damage":0.0,"enemies":"Cultist","floor":3.0,"turns":4.0},{"damage":1.0,"enemies":"2 Louse","floor":4.0,"turns":3.0},{"damage":13.0,"enemies":"Looter","floor":5.0,"turns":4.0},{"damage":12.0,"enemies":"3 Sentries","floor":7.0,"turns":5.0},{"damage":35.0,"enemies":"Lagavulin","floor":10.0,"turns":5.0},{"damage":6.0,"enemies":"Large Slime","floor":13.0,"turns":2.0},{"damage":0,"enemies":"The Mushroom Lair","floor":14,"turns":3},{"damage":39,"enemies":"The Guardian","floor":16,"turns":10},{"damage":13,"enemies":"3 Byrds","floor":18,"turns":4},{"damage":5,"enemies":"Chosen","floor":20,"turns":4},{"damage":32,"enemies":"Slavers","floor":24,"turns":3}],"seed_played":"8520282811421151145","potions_obtained":[{"floor":2.0,"key":"LiquidMemories"},{"floor":3.0,"key":"Fire Potion"},{"floor":5.0,"key":"SteroidPotion"},{"floor":10.0,"key":"SteroidPotion"},{"floor":14,"key":"Block Potion"},{"floor":16,"key":"EssenceOfSteel"},{"floor":18,"key":"Explosive Potion"}],"is_trial":false,"path_per_floor":["M","?","M","M","M","R","E","$","T","E","R","?","M","?","R","B",null,"M","?","M","?","$","R","E"],"character_chosen":"IRONCLAD","items_purchased":["Pen Nib","Feel No Pain"],"campfire_rested":1,"item_purchase_floors":[22,22],"current_hp_per_floor":[47,47,53,58,51,51,45,45,45,16,38,38,38,44,44,11,59,52,52,53,32,32,32,0,0],"gold":77,"neow_bonus":"ONE_RARE_RELIC","is_daily":false,"chose_seed":false,"campfire_upgraded":3,"win_rate":0.0,"timestamp":1611660545,"path_taken":["M","?","M","M","?","R","E","$","T","E","R","?","M","?","R","BOSS","M","?","M","?","$","R","E"],"items_purchased_type":["Relic","Card"],"build_version":"2020-12-22","purchased_purges":1,"victory":false,"max_hp_per_floor":[75,75,75,75,75,75,75,75,75,75,75,75,75,75,75,75,75,75,75,75,80,80,80,80,80],"card_choices":[{"not_picked":["Thunderclap","Whirlwind"],"picked":"Shrug It Off","floor":1.0},{"not_picked":["Twin Strike","Headbutt"],"picked":"Anger","floor":1.0},{"not_picked":["Berserk","Twin Strike"],"picked":"Wild Strike","floor":3.0},{"not_picked":["Iron Wave","Sever Soul"],"picked":"Cleave","floor":3.0},{"not_picked":["Clash","Wild Strike","Warcry"],"picked":"SKIP","floor":4.0},{"not_picked":["Clothesline","Rupture","Evolve"],"picked":"SKIP","floor":4.0},{"not_picked":["Warcry","Pommel Strike"],"picked":"Bludgeon","floor":5.0},{"not_picked":["Blood for Blood","True Grit"],"picked":"Havoc","floor":5.0},{"not_picked":["Dropkick","Hemokinesis"],"picked":"Pommel Strike","floor":7.0},{"not_picked":["Pommel Strike","Whirlwind"],"picked":"Offering","floor":10.0},{"not_picked":["True Grit","Havoc"],"picked":"Power Through","floor":13.0},{"not_picked":["Armaments","Twin Strike"],"picked":"Headbutt","floor":13.0},{"not_picked":["Flex","Dual Wield"],"picked":"Rupture","floor":14},{"not_picked":["Bludgeon","Berserk"],"picked":"Fiend Fire","floor":16},{"not_picked":["Fire Breathing","Burning Pact"],"picked":"True Grit+1","floor":18},{"not_picked":["Power Through","Armaments"],"picked":"Intimidate","floor":18},{"not_picked":["Warcry","Carnage","Combust"],"picked":"SKIP","floor":20},{"not_picked":["Armaments","Reckless Charge","Flex"],"picked":"SKIP","floor":20}],"player_experience":376361,"relics_obtained":[{"floor":7.0,"key":"CeramicFish"},{"floor":9.0,"key":"Happy Flower"},{"floor":10.0,"key":"Mercury Hourglass"},{"floor":14,"key":"Odd Mushroom"}],"event_choices":[{"damage_healed":0.0,"max_hp_gain":0.0,"max_hp_loss":0.0,"gold_gain":0.0,"event_name":"The Woman in Blue","player_choice":"Bought 1 Potion","floor":2.0,"gold_loss":0.0,"damage_taken":0.0},{"cards_removed":["Strike_R"],"damage_healed":0.0,"max_hp_gain":0.0,"max_hp_loss":0.0,"gold_gain":0.0,"event_name":"Living Wall","player_choice":"Forget","floor":12.0,"gold_loss":0.0,"damage_taken":0.0},{"damage_healed":0,"gold_gain":0,"player_choice":"Fought Mushrooms","damage_taken":0,"max_hp_gain":0,"max_hp_loss":0,"event_name":"Mushrooms","floor":14,"gold_loss":0},{"damage_healed":0,"gold_gain":0,"player_choice":"Obtained Relic","damage_taken":0,"relics_obtained":["Akabeko"],"max_hp_gain":0,"max_hp_loss":0,"event_name":"Addict","floor":19,"gold_loss":85},{"damage_healed":0,"gold_gain":0,"player_choice":"Shed Blood","damage_taken":26,"max_hp_gain":5,"max_hp_loss":0,"event_name":"Forgotten Altar","floor":21,"gold_loss":0}],"is_beta":false,"boss_relics":[{"not_picked":["Ectoplasm","Fusion Hammer"],"picked":"Pandora\u0027s Box"}],"items_purged_floors":[8],"is_endless":false,"potions_floor_spawned":[3,4,5,10,14,16,18],"killed_by":"Slavers","ascension_level":20}}