{"host":"f6w7z8zvb0mi4wy9","time":1611688286,"event":{"mods":["BaseMod","Colored Map","Minty Spire (QoL Compilation)","READ ME - Guardian Mod","StSLib","SuperFastMode","The Jungle"],"gold_per_floor":[111,111,111,8,19,54,54,72,72,72,72],"floor_reached":10,"language":"KOR","playtime":188,"items_purged":[],"score":96,"play_id":"97f693b4-8439-4c5a-81a0-66613fd98d1f","local_time":"20210127041126","is_ascension_mode":true,"campfire_choices":[{"data":"Zap","floor":7.0,"key":"SMITH"}],"circlet_count":0,"master_deck":["Strike_B","Strike_B","Strike_B","Defend_B","Defend_B","Defend_B+1","Defend_B+1","Zap+1","Dualcast","Dramatic Entrance","FTL","Streamline","Gash","FTL","FTL","Coolheaded"],"relics":["Cracked Core","Mummified Hand"],"acts_visited":["Exordium"],"potions_floor_usage":[],"damage_taken":[{"damage":7.0,"enemies":"Jaw Worm","floor":1.0,"turns":3.0},{"damage":0.0,"enemies":"Small Slimes","floor":5.0,"turns":2.0},{"damage":16.0,"enemies":"3 Sentries","floor":6.0,"turns":7.0},{"damage":0.0,"enemies":"2 Louse","floor":8.0,"turns":1.0},{"damage":28,"enemies":"Gremlin Nob","floor":10,"turns":3}],"seed_played":"2764567297782719101","potions_obtained":[{"floor":8.0,"key":"SpeedPotion"}],"is_trial":false,"path_per_floor":["M","?","?","$","M","E","R","M","T","E"],"character_chosen":"DEFECT","items_purchased":["Streamline","Gash"],"campfire_rested":0,"item_purchase_floors":[4,4],"current_hp_per_floor":[61,46,39,39,39,23,23,23,23,0,0],"gold":72,"neow_bonus":"RANDOM_COLORLESS","is_daily":false,"chose_seed":false,"campfire_upgraded":1,"win_rate":0.0,"timestamp":1611688286,"path_taken":["M","?","?","$","M","E","R","M","T","E"],"items_purchased_type":["Card","Card"],"build_version":"2020-12-22","purchased_purges":0,"victory":false,"max_hp_per_floor":[75,75,75,75,75,75,75,75,75,75,75],"card_choices":[{"not_picked":["Purity","PanicButton"],"picked":"Dramatic Entrance","floor":0.0},{"not_picked":["Storm","Beam Cell"],"picked":"FTL","floor":1.0},{"not_picked":["Conserve Battery","Storm"],"picked":"FTL","floor":5.0},{"not_picked":["Reprogram","Streamline"],"picked":"FTL","floor":6.0},{"not_picked":["Streamline","Barrage"],"picked":"Coolheaded","floor":8.0}],"player_experience":902421,"relics_obtained":[{"floor":6.0,"key":"Mummified Hand"}],"event_choices":[{"damage_healed":0.0,"max_hp_gain":0.0,"max_hp_loss":0.0,"gold_gain":0.0,"event_name":"Shining Light","player_choice":"Entered Light","floor":2.0,"gold_loss":0.0,"damage_taken":15.0,"cards_upgraded":["Defend_B","Defend_B"]},{"cards_removed":["Strike_B"],"damage_healed":0.0,"max_hp_gain":0.0,"max_hp_loss":0.0,"gold_gain":0.0,"event_name":"Golden Wing","player_choice":"Card Removal","floor":3.0,"gold_loss":0.0,"damage_taken":7.0}],"is_beta":false,"boss_relics":[],"items_purged_floors":[],"is_endless":false,"potions_floor_spawned":[8],"killed_by":"Gremlin Nob","ascension_level":9}}