{"host":"twbuyd87gsx4w7po","time":1611644951,"event":{"mods":["BaseMod","Downfall","Minty Spire (QoL Compilation)","StSLib"],"gold_per_floor":[99,109,122,137,150,185,185,202,214,214,226,241,83,83,102,102,102,102],"floor_reached":16,"language":"ENG","playtime":1499,"items_purged":["downfall:Aged"],"score":124,"play_id":"a2883117-ba45-4b77-a901-62cac7aa52fe","local_time":"20210125230911","is_ascension_mode":true,"campfire_choices":[{"data":"Guardian:TwinSlam","floor":1.0,"key":"SMITH"}],"circlet_count":0,"master_deck":["Guardian:Strike_Guardian","Guardian:Strike_Guardian","Guardian:Strike_Guardian","Guardian:Strike_Guardian","Guardian:Defend_Guardian","Guardian:Defend_Guardian","Guardian:Defend_Guardian","Guardian:Defend_Guardian","Guardian:CurlUp","Guardian:TwinSlam+1","Guardian:BaubleBeam","Guardian:Gem_Green","Guardian:Gem_Red","Guardian:Gem_White","Guardian:Suspension","Guardian:Gem_Red","Guardian:PiercingHide","Guardian:Gem_Fragmented","Parasite","Guardian:PiercingHide","Guardian:PiercingHide","Guardian:FloatingOrbs","Guardian:Gem_White"],"relics":["Guardian:ModeShifter","CaptainsWheel","HornCleat"],"acts_visited":["Exordium"],"potions_floor_usage":[9,9,9,16],"damage_taken":[{"damage":5.0,"enemies":"Cultist","floor":2.0,"turns":5.0},{"damage":10.0,"enemies":"Small Slimes","floor":3.0,"turns":4.0},{"damage":1.0,"enemies":"2 Louse","floor":4.0,"turns":4.0},{"damage":6.0,"enemies":"Large Slime","floor":5.0,"turns":8.0},{"damage":25,"enemies":"3 Sentries","floor":6,"turns":12},{"damage":17,"enemies":"Lots of Slimes","floor":8,"turns":6},{"damage":13,"enemies":"Large Slime","floor":9,"turns":4},{"damage":1,"enemies":"3 Louse","floor":11,"turns":5},{"damage":15,"enemies":"Blue Slaver","floor":12,"turns":5},{"damage":0,"enemies":"downfall:FleeingMerchant","floor":13,"turns":4},{"damage":0,"enemies":"Exordium Thugs","floor":15,"turns":6},{"damage":65,"enemies":"IC_STATUS_ARCHETYPE","floor":16,"turns":13}],"seed_played":"-6936876275404414862","potions_obtained":[{"floor":5,"key":"champ:CounterPotion"},{"floor":6,"key":"EntropicBrew"},{"floor":11,"key":"sneckomod:MuddlingPotion"}],"is_trial":false,"path_per_floor":["R","M","M","M","M","E","T","M","M","?","M","M","$","?","M","B"],"character_chosen":"GUARDIAN","items_purchased":["Guardian:FloatingOrbs"],"campfire_rested":0,"item_purchase_floors":[13],"current_hp_per_floor":[80,75,65,64,58,33,33,16,3,23,22,7,7,7,7,0,0,0],"gold":102,"neow_bonus":"THREE_RARE_CARDS","is_daily":false,"chose_seed":false,"campfire_upgraded":1,"win_rate":0.0,"timestamp":1611644951,"path_taken":["R","M","M","M","?","E","T","M","M","?","M","M","$","?","M","BOSS"],"items_purchased_type":["Card"],"build_version":"2020-12-22","purchased_purges":1,"victory":false,"max_hp_per_floor":[80,80,80,80,80,80,80,80,80,80,80,80,80,80,80,80,80,80],"card_choices":[{"not_picked":["Guardian:GatlingBeam","Guardian:ExploitGems"],"picked":"Guardian:BaubleBeam","floor":0.0},{"not_picked":["Guardian:PrimingBeam","Guardian:Suspension"],"picked":"Guardian:Gem_Green","floor":2.0},{"not_picked":["Guardian:TemporalShield","Guardian:Preprogram"],"picked":"Guardian:Gem_Red","floor":3.0},{"not_picked":["Guardian:Recover","Guardian:Gem_Cyan"],"picked":"Guardian:Gem_White","floor":4.0},{"not_picked":["Guardian:ShieldCharger","Guardian:WalkerClaw"],"picked":"Guardian:Suspension","floor":5},{"not_picked":["Guardian:WalkerClaw","Guardian:GemFire"],"picked":"Guardian:Gem_Red","floor":6},{"not_picked":["Guardian:WalkerClaw","Guardian:Gem_Red"],"picked":"Guardian:PiercingHide","floor":8},{"not_picked":["Guardian:PolyBeam","Guardian:TemporalShield"],"picked":"Guardian:Gem_Fragmented","floor":9},{"not_picked":["Guardian:RefractedBeam","Guardian:TimeBomb"],"picked":"Guardian:PiercingHide","floor":11},{"not_picked":["Guardian:PolyBeam","Guardian:Planning"],"picked":"Guardian:PiercingHide","floor":12},{"not_picked":["Guardian:FastForward","Guardian:CrystalBeam","Guardian:Reroute"],"picked":"SKIP","floor":13},{"not_picked":["Guardian:RollAttack","Guardian:PrismaticBarrier"],"picked":"Guardian:Gem_White","floor":15}],"player_experience":363605,"relics_obtained":[{"floor":6,"key":"CaptainsWheel"},{"floor":7,"key":"HornCleat"}],"event_choices":[{"damage_healed":20,"gold_gain":0,"player_choice":"Healed and dodged fight","damage_taken":0,"max_hp_gain":0,"max_hp_loss":0,"event_name":"Mushrooms","floor":10,"gold_loss":0,"cards_obtained":["Parasite"]}],"is_beta":false,"boss_relics":[],"items_purged_floors":[13],"is_endless":false,"potions_floor_spawned":[5,6,11,15],"killed_by":"IC_STATUS_ARCHETYPE","ascension_level":3}}