{"host":"7iv10lxbxedtd0qh","time":1611703032,"event":{"mods":["BaseMod","Colored Map","Colored Powertips","Downfall","Minty Spire (QoL Compilation)","StSLib"],"gold_per_floor":[99,112,126,144,244,144,197,197,225,240,113,113,113,128,141,141,141,141],"floor_reached":16,"language":"ENG","playtime":660,"items_purged":["bronze:Strike"],"score":107,"play_id":"ba618f62-1356-4e21-b66d-3b68ede901f7","local_time":"20210127001712","is_ascension_mode":true,"campfire_choices":[{"floor":1,"key":"RECALL"},{"data":"Madness","floor":6,"key":"SMITH"},{"data":"bronze:Overload","floor":12,"key":"SMITH"}],"circlet_count":0,"master_deck":["bronze:Strike","bronze:Strike","bronze:Strike","bronze:Defend","bronze:Defend","bronze:Defend","bronze:Defend","bronze:Replicate","bronze:Goto","Madness+1","bronze:WildBeam","bronze:Constructor","bronze:Separator","Madness+1","bronze:Replicate","bronze:Overload+1","bronze:Optimize","bronze:Assembly","bronze:InfiniteBeams","bronze:Overload"],"relics":["bronze:BronzeCore","downfall:HeartBlessingRed","Omamori","HornCleat"],"acts_visited":["Exordium"],"potions_floor_usage":[15,16],"damage_taken":[{"damage":0,"enemies":"2 Louse","floor":2,"turns":3},{"damage":0,"enemies":"Small Slimes","floor":3,"turns":3},{"damage":0,"enemies":"Cultist","floor":4,"turns":3},{"damage":13,"enemies":"3 Sentries","floor":9,"turns":7},{"damage":12,"enemies":"Blue Slaver","floor":10,"turns":2},{"damage":0,"enemies":"downfall:FleeingMerchant","floor":11,"turns":4},{"damage":16,"enemies":"Red Slaver","floor":14,"turns":4},{"damage":9,"enemies":"3 Louse","floor":15,"turns":3},{"damage":6,"enemies":"SI_SHIV_ARCHETYPE","floor":16,"turns":5}],"seed_played":"-7177146926217493621","potions_obtained":[{"floor":14,"key":"PowerPotion"},{"floor":15,"key":"champ:CounterPotion"}],"is_trial":false,"path_per_floor":["R","M","M","M","?","R","T","?","E","M","$","R","?","M","M","B"],"character_chosen":"THE_AUTOMATON","items_purchased":["bronze:InfiniteBeams"],"campfire_rested":0,"item_purchase_floors":[11],"current_hp_per_floor":[70,70,70,70,70,70,70,70,57,45,45,45,45,29,20,14,14,14],"gold":141,"neow_bonus":"RANDOM_COLORLESS","is_daily":false,"chose_seed":false,"campfire_upgraded":2,"win_rate":0.0,"timestamp":1611703032,"path_taken":["R","M","M","M","?","R","T","?","E","?","$","R","?","?","M","BOSS"],"items_purchased_type":["Card"],"build_version":"2020-12-22","purchased_purges":1,"victory":false,"max_hp_per_floor":[70,70,70,70,70,70,70,70,70,70,70,70,70,70,70,70,70,70],"card_choices":[{"not_picked":["Panacea","Dark Shackles"],"picked":"Madness","floor":0},{"not_picked":["bronze:Deprecate","bronze:Boost"],"picked":"bronze:WildBeam","floor":2},{"not_picked":["bronze:BitShift","bronze:Invalidate"],"picked":"bronze:Constructor","floor":3},{"not_picked":["bronze:Iterate","bronze:Overheat"],"picked":"bronze:Separator","floor":4},{"not_picked":["bronze:Safeguard","bronze:ItsAFeature"],"picked":"bronze:Overload","floor":9},{"not_picked":["bronze:Branch","bronze:Constructor"],"picked":"bronze:Optimize","floor":10},{"not_picked":["bronze:Iterate","bronze:OilSpill"],"picked":"bronze:Assembly","floor":11},{"not_picked":["bronze:WildBeam","bronze:BugBarrage","bronze:Terminator"],"picked":"SKIP","floor":14},{"not_picked":["bronze:Boost","bronze:BitShift"],"picked":"bronze:Overload","floor":15}],"player_experience":723225,"relics_obtained":[{"floor":7,"key":"Omamori"},{"floor":9,"key":"HornCleat"}],"event_choices":[],"is_beta":false,"boss_relics":[],"items_purged_floors":[11],"is_endless":false,"potions_floor_spawned":[2,14,15],"killed_by":"SI_SHIV_ARCHETYPE","ascension_level":1}}