{"host":"89iuq2p5kwriuwfq","time":1611704188,"event":{"mods":["BaseMod","Curses Come First","Minty Spire (QoL Compilation)","Permanent Neow","StSLib"],"gold_per_floor":[10,27,27,27,50,85,85,103,103,122,163,181,199,237,237,368,368,383,383,9,9,30,83,83,130,130,130,158,183,227,250,250,389,389,421,455,27,360,372,397,397,267,267,296,296,321,321,350,350,350,350,350,122,153,153],"floor_reached":56,"language":"ENG","playtime":3247,"items_purged":["Strike_R","Strike_R","Defend_R"],"score":1809,"play_id":"21aeec26-b175-4518-8bdb-985c144d5ff7","local_time":"20210126233628","is_ascension_mode":true,"campfire_choices":[{"data":"Limit Break","floor":15,"key":"SMITH"},{"floor":24,"key":"DIG"},{"data":"Rupture","floor":27,"key":"SMITH"},{"floor":32,"key":"DIG"},{"floor":45,"key":"DIG"},{"floor":47,"key":"RECALL"},{"floor":49,"key":"DIG"},{"floor":52,"key":"DIG"}],"circlet_count":0,"master_deck":["Strike_R","Strike_R","Defend_R+1","Defend_R","Bash","Anger","Pommel Strike","Rage","Armaments+1","Sword Boomerang","Sword Boomerang","Spot Weakness","Limit Break+1","Brutality","Uppercut+1","Inflame","Reaper","Rupture+1","Combust","Sword Boomerang+1","Thunderclap","Uppercut+1","Offering","Shrug It Off","Armaments+1","Pommel Strike","Bloodletting","Shrug It Off+1","Pummel","Flash of Steel"],"relics":["Burning Blood","Orichalcum","Shuriken","Magic Flower","Omamori","Calling Bell","Art of War","Matryoshka","Shovel","War Paint","PreservedInsect","StrikeDummy","CeramicFish","Centennial Puzzle","Lizard Tail","Bottled Tornado","White Beast Statue","Pantograph","Unceasing Top","Coffee Dripper","HornCleat","OrangePellets","Champion Belt","Bag of Marbles","InkBottle","Regal Pillow","Blood Vial","Nunchaku","Bottled Lightning","Du-Vu Doll"],"acts_visited":["Exordium","TheCity","TheBeyond","TheEnding"],"potions_floor_usage":[11,11,14,25,25,34,55],"damage_taken":[{"damage":3.0,"enemies":"Jaw Worm","floor":1.0,"turns":5.0},{"damage":5.0,"enemies":"2 Louse","floor":2.0,"turns":3.0},{"damage":0.0,"enemies":"Cultist","floor":5.0,"turns":3.0},{"damage":16.0,"enemies":"3 Sentries","floor":6.0,"turns":7.0},{"damage":3.0,"enemies":"2 Fungi Beasts","floor":8.0,"turns":3.0},{"damage":9,"enemies":"Exordium Thugs","floor":10,"turns":3},{"damage":0,"enemies":"Gremlin Nob","floor":11,"turns":2},{"damage":5,"enemies":"Large Slime","floor":12,"turns":4},{"damage":0,"enemies":"Exordium Wildlife","floor":13,"turns":3},{"damage":25,"enemies":"Lagavulin","floor":14,"turns":4},{"damage":33,"enemies":"The Guardian","floor":16,"turns":8},{"damage":6,"enemies":"3 Byrds","floor":18,"turns":4},{"damage":18,"enemies":"Shell Parasite","floor":22,"turns":6},{"damage":21,"enemies":"Book of Stabbing","floor":23,"turns":3},{"damage":49,"enemies":"Slavers","floor":25,"turns":6},{"damage":37,"enemies":"Snake Plant","floor":28,"turns":5},{"damage":43,"enemies":"3 Cultists","floor":29,"turns":5},{"damage":37,"enemies":"Gremlin Leader","floor":30,"turns":5},{"damage":19,"enemies":"Cultist and Chosen","floor":31,"turns":5},{"damage":50,"enemies":"Collector","floor":33,"turns":6},{"damage":12,"enemies":"Orb Walker","floor":35,"turns":3},{"damage":29,"enemies":"3 Shapes","floor":36,"turns":4},{"damage":22,"enemies":"Jaw Worm Horde","floor":39,"turns":3},{"damage":29,"enemies":"Reptomancer","floor":40,"turns":6},{"damage":21,"enemies":"Nemesis","floor":44,"turns":3},{"damage":14,"enemies":"Giant Head","floor":46,"turns":4},{"damage":19,"enemies":"Spire Growth","floor":48,"turns":4},{"damage":48,"enemies":"Awakened One","floor":50,"turns":5},{"damage":12,"enemies":"Shield and Spear","floor":54,"turns":3},{"damage":79,"enemies":"The Heart","floor":55,"turns":6}],"seed_played":"-7845147539303777353","potions_obtained":[{"floor":5.0,"key":"DuplicationPotion"},{"floor":6.0,"key":"BloodPotion"},{"floor":7.0,"key":"CultistPotion"},{"floor":7.0,"key":"DistilledChaos"},{"floor":13,"key":"LiquidMemories"},{"floor":14,"key":"SpeedPotion"},{"floor":16,"key":"AttackPotion"},{"floor":28,"key":"Ancient Potion"},{"floor":29,"key":"Fruit Juice"},{"floor":33,"key":"LiquidBronze"},{"floor":35,"key":"ColorlessPotion"},{"floor":36,"key":"BloodPotion"},{"floor":39,"key":"DistilledChaos"},{"floor":40,"key":"FairyPotion"},{"floor":54,"key":"HeartOfIron"}],"is_trial":false,"path_per_floor":["M","M","?","?","M","E","?","M","T","M","E","M","M","E","R","B",null,"M","?","$","?","M","E","R","E","T","R","M","M","E","M","R","B",null,"M","M","$","?","M","E","?","$","T","E","R","E","R","M","R","B",null,"R","$","E","B",null],"character_chosen":"IRONCLAD","items_purchased":["Inflame","Reaper","PreservedInsect","Pommel Strike","HornCleat","OrangePellets","Bloodletting","Pummel","Flash of Steel"],"campfire_rested":0,"item_purchase_floors":[20,20,20,37,37,37,42,53,53],"current_hp_per_floor":[75,76,56,80,80,70,70,73,73,70,76,80,80,64,64,40,70,73,73,73,73,80,80,80,79,79,79,77,79,51,55,55,80,85,82,85,85,85,85,68,68,68,68,56,56,83,83,85,85,64,80,80,80,80,44],"gold":153,"neow_bonus":"REMOVE_TWO","is_daily":false,"chose_seed":false,"campfire_upgraded":2,"win_rate":0.0,"timestamp":1611704188,"path_taken":["M","M","?","?","M","E","?","M","T","M","E","M","M","E","R","BOSS","M","?","$","?","M","E","R","E","T","R","M","M","E","M","R","BOSS","M","M","$","?","M","E","?","?","T","E","R","E","R","M","R","BOSS","R","$","E","BOSS"],"items_purchased_type":["Card","Card","Relic","Card","Relic","Relic","Card","Card","Card"],"build_version":"2020-12-22","purchased_purges":3,"victory":true,"max_hp_per_floor":[80,80,80,80,80,80,80,80,80,80,80,80,80,80,80,80,80,80,80,80,80,80,80,80,80,80,80,80,80,80,80,80,80,85,85,85,85,85,85,85,85,85,85,85,85,85,85,85,85,85,85,85,85,85,85],"card_choices":[{"not_picked":["Headbutt","Dropkick"],"picked":"Anger","floor":1.0},{"not_picked":["Body Slam","Perfected Strike"],"picked":"Pommel Strike","floor":2.0},{"not_picked":["Evolve","Thunderclap"],"picked":"Rage","floor":5.0},{"not_picked":["Barricade","Corruption"],"picked":"Rampage","floor":6.0},{"not_picked":["Perfected Strike","Cleave"],"picked":"Armaments","floor":8.0},{"not_picked":["Fire Breathing","Armaments"],"picked":"Sword Boomerang","floor":10},{"not_picked":["Clothesline","Infernal Blade","Bloodletting"],"picked":"SKIP","floor":11},{"not_picked":["Rupture","True Grit"],"picked":"Sword Boomerang","floor":12},{"not_picked":["Wild Strike","Second Wind"],"picked":"Spot Weakness","floor":13},{"not_picked":["Cleave","True Grit"],"picked":"Limit Break","floor":14},{"not_picked":["Corruption","Juggernaut"],"picked":"Brutality","floor":16},{"not_picked":["Cleave","Shockwave"],"picked":"Uppercut+1","floor":18},{"not_picked":["Rage","Second Wind","Clothesline"],"picked":"SKIP","floor":22},{"not_picked":["Disarm","Carnage+1"],"picked":"Rupture","floor":23},{"not_picked":["Sever Soul","Impervious"],"picked":"Combust","floor":25},{"not_picked":["Perfected Strike","Warcry"],"picked":"Sword Boomerang+1","floor":28},{"not_picked":["Fire Breathing+1","Disarm"],"picked":"Thunderclap","floor":29},{"not_picked":["Reckless Charge","Wild Strike"],"picked":"Uppercut+1","floor":30},{"not_picked":["Cleave","Thunderclap+1","Anger+1"],"picked":"SKIP","floor":31},{"not_picked":["Exhume","Berserk"],"picked":"Offering","floor":33},{"not_picked":["Rampage+1","Dual Wield"],"picked":"Shrug It Off","floor":35},{"not_picked":["Evolve+1","Anger+1"],"picked":"Armaments+1","floor":36},{"not_picked":["Whirlwind","Cleave+1","Hemokinesis+1"],"picked":"SKIP","floor":39},{"not_picked":["Battle Trance+1","Cleave","Wild Strike"],"picked":"SKIP","floor":40},{"not_picked":["Seeing Red","Whirlwind","Metallicize"],"picked":"SKIP","floor":44},{"not_picked":["Barricade","Spot Weakness","Body Slam"],"picked":"SKIP","floor":46},{"not_picked":["Warcry","Sword Boomerang+1"],"picked":"Shrug It Off+1","floor":48},{"not_picked":["Searing Blow","Iron Wave+1","Bloodletting"],"picked":"SKIP","floor":54}],"player_experience":580693,"relics_obtained":[{"floor":6.0,"key":"Orichalcum"},{"floor":9.0,"key":"Shuriken"},{"floor":11,"key":"Magic Flower"},{"floor":14,"key":"Omamori"},{"floor":17,"key":"Art of War"},{"floor":17,"key":"Matryoshka"},{"floor":17,"key":"Shovel"},{"floor":23,"key":"CeramicFish"},{"floor":24,"key":"Centennial Puzzle"},{"floor":25,"key":"Lizard Tail"},{"floor":26,"key":"Bottled Tornado"},{"floor":26,"key":"White Beast Statue"},{"floor":30,"key":"Pantograph"},{"floor":32,"key":"Unceasing Top"},{"floor":40,"key":"Champion Belt"},{"floor":43,"key":"Bag of Marbles"},{"floor":44,"key":"InkBottle"},{"floor":45,"key":"Regal Pillow"},{"floor":46,"key":"Blood Vial"},{"floor":49,"key":"Nunchaku"},{"floor":52,"key":"Bottled Lightning"},{"floor":54,"key":"Du-Vu Doll"}],"event_choices":[{"damage_healed":0.0,"max_hp_gain":0.0,"max_hp_loss":0.0,"gold_gain":0.0,"event_name":"Golden Idol","player_choice":"Take Damage","floor":3.0,"gold_loss":0.0,"damage_taken":20.0,"relics_obtained":["Golden Idol"]},{"damage_healed":26.0,"max_hp_gain":0.0,"max_hp_loss":0.0,"gold_gain":0.0,"event_name":"Big Fish","player_choice":"Banana","floor":4.0,"gold_loss":0.0,"damage_taken":0.0},{"damage_healed":0.0,"max_hp_gain":0.0,"max_hp_loss":0.0,"gold_gain":0.0,"event_name":"Lab","player_choice":"Got Potions","floor":7.0,"gold_loss":0.0,"damage_taken":0.0},{"damage_healed":0,"gold_gain":0,"player_choice":"Stole Relic","damage_taken":0,"relics_obtained":["War Paint"],"max_hp_gain":0,"max_hp_loss":0,"event_name":"Addict","floor":19,"gold_loss":0,"cards_obtained":["Shame"]},{"cards_removed":["Rampage"],"damage_healed":0,"gold_gain":0,"player_choice":"Gave Card","damage_taken":0,"relics_obtained":["StrikeDummy"],"max_hp_gain":0,"max_hp_loss":0,"event_name":"WeMeetAgain","floor":21,"gold_loss":0},{"damage_healed":0,"gold_gain":333,"player_choice":"Gave Idol","damage_taken":0,"max_hp_gain":0,"max_hp_loss":0,"event_name":"The Moai Head","floor":38,"relics_lost":["Golden Idol"],"gold_loss":0},{"damage_healed":0,"gold_gain":0,"player_choice":"Memory 1","damage_taken":0,"max_hp_gain":0,"max_hp_loss":0,"event_name":"SensoryStone","floor":41,"gold_loss":0}],"is_beta":false,"boss_relics":[{"not_picked":["SacredBark","Ectoplasm"],"picked":"Calling Bell"},{"not_picked":["Velvet Choker","Astrolabe"],"picked":"Coffee Dripper"}],"items_purged_floors":[20,42,53],"is_endless":false,"potions_floor_spawned":[5,6,8,13,14,16,23,28,29,30,31,33,35,36,39,40,44,46,48,54],"ascension_level":8}}