{"host":"wshh0nphwn6jv7vj","time":1611701797,"event":{"mods":["BaseMod","Bestiary","Minty Spire (QoL Compilation)","Relic Stats"],"gold_per_floor":[114,114,114,264,16,54,77,112,112,112,132,132,132,132],"floor_reached":13,"language":"ENG","playtime":342,"items_purged":["Doubt"],"score":215,"play_id":"5a0556ef-3309-441f-b71a-9a44b1280238","local_time":"20210126175637","is_ascension_mode":true,"campfire_choices":[{"floor":12,"key":"REST"}],"circlet_count":0,"master_deck":["AscendersBane","Strike_P","Strike_P","Strike_P","Defend_P","Defend_P","Defend_P","Defend_P+1","Eruption","Vigilance","CutThroughFate+1","DeceiveReality","BowlingBash","Consecrate","ThirdEye","Protect"],"relics":["PureWater","NeowsBlessing","Golden Idol","Bronze Scales","Singing Bowl","Gremlin Horn","Bottled Lightning"],"acts_visited":["Exordium"],"potions_floor_usage":[8,13,13],"damage_taken":[{"damage":0,"enemies":"Small Slimes","floor":1,"turns":1},{"damage":0,"enemies":"Gremlin Nob","floor":6,"turns":1},{"damage":0,"enemies":"2 Louse","floor":7,"turns":1},{"damage":7,"enemies":"3 Sentries","floor":8,"turns":6},{"damage":0,"enemies":"Jaw Worm","floor":11,"turns":4},{"damage":58,"enemies":"Gremlin Nob","floor":13,"turns":5}],"seed_played":"9222502749955323153","potions_obtained":[{"floor":6,"key":"SpeedPotion"},{"floor":7,"key":"CultistPotion"},{"floor":8,"key":"Dexterity Potion"}],"is_trial":false,"path_per_floor":["M","?","?","?","$","E","M","E","T","?","M","R","E"],"character_chosen":"WATCHER","items_purchased":["Bronze Scales"],"campfire_rested":1,"item_purchase_floors":[5],"current_hp_per_floor":[61,38,38,38,38,38,38,31,31,11,11,31,0,0],"gold":132,"neow_bonus":"THREE_ENEMY_KILL","is_daily":false,"chose_seed":false,"campfire_upgraded":0,"win_rate":0.0,"timestamp":1611701797,"path_taken":["M","?","?","?","$","E","?","E","T","?","M","R","E"],"items_purchased_type":["Relic"],"build_version":"2020-12-22","purchased_purges":1,"victory":false,"max_hp_per_floor":[68,68,68,68,68,68,68,68,68,68,68,68,68,68],"relic_stats":{"Singing Bowl":0,"Gremlin Horn":[0,0],"counters":[6,18],"Golden Idol":24,"Bronze Scales":[33],"obtain_stats":[{"NeowsBlessing":0,"Singing Bowl":6,"Gremlin Horn":8,"Golden Idol":2,"Bronze Scales":5,"Bottled Lightning":9,"PureWater":0},{"NeowsBlessing":0,"Singing Bowl":2,"Gremlin Horn":4,"Golden Idol":1,"Bronze Scales":1,"Bottled Lightning":4,"PureWater":0},{"NeowsBlessing":0,"Singing Bowl":2,"Gremlin Horn":9,"Golden Idol":1,"Bronze Scales":1,"Bottled Lightning":9,"PureWater":0}]},"card_choices":[{"not_picked":["Swivel","Halt"],"picked":"CutThroughFate","floor":1},{"not_picked":["Nirvana","FearNoEvil"],"picked":"BowlingBash","floor":6},{"not_picked":["WaveOfTheHand","FlurryOfBlows"],"picked":"Consecrate","floor":7},{"not_picked":["ClearTheMind","FearNoEvil"],"picked":"ThirdEye","floor":8},{"not_picked":["SignatureMove","PathToVictory"],"picked":"Protect","floor":11}],"player_experience":1618157,"relics_obtained":[{"floor":6,"key":"Singing Bowl"},{"floor":8,"key":"Gremlin Horn"},{"floor":9,"key":"Bottled Lightning"}],"event_choices":[{"damage_healed":0,"gold_gain":0,"player_choice":"Take Damage","damage_taken":23,"relics_obtained":["Golden Idol"],"max_hp_gain":0,"max_hp_loss":0,"event_name":"Golden Idol","floor":2,"gold_loss":0},{"damage_healed":0,"gold_gain":0,"cards_transformed":["Strike_P"],"player_choice":"Change","damage_taken":0,"max_hp_gain":0,"max_hp_loss":0,"event_name":"Living Wall","floor":3,"gold_loss":0,"cards_obtained":["DeceiveReality"]},{"damage_healed":0,"gold_gain":150,"player_choice":"AGREE","damage_taken":0,"max_hp_gain":0,"max_hp_loss":0,"event_name":"Liars Game","floor":4,"gold_loss":0,"cards_obtained":["Doubt"]},{"damage_healed":0,"gold_gain":0,"player_choice":"Entered Light","damage_taken":20,"max_hp_gain":0,"max_hp_loss":0,"event_name":"Shining Light","floor":10,"gold_loss":0,"cards_upgraded":["CutThroughFate","Defend_P"]}],"is_beta":false,"boss_relics":[],"items_purged_floors":[5],"is_endless":false,"potions_floor_spawned":[6,7,8],"killed_by":"Gremlin Nob","ascension_level":17}}