{"host":"pi8b3ffzwvxqztac","time":1611661525,"event":{"mods":["BaseMod","Colored Map","Downfall","Minty Spire (QoL Compilation)","StSLib"],"gold_per_floor":[114,64,64,80,255,255,290,290,290,290,308,327,339,354,354,354,354],"floor_reached":16,"language":"ENG","playtime":728,"items_purged":[],"score":112,"play_id":"205e455c-cb2c-4290-8d77-0b7d9d6166db","local_time":"20210127004525","is_ascension_mode":true,"campfire_choices":[{"data":"Barricade","floor":6.0,"key":"SMITH"},{"data":"Seeing Red","floor":8.0,"key":"SMITH"},{"data":"Uppercut","floor":10.0,"key":"SMITH"},{"data":"Entrench","floor":15.0,"key":"SMITH"}],"circlet_count":0,"master_deck":["Strike_R","Strike_R","Strike_R","Strike_R","Strike_R","Defend_R","Defend_R","Defend_R","Defend_R","Bash","Barricade+1","Uppercut+1","Thunderclap","Doubt","Seeing Red+1","Entrench+1","Iron Wave","Shrug It Off"],"relics":["Burning Blood","Blue Candle","Omamori","Letter Opener"],"acts_visited":["Exordium"],"potions_floor_usage":[16],"damage_taken":[{"damage":5.0,"enemies":"Small Slimes","floor":1.0,"turns":4.0},{"damage":2.0,"enemies":"Jaw Worm","floor":4.0,"turns":3.0},{"damage":44.0,"enemies":"Lagavulin","floor":7.0,"turns":10.0},{"damage":0.0,"enemies":"2 Louse","floor":11.0,"turns":2.0},{"damage":22.0,"enemies":"Large Slime","floor":12.0,"turns":8.0},{"damage":9.0,"enemies":"Looter","floor":13.0,"turns":4.0},{"damage":1.0,"enemies":"2 Fungi Beasts","floor":14.0,"turns":4.0},{"damage":37,"enemies":"Hexaghost","floor":16,"turns":14}],"seed_played":"1334551629138455177","potions_obtained":[{"floor":4.0,"key":"FearPotion"},{"floor":11.0,"key":"Swift Potion"},{"floor":14.0,"key":"ElixirPotion"}],"is_trial":false,"path_per_floor":["M","?","?","M","?","R","E","R","T","R","M","M","M","M","R","B"],"character_chosen":"IRONCLAD","items_purchased":[],"campfire_rested":0,"item_purchase_floors":[],"current_hp_per_floor":[80,80,75,79,79,79,41,41,41,41,47,31,28,33,33,0,0],"gold":354,"neow_bonus":"THREE_RARE_CARDS","is_daily":false,"chose_seed":false,"campfire_upgraded":4,"win_rate":0.0,"timestamp":1611661525,"path_taken":["M","?","?","M","?","R","E","R","T","R","M","M","?","M","R","BOSS"],"items_purchased_type":[],"build_version":"2020-12-22","purchased_purges":0,"victory":false,"max_hp_per_floor":[80,80,80,80,80,80,80,80,80,80,80,80,80,80,80,80,80],"card_choices":[{"not_picked":["Feed","Juggernaut"],"picked":"Barricade","floor":0.0},{"not_picked":["Anger","Burning Pact"],"picked":"Uppercut","floor":1.0},{"not_picked":["Twin Strike","Reckless Charge"],"picked":"Thunderclap","floor":4.0},{"not_picked":["Infernal Blade","Burning Pact"],"picked":"Seeing Red","floor":7.0},{"not_picked":["Thunderclap","Cleave"],"picked":"Entrench","floor":11.0},{"not_picked":["Pommel Strike","Offering"],"picked":"Iron Wave","floor":12.0},{"not_picked":["Anger","Carnage","Thunderclap"],"picked":"SKIP","floor":13.0},{"not_picked":["Twin Strike","Combust"],"picked":"Shrug It Off","floor":14.0}],"player_experience":619406,"relics_obtained":[{"floor":7.0,"key":"Omamori"},{"floor":9.0,"key":"Letter Opener"}],"event_choices":[{"cards_removed":["downfall:Icky"],"damage_healed":0.0,"max_hp_gain":0.0,"max_hp_loss":0.0,"gold_gain":0.0,"event_name":"The Cleric","player_choice":"Card Removal","floor":2.0,"gold_loss":50.0,"damage_taken":0.0},{"damage_healed":0.0,"max_hp_gain":0.0,"max_hp_loss":0.0,"gold_gain":175.0,"event_name":"Liars Game","player_choice":"AGREE","floor":5.0,"gold_loss":0.0,"damage_taken":0.0,"cards_obtained":["Doubt"]}],"is_beta":false,"boss_relics":[],"items_purged_floors":[],"is_endless":false,"potions_floor_spawned":[4,11,14],"killed_by":"Hexaghost","ascension_level":2}}