{"host":"kvo7eymyd21g9abd","time":1611699186,"event":{"mods":["AchievementEnabler","BaseMod","Bestiary","Colored Map","Minty Spire (QoL Compilation)","StSLib"],"gold_per_floor":[12,28,28,28,28,55,55,71,139,139,184,217,234,199,199,300,300,300,300,300,300,300,300,300,300,300,300,300,300,280,280,280,280,280,280,280,280,280,280,280,280,280,280,280,280,280,280,280,280,280,280,280,12,12,12,12],"floor_reached":55,"language":"ENG","playtime":3129,"items_purged":[],"score":759,"play_id":"9ed87f3d-0db9-40b4-95af-4ad0611a2828","local_time":"20210126171306","is_ascension_mode":true,"campfire_choices":[{"floor":7.0,"key":"REST"},{"floor":10.0,"key":"RECALL"},{"floor":15.0,"key":"REST"},{"floor":24,"key":"REST"},{"floor":32,"key":"REST"},{"floor":40,"key":"DIG"},{"floor":45,"key":"REST"},{"floor":47,"key":"REST"},{"floor":49,"key":"REST"},{"data":"Devotion","floor":52,"key":"SMITH"}],"circlet_count":0,"master_deck":["Strike_P","Strike_P","Defend_P","Defend_P","Defend_P","Defend_P","Eruption","Vigilance","ForeignInfluence","Conclude","Wish","EmptyBody","ClearTheMind","ReachHeaven","Devotion+1","ForeignInfluence","CrushJoints","Prostrate","Worship","ReachHeaven+1","EmptyMind+1","Evaluate","Decay","Wish","Devotion","TalkToTheHand","Collect","Perseverance","Pray+1","Parasite","Prostrate+1","Swivel+1","EmptyBody+1","Transmutation+1","MentalFortress"],"relics":["PureWater","CloakClasp","Letter Opener","Dead Branch","Ectoplasm","Strawberry","Shovel","Regal Pillow","Ice Cream","Empty Cage","Du-Vu Doll","MealTicket","Toxic Egg 2","Anchor","Membership Card","Blood Vial"],"acts_visited":["Exordium","TheCity","TheBeyond","TheEnding"],"potions_floor_usage":[23,23,33,35,44,50,54,55,55,55],"damage_taken":[{"damage":12.0,"enemies":"Cultist","floor":1.0,"turns":3.0},{"damage":3.0,"enemies":"Jaw Worm","floor":2.0,"turns":3.0},{"damage":45.0,"enemies":"Lagavulin","floor":6.0,"turns":4.0},{"damage":0.0,"enemies":"Small Slimes","floor":8.0,"turns":2.0},{"damage":1.0,"enemies":"Blue Slaver","floor":11.0,"turns":5.0},{"damage":15.0,"enemies":"3 Sentries","floor":12.0,"turns":2.0},{"damage":0.0,"enemies":"Large Slime","floor":13.0,"turns":3.0},{"damage":16.0,"enemies":"The Guardian","floor":16.0,"turns":11.0},{"damage":3,"enemies":"Chosen","floor":18,"turns":3},{"damage":0,"enemies":"3 Byrds","floor":19,"turns":5},{"damage":34,"enemies":"Snake Plant","floor":21,"turns":5},{"damage":25,"enemies":"Shelled Parasite and Fungi","floor":22,"turns":4},{"damage":20,"enemies":"Slavers","floor":23,"turns":5},{"damage":9,"enemies":"Gremlin Leader","floor":27,"turns":4},{"damage":8,"enemies":"Sentry and Sphere","floor":28,"turns":4},{"damage":1,"enemies":"Cultist and Chosen","floor":31,"turns":4},{"damage":44,"enemies":"Champ","floor":33,"turns":9},{"damage":4,"enemies":"3 Shapes","floor":35,"turns":4},{"damage":57,"enemies":"2 Orb Walkers","floor":36,"turns":4},{"damage":25,"enemies":"3 Darklings","floor":39,"turns":6},{"damage":22,"enemies":"Jaw Worm Horde","floor":41,"turns":5},{"damage":1,"enemies":"Giant Head","floor":42,"turns":5},{"damage":0,"enemies":"Writhing Mass","floor":44,"turns":4},{"damage":65,"enemies":"Transient","floor":46,"turns":5},{"damage":13,"enemies":"Sphere and 2 Shapes","floor":48,"turns":4},{"damage":44,"enemies":"Time Eater","floor":50,"turns":6},{"damage":71,"enemies":"Shield and Spear","floor":54,"turns":5},{"damage":53,"enemies":"The Heart","floor":55,"turns":2}],"seed_played":"2490802285532062901","potions_obtained":[{"floor":1.0,"key":"Block Potion"},{"floor":6.0,"key":"BlessingOfTheForge"},{"floor":11.0,"key":"SneckoOil"},{"floor":12.0,"key":"BlessingOfTheForge"},{"floor":21,"key":"DuplicationPotion"},{"floor":27,"key":"LiquidMemories"},{"floor":28,"key":"PowerPotion"},{"floor":30,"key":"SkillPotion"},{"floor":35,"key":"AttackPotion"},{"floor":41,"key":"CultistPotion"},{"floor":44,"key":"SneckoOil"},{"floor":54,"key":"CultistPotion"}],"is_trial":false,"path_per_floor":["M","M","$","T","$","E","R","M","T","R","M","E","M","?","R","B",null,"M","M","?","M","M","E","R","$","T","E","M","?","?","M","R","B",null,"M","?","?","?","M","R","M","E","T","M","R","M","R","M","R","B",null,"R","$","E","B"],"character_chosen":"WATCHER","items_purchased":["Membership Card","LiquidMemories","Transmutation+1"],"campfire_rested":7,"item_purchase_floors":[53,53,53],"current_hp_per_floor":[74,71,71,71,71,26,51,51,51,51,50,35,35,56,81,65,86,83,83,90,56,31,11,38,38,38,29,21,21,21,20,62,18,93,89,32,32,81,56,56,34,33,33,33,72,7,46,33,72,28,81,81,81,10,0,0],"gold":12,"neow_bonus":"TWENTY_PERCENT_HP_BONUS","is_daily":false,"chose_seed":false,"campfire_upgraded":1,"win_rate":0.0,"timestamp":1611699186,"path_taken":["M","M","?","?","?","E","R","M","T","R","M","E","?","?","R","BOSS","M","M","?","M","M","E","R","$","T","E","M","?","?","?","R","BOSS","M","?","?","?","M","R","M","E","T","M","R","M","R","?","R","BOSS","R","$","E","BOSS"],"items_purchased_type":["Relic","Potion","Card"],"build_version":"2020-12-22","purchased_purges":0,"victory":false,"max_hp_per_floor":[86,86,86,86,86,86,86,86,86,86,86,86,86,86,86,86,86,86,86,93,93,93,93,93,93,93,93,93,93,93,93,93,93,93,93,93,93,81,81,81,81,81,81,81,81,81,81,81,81,81,81,81,81,81,81,81],"card_choices":[{"not_picked":["CutThroughFate","FlyingSleeves"],"picked":"ForeignInfluence","floor":1.0},{"not_picked":["Wireheading","FlyingSleeves"],"picked":"Conclude","floor":2.0},{"not_picked":["CrushJoints","Pray"],"picked":"Wish","floor":6.0},{"not_picked":["Evaluate","FollowUp"],"picked":"EmptyBody","floor":8.0},{"not_picked":["FlurryOfBlows","CutThroughFate"],"picked":"ClearTheMind","floor":11.0},{"not_picked":["FollowUp","Evaluate"],"picked":"ReachHeaven","floor":12.0},{"not_picked":["BowlingBash","WreathOfFlame","Halt"],"picked":"SKIP","floor":13.0},{"not_picked":["Wish","MasterReality"],"picked":"Devotion","floor":16.0},{"not_picked":["Halt+1","EmptyFist"],"picked":"ForeignInfluence","floor":18},{"not_picked":["ThirdEye","Halt"],"picked":"CrushJoints","floor":19},{"not_picked":["EmptyBody","EmptyFist"],"picked":"Prostrate","floor":21},{"not_picked":["WheelKick","JustLucky"],"picked":"Worship","floor":22},{"not_picked":["FearNoEvil+1","ClearTheMind"],"picked":"ReachHeaven+1","floor":23},{"not_picked":["PathToVictory","SashWhip"],"picked":"EmptyMind+1","floor":27},{"not_picked":["JustLucky","PathToVictory"],"picked":"Evaluate","floor":28},{"not_picked":["Consecrate","ClearTheMind"],"picked":"Wish","floor":31},{"not_picked":["Judgement","Vault"],"picked":"Devotion","floor":33},{"not_picked":["EmptyBody+1","Wallop+1"],"picked":"TalkToTheHand","floor":35},{"not_picked":["Crescendo","Indignation"],"picked":"Collect","floor":36},{"not_picked":["WindmillStrike","FlyingSleeves","ClearTheMind+1"],"picked":"SKIP","floor":39},{"not_picked":["TalkToTheHand+1","Protect+1"],"picked":"Perseverance","floor":41},{"not_picked":["Sanctity+1","Vengeance+1"],"picked":"Pray+1","floor":42},{"not_picked":["Perseverance+1","FollowUp+1"],"picked":"Prostrate+1","floor":44},{"not_picked":["Blasphemy+1","Pray+1"],"picked":"Swivel+1","floor":46},{"not_picked":["ThirdEye+1","SashWhip+1"],"picked":"EmptyBody+1","floor":48},{"not_picked":["CutThroughFate+1","DevaForm"],"picked":"MentalFortress","floor":54}],"player_experience":425525,"relics_obtained":[{"floor":6.0,"key":"CloakClasp"},{"floor":9.0,"key":"Letter Opener"},{"floor":12.0,"key":"Dead Branch"},{"floor":23,"key":"Shovel"},{"floor":26,"key":"Regal Pillow"},{"floor":27,"key":"Ice Cream"},{"floor":36,"key":"Du-Vu Doll"},{"floor":40,"key":"MealTicket"},{"floor":42,"key":"Toxic Egg 2"},{"floor":43,"key":"Anchor"},{"floor":54,"key":"Blood Vial"}],"event_choices":[{"damage_healed":21.0,"max_hp_gain":0.0,"max_hp_loss":0.0,"gold_gain":0.0,"event_name":"The Cleric","player_choice":"Healed","floor":14.0,"gold_loss":35.0,"damage_taken":0.0},{"damage_healed":0,"gold_gain":0,"player_choice":"Opened","damage_taken":0,"relics_obtained":["Strawberry"],"max_hp_gain":0,"max_hp_loss":0,"event_name":"The Mausoleum","floor":20,"gold_loss":0},{"damage_healed":0,"gold_gain":0,"player_choice":"Smashed Altar","damage_taken":0,"max_hp_gain":0,"max_hp_loss":0,"event_name":"Forgotten Altar","floor":29,"gold_loss":0,"cards_obtained":["Decay"]},{"damage_healed":0,"gold_gain":0,"player_choice":"Bought 1 Potion","damage_taken":0,"max_hp_gain":0,"max_hp_loss":0,"event_name":"The Woman in Blue","floor":30,"gold_loss":0},{"damage_healed":0,"gold_gain":0,"player_choice":"Fight","damage_taken":0,"max_hp_gain":0,"max_hp_loss":0,"event_name":"Mysterious Sphere","floor":36,"gold_loss":0},{"damage_healed":0,"gold_gain":0,"player_choice":"Ignored","damage_taken":0,"max_hp_gain":0,"max_hp_loss":0,"event_name":"Tomb of Lord Red Mask","floor":37,"gold_loss":0},{"damage_healed":81,"gold_gain":0,"player_choice":"Heal","damage_taken":0,"max_hp_gain":0,"max_hp_loss":12,"event_name":"The Moai Head","floor":38,"gold_loss":0}],"is_beta":false,"boss_relics":[{"not_picked":["Busted Crown","Runic Dome"],"picked":"Ectoplasm"},{"not_picked":["Cursed Key","Sozu"],"picked":"Empty Cage"}],"items_purged_floors":[],"is_endless":false,"potions_floor_spawned":[1,6,11,12,21,27,28,35,41,44,48,54],"killed_by":"The Heart","ascension_level":1}}