{"host":"1qhzi8r9ejho5yph","time":1611694194,"event":{"mods":["AchievementEnabler","BaseMod","Colored Map","Colored Powertips","Highlight Path","Minty Spire (QoL Compilation)","Permanent Neow","Quick Restart","Random Character Button","StSLib","SuperFastMode"],"gold_per_floor":[114,134,134,154,52,52,52,2,76,76,1,1,18,34,34,139,139,159,84,84,84],"floor_reached":20,"language":"ENG","playtime":490,"items_purged":["Strike_R"],"score":162,"play_id":"9ebf4107-3e9f-49c1-b585-247f3031de3c","local_time":"20210127044954","is_ascension_mode":false,"campfire_choices":[{"data":"Inflame","floor":6,"key":"SMITH"},{"data":"Heavy Blade","floor":12,"key":"SMITH"},{"data":"True Grit","floor":15,"key":"SMITH"}],"circlet_count":0,"master_deck":["Strike_R","Strike_R","Defend_R","Defend_R+1","Defend_R+1","Defend_R","Bash","Deep Breath","Headbutt","Headbutt","Ghostly Armor","Inflame+1","Heavy Blade+1","True Grit+1","Feed","True Grit+1"],"relics":["Burning Blood"],"acts_visited":["Exordium","TheCity"],"potions_floor_usage":[16,16],"damage_taken":[{"damage":9,"enemies":"Jaw Worm","floor":1,"turns":5},{"damage":5,"enemies":"Small Slimes","floor":2,"turns":3},{"damage":0,"enemies":"2 Louse","floor":4,"turns":3},{"damage":7,"enemies":"Blue Slaver","floor":13,"turns":3},{"damage":0,"enemies":"Large Slime","floor":14,"turns":4},{"damage":54,"enemies":"Slime Boss","floor":16,"turns":8},{"damage":19,"enemies":"Shell Parasite","floor":18,"turns":10},{"damage":74,"enemies":"Masked Bandits","floor":20,"turns":6}],"seed_played":"-436709024728723898","potions_obtained":[{"floor":2,"key":"Swift Potion"},{"floor":13,"key":"ElixirPotion"}],"is_trial":false,"path_per_floor":["M","M","?","M","$","R","?","$","T","?","$","R","M","M","R","B",null,"M","?","?"],"character_chosen":"IRONCLAD","items_purchased":["Inflame","Heavy Blade","PowerPotion"],"campfire_rested":0,"item_purchase_floors":[5,5,8],"current_hp_per_floor":[77,78,62,68,68,68,61,61,61,61,61,61,60,66,66,18,80,70,70,0,0],"gold":84,"neow_bonus":"RANDOM_COLORLESS","is_daily":false,"chose_seed":false,"campfire_upgraded":3,"win_rate":0.0,"timestamp":1611694194,"path_taken":["M","M","?","M","$","R","?","$","T","?","?","R","M","M","R","BOSS","M","?","?"],"items_purchased_type":["Card","Card","Potion"],"build_version":"2020-12-22","purchased_purges":1,"victory":false,"max_hp_per_floor":[80,80,80,80,80,80,80,80,80,80,80,80,80,80,80,80,80,83,83,86,86],"card_choices":[{"not_picked":["Panacea","Jack Of All Trades"],"picked":"Deep Breath","floor":0},{"not_picked":["Rampage","Clothesline"],"picked":"Headbutt","floor":1},{"not_picked":["Clothesline","Power Through"],"picked":"Headbutt","floor":2},{"not_picked":["Feel No Pain","Twin Strike"],"picked":"Ghostly Armor","floor":4},{"not_picked":["Shockwave","Infernal Blade"],"picked":"True Grit","floor":13},{"not_picked":["Sever Soul","Second Wind","Clash"],"picked":"SKIP","floor":14},{"not_picked":["Fiend Fire","Offering"],"picked":"Feed","floor":16},{"not_picked":["Headbutt","Anger"],"picked":"True Grit+1","floor":18}],"player_experience":336197,"relics_obtained":[],"event_choices":[{"damage_healed":0,"gold_gain":0,"player_choice":"Entered Light","damage_taken":16,"max_hp_gain":0,"max_hp_loss":0,"event_name":"Shining Light","floor":3,"gold_loss":0,"cards_upgraded":["Defend_R","Defend_R"]},{"cards_removed":["Strike_R"],"damage_healed":0,"gold_gain":0,"player_choice":"Card Removal","damage_taken":7,"max_hp_gain":0,"max_hp_loss":0,"event_name":"Golden Wing","floor":7,"gold_loss":0},{"damage_healed":0,"gold_gain":0,"player_choice":"Fled","damage_taken":0,"max_hp_gain":0,"max_hp_loss":0,"event_name":"Scrap Ooze","floor":10,"gold_loss":0},{"cards_removed":["Strike_R"],"damage_healed":0,"gold_gain":0,"player_choice":"Gave Gold","damage_taken":0,"max_hp_gain":0,"max_hp_loss":0,"event_name":"Beggar","floor":19,"gold_loss":75},{"damage_healed":0,"gold_gain":0,"player_choice":"Fought Bandits","damage_taken":0,"max_hp_gain":0,"max_hp_loss":0,"event_name":"Masked Bandits","floor":20,"gold_loss":0}],"is_beta":false,"boss_relics":[{"not_picked":[]}],"items_purged_floors":[11],"is_endless":false,"potions_floor_spawned":[2,4,13],"killed_by":"Masked Bandits","ascension_level":0}}