{"host":"ow66nzv2xecjoor3","time":1611643802,"event":{"mods":["BaseMod","Bestiary","Block Reminder","Colored Powertips","Curses Come First","Downfall","Highlight Path","Keyboard Shortcuts","Minty Spire (QoL Compilation)","Permanent Neow","Relic Stats","StSLib","UnlockEverythingMod"],"gold_per_floor":[99,119,132,582,639,658,708,731,731,759,759,759,759],"floor_reached":11,"language":"ENG","playtime":486,"items_purged":[],"score":70,"play_id":"d73be4c0-1ea6-48dc-b781-7a6b86e085b4","local_time":"20210126005002","is_ascension_mode":true,"campfire_choices":[],"circlet_count":0,"master_deck":["sneckomod:Strike","sneckomod:Strike","sneckomod:Defend","sneckomod:Defend","sneckomod:Defend","sneckomod:TailWhip","sneckomod:SnekBite","sneckomod:Unknown","sneckomod:Unknown","Madness","sneckomod:UnknownClassGREEN","downfall:Icky","downfall:Icky","downfall:Icky","sneckomod:MorePower","sneckomod:UnknownWeak+1","sneckomod:UnknownX","champ:EnchantShield","sneckomod:UnknownExhaust+1","sneckomod:TrashToTreasure"],"relics":["sneckomod:SneckoSoul","Incense Burner","Bag of Preparation","Ancient Tea Set","Odd Mushroom"],"acts_visited":["Exordium"],"potions_floor_usage":[],"damage_taken":[{"damage":2,"enemies":"Jaw Worm","floor":2,"turns":3},{"damage":0,"enemies":"2 Louse","floor":3,"turns":3},{"damage":50,"enemies":"3 Sentries","floor":5,"turns":10},{"damage":10,"enemies":"Small Slimes","floor":6,"turns":4},{"damage":11,"enemies":"The Mushroom Lair","floor":10,"turns":6},{"damage":28,"enemies":"Gremlin Nob","floor":11,"turns":3}],"seed_played":"4416722170202764807","potions_obtained":[{"floor":6,"key":"BlessingOfTheForge"},{"floor":10,"key":"Dexterity Potion"}],"is_trial":false,"path_per_floor":["R","M","M","?","?","M","T","T","R","?","E"],"character_chosen":"THE_SNECKO","items_purchased":[],"campfire_rested":0,"item_purchase_floors":[],"current_hp_per_floor":[90,88,88,88,38,28,28,28,28,17,0,0,0],"gold":759,"neow_bonus":"TRANSFORM_CARD","is_daily":false,"chose_seed":false,"campfire_upgraded":0,"win_rate":0.0,"timestamp":1611643802,"path_taken":["R","M","M","?","?","M","T","?","R","?","E"],"items_purchased_type":[],"build_version":"2020-12-22","purchased_purges":0,"victory":false,"max_hp_per_floor":[90,90,90,90,90,90,90,90,90,90,90,90,90],"relic_stats":{"counters":[6,29],"Bag of Preparation":[4],"obtain_stats":[{"Incense Burner":5,"Bag of Preparation":7,"Odd Mushroom":10,"sneckomod:SneckoSoul":0,"Ancient Tea Set":8},{"Incense Burner":3,"Bag of Preparation":4,"Odd Mushroom":5,"sneckomod:SneckoSoul":0,"Ancient Tea Set":4},{"Incense Burner":16,"Bag of Preparation":20,"Odd Mushroom":26,"sneckomod:SneckoSoul":0,"Ancient Tea Set":20}]},"card_choices":[{"not_picked":["sneckomod:UnknownClassTHE_BRONZE_AUTOMATON","sneckomod:DiceBoulder"],"picked":"sneckomod:UnknownClassTHE_CHAMP_GRAY","floor":2},{"not_picked":["sneckomod:DiceCrush","sneckomod:RainOfDice"],"picked":"sneckomod:UnknownClassGREEN","floor":3},{"not_picked":["sneckomod:UnknownClassSLIMEBOUND","sneckomod:UnknownClassTHE_BRONZE_AUTOMATON"],"picked":"sneckomod:MorePower","floor":5},{"not_picked":["sneckomod:UnknownClassBLUE+1","sneckomod:Unknown1Cost+1"],"picked":"sneckomod:UnknownWeak+1","floor":6},{"not_picked":["sneckomod:SoulDraw","sneckomod:IronFang"],"picked":"sneckomod:UnknownX","floor":6},{"not_picked":["sneckomod:UnknownClassGUARDIAN+1","sneckomod:UnknownStrike+1"],"picked":"sneckomod:UnknownExhaust+1","floor":10},{"not_picked":["sneckomod:WideSting","sneckomod:UnknownClassGREEN"],"picked":"sneckomod:TrashToTreasure","floor":10}],"player_experience":2833359,"relics_obtained":[{"floor":5,"key":"Incense Burner"},{"floor":7,"key":"Bag of Preparation"},{"floor":8,"key":"Ancient Tea Set"},{"floor":10,"key":"Odd Mushroom"}],"event_choices":[{"damage_healed":0,"gold_gain":0,"player_choice":"Fought Mushrooms","damage_taken":0,"max_hp_gain":0,"max_hp_loss":0,"event_name":"Mushrooms","floor":10,"gold_loss":0}],"is_beta":false,"boss_relics":[],"items_purged_floors":[],"is_endless":false,"potions_floor_spawned":[6,10],"killed_by":"Gremlin Nob","ascension_level":3}}