{"host":"7tqog9fnhs0gxmti","time":1611657535,"event":{"mods":["AchievementEnabler","Act Like it!","Astrologer","BaseMod","Beaked The Cultist","CapriCore","Colored Map","Colored Powertips","Hermit","Highlight Path","Marisa????????","Minty Spire (QoL Compilation)","Quick Restart","Random Character Button","Rare Cards Sparkle","Robot Space Explorer","Somnambulant","StSLib","The Bug Knight","The Construct","The Cursed","The Disciple","The Gatherer","The Hayseed","The Marked","Wandering Minibosses","everything is the same but u backflip on backflip"],"gold_per_floor":[118,193,43,43,61,97,25,25,25,25,25,46,46,64,64,184,184,204,303,316,316,194,194,194],"floor_reached":23,"language":"ENG","playtime":1094,"items_purged":["HollowMod:NailStrikeStart"],"score":187,"play_id":"c3b014b6-50a1-4d0d-be0e-636351df06b5","local_time":"20210126183855","is_ascension_mode":false,"campfire_choices":[{"data":"HollowMod:DungDefenderAura","floor":8,"key":"SMITH"},{"floor":11,"key":"REST"},{"floor":15,"key":"REST"}],"circlet_count":0,"master_deck":["HollowMod:NailStrikeStart","HollowMod:NailStrikeStart","HollowMod:NailStrikeStart","HollowMod:QuickDashStart","HollowMod:QuickDashStart","HollowMod:QuickDashStart","HollowMod:QuickDashStart","HollowMod:FocusHealStart","HollowMod:PogoStrike","HollowMod:ChannelNail+1","HollowMod:GrimmsGift","HollowMod:SoulEater+1","HollowMod:Weaversong","HollowMod:DungDefenderAura+1","HollowMod:CloakDash","HollowMod:SoulStrike","HollowMod:SoulSplash","HollowMod:MothsMistake","HollowMod:InfectedAttack+1"],"relics":["HollowMod:VesselMask","HollowMod:StagPassRelic","Golden Idol","Bag of Marbles","Bag of Preparation","construct:WeddingRing"],"acts_visited":["Exordium","TheCity"],"potions_floor_usage":[6,16],"damage_taken":[{"damage":0,"enemies":"Cultist","floor":1,"turns":3},{"damage":13,"enemies":"2 Louse","floor":5,"turns":2},{"damage":51,"enemies":"3 Sentries","floor":6,"turns":19},{"damage":3,"enemies":"Small Slimes","floor":12,"turns":5},{"damage":0,"enemies":"Exordium Wildlife","floor":14,"turns":5},{"damage":37,"enemies":"The Guardian","floor":16,"turns":12},{"damage":22,"enemies":"Shell Parasite","floor":18,"turns":10},{"damage":26,"enemies":"Chosen","floor":20,"turns":7},{"damage":53,"enemies":"Gremlin Leader","floor":23,"turns":4}],"seed_played":"5382126190203861256","potions_obtained":[{"floor":5,"key":"Block Potion"},{"floor":14,"key":"BlessingOfTheForge"}],"is_trial":false,"path_per_floor":["M","?","?","?","M","E","$","R","T","?","R","M","?","M","R","B",null,"M","?","M","?","$","E"],"character_chosen":"THE_BUGKNIGHT","items_purchased":["HollowMod:DungDefenderAura","HollowMod:InfectedAttack"],"campfire_rested":2,"item_purchase_floors":[7,22],"current_hp_per_floor":[75,64,64,64,57,18,18,18,18,11,33,30,15,21,43,18,75,63,63,47,47,47,0,0],"gold":194,"neow_bonus":"THREE_CARDS","is_daily":false,"chose_seed":false,"campfire_upgraded":1,"win_rate":0.0,"timestamp":1611657535,"path_taken":["M","?","?","?","?","E","?","R","T","?","R","M","?","M","R","BOSS","M","?","M","?","$","E"],"items_purchased_type":["Card","Card"],"build_version":"2020-12-22","purchased_purges":1,"victory":false,"max_hp_per_floor":[75,75,75,75,75,75,75,75,75,75,75,75,75,75,75,75,75,75,75,75,75,75,75,75],"card_choices":[{"not_picked":["HollowMod:ShadowDash","HollowMod:NewLittleFool"],"picked":"HollowMod:ChannelNail","floor":0},{"not_picked":["HollowMod:LifebloodCocoon","HollowMod:SiblingsSouls"],"picked":"HollowMod:GrimmsGift","floor":1},{"not_picked":["HollowMod:DashSlash","HollowMod:HowlingWraiths"],"picked":"HollowMod:SoulEater","floor":5},{"not_picked":["HollowMod:CornifersMapStart","HollowMod:SharpenedNail"],"picked":"HollowMod:Weaversong","floor":6},{"not_picked":["HollowMod:QuirrelsAssistance","HollowMod:NewGlowingWomb"],"picked":"HollowMod:CloakDash","floor":12},{"not_picked":["HollowMod:AbyssShriek","HollowMod:GrimmsGift"],"picked":"HollowMod:SoulStrike","floor":14},{"not_picked":["HollowMod:SoulVessel+1","HollowMod:DescendingDark","HollowMod:NewLittleFool"],"picked":"SKIP","floor":18},{"not_picked":["HollowMod:ShadowDash","HollowMod:QuirrelsAssistance"],"picked":"HollowMod:SoulSplash","floor":20}],"player_experience":862840,"relics_obtained":[{"floor":6,"key":"Bag of Marbles"},{"floor":9,"key":"Bag of Preparation"}],"event_choices":[{"damage_healed":0,"gold_gain":75,"player_choice":"Gather Gold","damage_taken":11,"max_hp_gain":0,"max_hp_loss":0,"event_name":"World of Goop","floor":2,"gold_loss":0},{"damage_healed":0,"gold_gain":0,"player_choice":"Take Wound","damage_taken":0,"relics_obtained":["Golden Idol"],"max_hp_gain":0,"max_hp_loss":0,"event_name":"Golden Idol","floor":4,"gold_loss":0,"cards_obtained":["Injury"]},{"cards_removed":["Injury"],"damage_healed":0,"gold_gain":0,"player_choice":"Card Removal","damage_taken":7,"max_hp_gain":0,"max_hp_loss":0,"event_name":"Golden Wing","floor":10,"gold_loss":0},{"damage_healed":0,"gold_gain":0,"player_choice":"Entered Light","damage_taken":15,"max_hp_gain":0,"max_hp_loss":0,"event_name":"Shining Light","floor":13,"gold_loss":0,"cards_upgraded":["HollowMod:SoulEater","HollowMod:ChannelNail"]},{"damage_healed":0,"gold_gain":99,"player_choice":"Stole From Cult","damage_taken":0,"max_hp_gain":0,"max_hp_loss":0,"event_name":"Nest","floor":19,"gold_loss":0},{"damage_healed":0,"gold_gain":0,"player_choice":"Read","damage_taken":0,"max_hp_gain":0,"max_hp_loss":0,"event_name":"The Library","floor":21,"gold_loss":0,"cards_obtained":["HollowMod:MothsMistake"]}],"is_beta":false,"boss_relics":[{"not_picked":["SacredBark","Velvet Choker"],"picked":"construct:WeddingRing"}],"items_purged_floors":[22],"is_endless":false,"potions_floor_spawned":[5,14],"killed_by":"Gremlin Leader","ascension_level":0}}