{"host":"hcgx0xuxlgmwc1io","time":1611630154,"event":{"mods":["BaseMod","Downfall","Minty Spire (QoL Compilation)","StSLib","The Cursed"],"gold_per_floor":[99,114,125,125,125,25,25,25,58,58,93,108,108,108,120,216,216,216,230,140,140,140,153,153,169,201,213,213,213,213],"floor_reached":28,"language":"ENG","playtime":1433,"items_purged":[],"score":269,"play_id":"2eee42fc-bee3-4743-b38a-596ac97f697a","local_time":"20210126000234","is_ascension_mode":false,"campfire_choices":[{"floor":1,"key":"RECALL"},{"data":"hexamod:Rewind","floor":6,"key":"SMITH"},{"floor":13,"key":"REST"},{"data":"hexamod:HeatShield","floor":18,"key":"SMITH"}],"circlet_count":0,"master_deck":["hexamod:Strike","hexamod:Strike","hexamod:Strike","hexamod:Defend","hexamod:Defend","hexamod:Defend","hexamod:Defend","hexamod:Sear","hexamod:Float","hexamod:Rewind+1","hexamod:ShieldOfDarkness","hexamod:HeatShield+1","Discovery","hexamod:RainOfEmbers","hexamod:HauntingEcho","hexamod:SwordOfDarkness","hexamod:BacktrackSmack","hexamod:GhostOfSpireFuture+1","hexamod:ExtraCrispy+1","hexamod:HexaLevel+1","hexamod:Hexaguard+1","hexamod:GhostLash+1","hexamod:EmpoweredFlame+1","hexamod:EmpoweredFlame+1","hexamod:RadiantFlame+1","hexamod:SkipABeat+1","hexamod:FlamesFromBeyond","hexamod:EtherealExpedition+1","hexamod:ExtraCrispy+1"],"relics":["hexamod:SpiritBrand","Ancient Tea Set","Prayer Wheel","downfall:HeartBlessingRed","Question Card","Frozen Egg 2","FossilizedHelix","StoneCalendar","Empty Cage","Bottled Flame","downfall:RedIOU","Shuriken","Nloth\u0027s Gift"],"acts_visited":["Exordium","TheCity"],"potions_floor_usage":[26,26,26,28],"damage_taken":[{"damage":0,"enemies":"Jaw Worm","floor":2,"turns":4},{"damage":0,"enemies":"Small Slimes","floor":3,"turns":3},{"damage":28,"enemies":"Lagavulin","floor":9,"turns":8},{"damage":7,"enemies":"Gremlin Nob","floor":11,"turns":4},{"damage":0,"enemies":"2 Louse","floor":12,"turns":2},{"damage":0,"enemies":"Large Slime","floor":15,"turns":4},{"damage":16,"enemies":"DF_ARCHETYPE_STREAMLINE","floor":16,"turns":8},{"damage":0,"enemies":"Chosen","floor":19,"turns":4},{"damage":0,"enemies":"downfall:FleeingMerchant","floor":20,"turns":4},{"damage":5,"enemies":"Spheric Guardian","floor":23,"turns":5},{"damage":16,"enemies":"Centurion and Healer","floor":25,"turns":7},{"damage":0,"enemies":"Slavers","floor":26,"turns":3},{"damage":56,"enemies":"Gremlin Leader","floor":28,"turns":6}],"seed_played":"8640046230827642314","potions_obtained":[{"floor":9,"key":"Guardian:BlockOnCardUsePotion"},{"floor":11,"key":"Slimebound:ThreeZeroPotion"},{"floor":12,"key":"ColorlessPotion"},{"floor":16,"key":"DistilledChaos"},{"floor":26,"key":"DuplicationPotion"}],"is_trial":false,"path_per_floor":["R","M","M","?","?","R","T","?","E","?","E","M","R","T","M","B",null,"R","M","$","T","?","M","T","M","E","?","E"],"character_chosen":"THE_SPIRIT","items_purchased":["hexamod:EmpoweredFlame+1"],"campfire_rested":1,"item_purchase_floors":[20],"current_hp_per_floor":[70,70,70,67,67,67,67,67,39,39,32,32,53,53,53,37,70,70,70,70,70,70,65,65,49,49,49,0,0,0],"gold":213,"neow_bonus":"RANDOM_COMMON_RELIC","is_daily":false,"chose_seed":false,"campfire_upgraded":2,"win_rate":0.0,"timestamp":1611630154,"path_taken":["R","M","M","?","?","R","T","?","E","?","E","?","R","?","M","BOSS","R","M","$","?","?","M","T","M","E","?","E"],"items_purchased_type":["Card"],"build_version":"2020-12-22","purchased_purges":0,"victory":false,"max_hp_per_floor":[70,70,70,70,70,70,70,70,70,70,70,70,70,70,70,70,70,70,70,70,70,70,70,70,70,70,70,70,70,70],"card_choices":[{"not_picked":["hexamod:HauntingEcho","hexamod:ThermalTransfer"],"picked":"hexamod:Rewind","floor":2},{"not_picked":["hexamod:GhostShield","hexamod:SkipABeat"],"picked":"hexamod:ShieldOfDarkness","floor":3},{"not_picked":["hexamod:GhostShield","hexamod:GhostLash","hexamod:UnleashSpirits"],"picked":"hexamod:HeatShield","floor":9},{"not_picked":["hexamod:FastForward","hexamod:ParanormalForm+1","hexamod:ThermalTransfer"],"picked":"hexamod:HauntingEcho","floor":11},{"not_picked":["hexamod:FlamesFromBeyond","hexamod:NightmareGuise","hexamod:HeatMetal"],"picked":"hexamod:SwordOfDarkness","floor":12},{"not_picked":["hexamod:Firestarter","hexamod:AdvancingGuard","hexamod:RecurringNightmare"],"picked":"hexamod:BacktrackSmack","floor":12},{"not_picked":["hexamod:NightmareStrike","hexamod:ThermalTransfer","hexamod:FlamesFromBeyond"],"picked":"hexamod:GhostOfSpireFuture+1","floor":15},{"not_picked":["hexamod:NightmareStrike","hexamod:NightmareGuise","hexamod:Firestarter"],"picked":"hexamod:ExtraCrispy+1","floor":15},{"not_picked":["hexamod:GhostOfSpirePresent+1","hexamod:GiftsFromTheDead+1","hexamod:FifthSeal"],"picked":"hexamod:HexaLevel+1","floor":16},{"not_picked":["hexamod:NecessarySacrifice","hexamod:NightmareStrike","hexamod:Firestarter"],"picked":"hexamod:Hexaguard+1","floor":19},{"not_picked":["hexamod:EtherealExpedition","hexamod:ThermalTransfer","hexamod:Firestarter"],"picked":"hexamod:GhostLash+1","floor":19},{"not_picked":["hexamod:CatchUp","hexamod:ThermalTransfer+1","hexamod:SecondSeal"],"picked":"hexamod:EmpoweredFlame+1","floor":20},{"not_picked":["hexamod:GhostShield","hexamod:NightmareStrike","hexamod:SpectersWail+1"],"picked":"hexamod:RadiantFlame+1","floor":23},{"not_picked":["hexamod:FourthSeal","hexamod:Haunt+1","hexamod:RecurringNightmare+1"],"picked":"hexamod:SkipABeat+1","floor":23},{"not_picked":["hexamod:GhostShield","hexamod:SpectralAdrenaline","hexamod:HauntingEcho"],"picked":"hexamod:FlamesFromBeyond","floor":25},{"not_picked":["hexamod:SkipABeat","hexamod:RetreatToShadows+1","hexamod:SecondSeal"],"picked":"hexamod:EtherealExpedition+1","floor":25},{"not_picked":["hexamod:FlamesFromBeyond","hexamod:GhostLash","hexamod:EmpoweredFlame+1"],"picked":"hexamod:ExtraCrispy+1","floor":26}],"player_experience":25119,"relics_obtained":[{"floor":7,"key":"Question Card"},{"floor":9,"key":"Frozen Egg 2"},{"floor":11,"key":"FossilizedHelix"},{"floor":14,"key":"StoneCalendar"},{"floor":21,"key":"Bottled Flame"},{"floor":24,"key":"Shuriken"},{"floor":26,"key":"MawBank"}],"event_choices":[{"damage_healed":0,"gold_gain":0,"player_choice":"Success","damage_taken":3,"relics_obtained":["Ancient Tea Set"],"max_hp_gain":0,"max_hp_loss":0,"event_name":"Scrap Ooze","floor":4,"gold_loss":0},{"damage_healed":0,"gold_gain":0,"player_choice":"Box","damage_taken":0,"relics_obtained":["Prayer Wheel"],"max_hp_gain":0,"max_hp_loss":0,"event_name":"Big Fish","floor":5,"gold_loss":0,"cards_obtained":["Regret"]}],"is_beta":false,"boss_relics":[{"not_picked":["SlaversCollar","Calling Bell"],"picked":"Empty Cage"}],"items_purged_floors":[],"is_endless":false,"potions_floor_spawned":[9,11,12,16,23,25,26],"killed_by":"Gremlin Leader","ascension_level":0}}