{"host":"Mute","time":1611667749,"event":{"mods":["BaseMod","Colored Map","Downfall","Minty Spire (QoL Compilation)","StSLib"],"gold_per_floor":[99,112,132,148,160,65,92,109,143,153,153,63,63,78,88,188,188,188,97,197,297,157,175,228,286,346,357,357,391,403,433,445,445,445],"floor_reached":32,"language":"ENG","playtime":2227,"items_purged":["Slimebound:Defend_Slimebound","Slimebound:Strike_Slimebound"],"score":314,"play_id":"2ed2c540-b4c4-4564-bb89-17fe49e20e2f","local_time":"20210126082909","is_ascension_mode":false,"campfire_choices":[{"data":"Slimebound:Split","floor":1,"key":"SMITH"},{"data":"Slimebound:PressTheAttack","floor":13,"key":"SMITH"},{"data":"Slimebound:LeadByExample","floor":18,"key":"SMITH"},{"floor":28,"key":"REST"},{"data":"Slimebound:Overexert","floor":30,"key":"SMITH"}],"circlet_count":0,"master_deck":["Slimebound:Strike_Slimebound","Slimebound:Strike_Slimebound+1","Slimebound:Tackle+1","Slimebound:Defend_Slimebound","Slimebound:Defend_Slimebound","Slimebound:Defend_Slimebound","Slimebound:Split+1","Slimebound:CorrosiveSpit","Slimebound:GrowthPunch","Slimebound:SlimeSpikes","Slimebound:LeechEnergy","Slimebound:SplitAcid","Slimebound:Overexert+1","Slimebound:SpikyOuterGoop","Slimebound:SplitLeeching","Slimebound:Darklings","Slimebound:PressTheAttack+1","Slimebound:SplitLeeching","Slimebound:LeadByExample+1","Slimebound:Overexert","Slimebound:SplitBruiser","Slimebound:Overexert","Slimebound:GoopSpray","Slimebound:SplitAcid","Slimebound:Gluttony+1","Slimebound:SlimeTap","Slimebound:GoopSpray"],"relics":["Slimebound:AbsorbEndCombatUpgraded","Orichalcum","Whetstone","Slimebound:SlimedSkullRelic","Mercury Hourglass","downfall:CloakOfManyFaces","CultistMask","FaceOfCleric","NlothsMask","GremlinMask","SsserpentHead","Mango","MawBank"],"acts_visited":["Exordium","TheCity"],"potions_floor_usage":[25,29,32],"damage_taken":[{"damage":12,"enemies":"Small Slimes","floor":2,"turns":4},{"damage":4,"enemies":"Jaw Worm","floor":3,"turns":5},{"damage":0,"enemies":"Cultist","floor":4,"turns":4},{"damage":0,"enemies":"Blue Slaver","floor":5,"turns":5},{"damage":0,"enemies":"downfall:FleeingMerchant","floor":6,"turns":4},{"damage":1,"enemies":"3 Louse","floor":8,"turns":3},{"damage":8,"enemies":"3 Sentries","floor":9,"turns":5},{"damage":9,"enemies":"Exordium Thugs","floor":10,"turns":5},{"damage":8,"enemies":"downfall:FleeingMerchant","floor":12,"turns":4},{"damage":5,"enemies":"Large Slime","floor":14,"turns":5},{"damage":1,"enemies":"Exordium Wildlife","floor":15,"turns":5},{"damage":31,"enemies":"SI_SHIV_ARCHETYPE","floor":16,"turns":9},{"damage":14,"enemies":"downfall:FleeingMerchant","floor":19,"turns":4},{"damage":38,"enemies":"Colosseum Nobs","floor":20,"turns":5},{"damage":13,"enemies":"downfall:FaceTrader","floor":21,"turns":5},{"damage":20,"enemies":"downfall:FleeingMerchant","floor":22,"turns":4},{"damage":0,"enemies":"Spheric Guardian","floor":23,"turns":3},{"damage":9,"enemies":"downfall:FleeingMerchant","floor":25,"turns":4},{"damage":13,"enemies":"Shell Parasite","floor":26,"turns":3},{"damage":12,"enemies":"Snecko","floor":27,"turns":4},{"damage":35,"enemies":"Gremlin Leader","floor":29,"turns":5},{"damage":1,"enemies":"3 Cultists","floor":31,"turns":3},{"damage":10,"enemies":"Centurion and Healer","floor":32,"turns":1}],"seed_played":"1298271779652218878","potions_obtained":[{"floor":4,"key":"GamblersBrew"},{"floor":5,"key":"sneckomod:MuddlingPotion"},{"floor":9,"key":"ColorlessPotion"},{"floor":27,"key":"champ:CounterPotion"},{"floor":31,"key":"BlessingOfTheForge"}],"is_trial":false,"path_per_floor":["R","M","M","M","M","$","T","M","E","M","?","$","R","M","M","B",null,"R","$","?","?","$","M","T","$","M","M","R","E","R","M","M"],"character_chosen":"SLIMEBOUND","items_purchased":["Slimebound:SpikyOuterGoop","Slimebound:Overexert","Slimebound:SplitAcid","Mango"],"campfire_rested":1,"item_purchase_floors":[6,19,22,25],"current_hp_per_floor":[71,61,63,69,71,71,71,70,62,55,55,51,51,50,49,20,71,71,63,34,36,17,18,18,27,24,16,43,9,9,9,0,0,0],"gold":445,"neow_bonus":"TEN_PERCENT_HP_BONUS","is_daily":false,"chose_seed":false,"campfire_upgraded":4,"win_rate":0.0,"timestamp":1611667749,"path_taken":["R","M","M","M","M","$","T","M","E","M","?","$","R","M","M","BOSS","R","$","?","?","$","M","T","$","?","M","R","E","R","M","M"],"items_purchased_type":["Card","Card","Card","Relic"],"build_version":"2020-12-18","purchased_purges":2,"victory":false,"max_hp_per_floor":[71,71,71,71,71,71,71,71,71,71,71,71,71,71,71,71,71,71,71,71,71,72,73,73,88,89,90,90,91,91,92,92,92,92],"card_choices":[{"not_picked":["Slimebound:Prepare","Slimebound:Recollect"],"picked":"Slimebound:GrowthPunch","floor":2},{"not_picked":["Slimebound:FinishingTackle","Slimebound:ViciousTackle"],"picked":"Slimebound:SlimeSpikes","floor":3},{"not_picked":["Slimebound:SamplingLick","Slimebound:PressTheAttack"],"picked":"Slimebound:LeechEnergy","floor":4},{"not_picked":["Slimebound:RejuvenatingLick","Slimebound:GoopSpray"],"picked":"Slimebound:SplitAcid","floor":5},{"not_picked":["Slimebound:PressTheAttack","Slimebound:SplitSpecialist"],"picked":"Slimebound:Overexert","floor":6},{"not_picked":["Slimebound:LevelUp","Slimebound:HauntingLick"],"picked":"Slimebound:SplitLeeching","floor":8},{"not_picked":["Slimebound:PressTheAttack","Slimebound:AcidTongue"],"picked":"Slimebound:Darklings","floor":9},{"not_picked":["Slimebound:FormOfPuddle","Slimebound:GoopTackle"],"picked":"Slimebound:PressTheAttack","floor":10},{"not_picked":["Slimebound:RollThrough","Slimebound:LeechingTouch","Slimebound:ComboTackle"],"picked":"SKIP","floor":12},{"not_picked":["Slimebound:Recollect","Slimebound:SamplingLick"],"picked":"Slimebound:SplitLeeching","floor":14},{"not_picked":["Slimebound:GoopTackle","Slimebound:ForwardTackle"],"picked":"Slimebound:LeadByExample","floor":15},{"not_picked":["Slimebound:LeechLife","Slimebound:WasteNot"],"picked":"Slimebound:Overexert","floor":16},{"not_picked":["Slimebound:ViciousTackle+1","Slimebound:ComboTackle+1"],"picked":"Slimebound:SplitBruiser","floor":19},{"not_picked":["Slimebound:AcidTongue+1","Slimebound:Schlurp"],"picked":"Slimebound:GoopSpray","floor":20},{"not_picked":["Slimebound:ItLooksTasty+1","Slimebound:PrepareCrush","Slimebound:SamplingLick"],"picked":"SKIP","floor":22},{"not_picked":["Slimebound:GoopTackle+1","Slimebound:GoopSpray","Slimebound:PressTheAttack"],"picked":"SKIP","floor":23},{"not_picked":["Slimebound:LeadByExample","Slimebound:Replication"],"picked":"Slimebound:Gluttony+1","floor":25},{"not_picked":["Slimebound:RollThrough","Slimebound:GoopTackle"],"picked":"Slimebound:SlimeTap","floor":26},{"not_picked":["Slimebound:SplitBruiser","Slimebound:LeechingTouch","Slimebound:BestDefense"],"picked":"SKIP","floor":27},{"not_picked":["Slimebound:LevelUp","Slimebound:LeechingTouch"],"picked":"Slimebound:GoopSpray","floor":29},{"not_picked":["Slimebound:DuplicatedForm","Slimebound:LeechEnergy","Slimebound:LevelUp"],"picked":"SKIP","floor":31}],"player_experience":458235,"relics_obtained":[{"floor":7,"key":"Orichalcum"},{"floor":9,"key":"Whetstone"},{"floor":20,"key":"Slimebound:SlimedSkullRelic"},{"floor":20,"key":"Mercury Hourglass"},{"floor":21,"key":"downfall:CloakOfManyFaces"},{"floor":29,"key":"MawBank"}],"event_choices":[],"is_beta":true,"boss_relics":[{"not_picked":["bronze:MakeshiftBattery","Fusion Hammer"],"picked":"Slimebound:AbsorbEndCombatUpgraded"}],"items_purged_floors":[12,22],"is_endless":false,"potions_floor_spawned":[4,5,9,10,14,20,21,27,31],"killed_by":"Centurion and Healer","ascension_level":0}}