{"host":"lh7nevhqohhhg5q0","time":1611632030,"event":{"mods":["Act Like it!","BaseMod","Better Altar","Better Match","Better Note","Better Sensory Stone","Better Skull","Better Third Choice","BetterRewards","Colored Powertips","Googly Eyes","Hermit","Infinite Spire","Marisa????????","Minty Spire (QoL Compilation)","Permanent Neow","Remilia??????","Replay The Spire","Shop Mod","StSLib","Td1madao Mod","The Cursed","The Servant 0.9.4"],"gold_per_floor":[111,111,128,128,56,81,81,139,139,139,151,182,182,27,27,132,132,149,149,163,176,176,176,188,221,272,292,292,308,328,328,328,432,432,446,457,457,457,476,68,68,68,68,88,113,113,113,131,131,131],"floor_reached":51,"language":"ENG","playtime":5864,"items_purged":["Strike_C","Pain"],"score":755,"play_id":"c316f374-b3e9-47a3-bae0-834c563b27b2","local_time":"20210125223350","is_ascension_mode":false,"campfire_choices":[{"floor":7.0,"key":"REST"},{"floor":10.0,"key":"REST"},{"floor":15.0,"key":"DIG"},{"data":"Fire Up","floor":23.0,"key":"SMITH"},{"floor":28.0,"key":"REST"},{"floor":32.0,"key":"REST"},{"floor":41,"key":"REST"},{"floor":49,"key":"REST"}],"circlet_count":0,"master_deck":["Strike_C","Strike_C","Strike_C","Defend_C","Defend_C","Defend_C","Defend_C","Knight Kick","Chip","Cooling Song+1","Fire Up+1","Twin Teeth","Break Into","De Ware Chip","Preparedness","Oblique Hack","Fire Blade","Format All Data","Preloading","Cooling Song","Pot Of Greed","Pot Of Greed","Overclocking","Lunge","Cooling Song+1","Cursed Blade","Floating Swing Kick","Preparedness","Provocative+1","Bursts","Doubt","Writhe","Cooling Song+1","Machining","Load Balancing","Transfer Energy","Pot Of Greed","Wraith","Weapon Shift+1","Lore"],"relics":["Apod","ReplayTheSpireMod:Lightbulb","Dream Catcher","MealTicket","infinitespire:PuzzleCube","Mummified Hand","Replay:Bottled Flurry","Grinning Jar","Anchor","Busted Crown","Counterbalance","Potion Belt","Strange Spoon","Replay:Ancient Bell","ReplayTheSpireMod:TigerMarble","Shuriken","Thread and Needle","Replay:Accelerometer","Frozen Egg 2","Replay:Rubber Ducky"],"acts_visited":["Exordium","TheCity","TheBeyond"],"potions_floor_usage":[45,48],"damage_taken":[{"damage":0.0,"enemies":"Small Slimes","floor":1.0,"turns":4.0},{"damage":1.0,"enemies":"Jaw Worm","floor":3.0,"turns":3.0},{"damage":9.0,"enemies":"Lagavulin","floor":6.0,"turns":6.0},{"damage":37.0,"enemies":"Lagavulin Event","floor":8.0,"turns":7.0},{"damage":0.0,"enemies":"2 Louse","floor":11.0,"turns":4.0},{"damage":11.0,"enemies":"3 Sentries","floor":12.0,"turns":7.0},{"damage":5.0,"enemies":"Hexaghost","floor":16.0,"turns":9.0},{"damage":0.0,"enemies":"Shell Parasite","floor":18.0,"turns":6.0},{"damage":0.0,"enemies":"2 Thieves","floor":20.0,"turns":4.0},{"damage":0.0,"enemies":"Chosen and Byrds","floor":21.0,"turns":6.0},{"damage":1.0,"enemies":"Centurion and Healer","floor":24.0,"turns":8.0},{"damage":48.0,"enemies":"Gremlin Leader","floor":25.0,"turns":6.0},{"damage":0.0,"enemies":"Snecko","floor":27.0,"turns":5.0},{"damage":10.0,"enemies":"3 Cultists","floor":29.0,"turns":6.0},{"damage":5.0,"enemies":"Centurion and Healer","floor":30.0,"turns":6.0},{"damage":0.0,"enemies":"Champ","floor":33.0,"turns":9.0},{"damage":21.0,"enemies":"3 Darklings","floor":35.0,"turns":8.0},{"damage":10.0,"enemies":"3 Shapes","floor":36.0,"turns":6.0},{"damage":10.0,"enemies":"3 Darklings","floor":39.0,"turns":9.0},{"damage":18,"enemies":"Writhing Mass","floor":44,"turns":5},{"damage":24,"enemies":"Nemesis","floor":45,"turns":7},{"damage":2,"enemies":"4 Shapes","floor":48,"turns":5},{"damage":13,"enemies":"Time Eater","floor":50,"turns":11}],"seed_played":"-7323285699212957683","potions_obtained":[{"floor":3.0,"key":"infinitespire:BlackPotion"},{"floor":6.0,"key":"FearPotion"},{"floor":11.0,"key":"Elixir"},{"floor":29.0,"key":"Elixir"},{"floor":30.0,"key":"EssenceOfSteel"},{"floor":45,"key":"SteroidPotion"}],"is_trial":false,"path_per_floor":["M","?","M","?","$","E","R","?","T","R","M","E","T","$","R","B",null,"M","?","M","M","?","R","M","E","T","M","R","M","M","AVR","R","B",null,"M","M","?","?","M","$","R","AVR","T","M","E","?","?","M","R","B",null],"character_chosen":"TD1MADAO_CLASS","items_purchased":["Cooling Song+1","Fire Up","De Ware Chip","Grinning Jar","Replay:Accelerometer","Load Balancing"],"campfire_rested":6,"item_purchase_floors":[0,0,5,14,40,40],"current_hp_per_floor":[56,56,55,55,55,46,67,30,30,51,51,40,40,55,55,50,70,70,70,70,70,70,70,69,21,21,21,42,32,27,27,48,48,70,49,39,39,39,29,44,65,65,65,47,23,23,23,21,42,29],"gold":131,"neow_bonus":"","is_daily":false,"chose_seed":false,"campfire_upgraded":1,"win_rate":0.0,"timestamp":1611632030,"path_taken":["M","?","M","?","?","E","R","?","T","R","?","E","?","$","R","BOSS","M","?","M","M","?","R","M","E","T","?","R","M","?","AVR","R","BOSS","M","M","?","?","M","$","R","AVR","T","M","E","?","?","M","R","BOSS"],"items_purchased_type":["Card","Card","Card","Relic","Relic","Card"],"build_version":"2020-12-22","purchased_purges":2,"victory":true,"max_hp_per_floor":[70,70,70,70,70,70,70,70,70,70,70,70,70,70,70,70,70,70,70,70,70,70,70,70,70,70,70,70,70,70,70,70,70,70,70,70,70,70,70,70,70,70,70,70,70,70,70,70,70,70],"card_choices":[{"not_picked":["Lunge","Rupture"],"picked":"Twin Teeth","floor":1.0},{"not_picked":["Light Attack","Rupture"],"picked":"Break Into","floor":3.0},{"not_picked":["Light Attack","Resistance"],"picked":"Preparedness","floor":6.0},{"not_picked":["Defend System","Rupture"],"picked":"Oblique Hack","floor":7.0},{"not_picked":["Reinforcement Parts","Afterwards"],"picked":"Fire Blade","floor":8.0},{"not_picked":["Light Attack","E MP"],"picked":"Format All Data","floor":10.0},{"not_picked":["Revenge","Lunge"],"picked":"Preloading","floor":11.0},{"not_picked":["Black Hand","Rupture"],"picked":"Cooling Song","floor":12.0},{"not_picked":["Backup","Im Angry"],"picked":"Overclocking","floor":16.0},{"not_picked":[],"picked":"Lunge","floor":18.0},{"not_picked":[],"picked":"Cursed Blade","floor":20.0},{"not_picked":[],"picked":"Floating Swing Kick","floor":21.0},{"not_picked":[],"picked":"Preparedness","floor":24.0},{"not_picked":["E MP+1"],"picked":"SKIP","floor":25.0},{"not_picked":["Resistance+1"],"picked":"SKIP","floor":27.0},{"not_picked":[],"picked":"Provocative+1","floor":28.0},{"not_picked":[],"picked":"Bursts","floor":29.0},{"not_picked":["Resistance"],"picked":"SKIP","floor":30.0},{"not_picked":[],"picked":"Doubt","floor":34.0},{"not_picked":[],"picked":"Writhe","floor":34.0},{"not_picked":[],"picked":"Pain","floor":34.0},{"not_picked":["Preparedness+1"],"picked":"SKIP","floor":35.0},{"not_picked":[],"picked":"Cooling Song+1","floor":36.0},{"not_picked":[],"picked":"Machining","floor":39.0},{"not_picked":[],"picked":"Transfer Energy","floor":41},{"not_picked":["Black Execution+1"],"picked":"SKIP","floor":44},{"not_picked":["Three Hit"],"picked":"SKIP","floor":45},{"not_picked":[],"picked":"Weapon Shift+1","floor":48},{"not_picked":[],"picked":"Lore","floor":49}],"player_experience":64840,"relics_obtained":[{"floor":2.0,"key":"ReplayTheSpireMod:Lightbulb"},{"floor":6.0,"key":"Dream Catcher"},{"floor":8.0,"key":"MealTicket"},{"floor":9.0,"key":"infinitespire:PuzzleCube"},{"floor":12.0,"key":"Mummified Hand"},{"floor":13.0,"key":"Replay:Bottled Flurry"},{"floor":15.0,"key":"Anchor"},{"floor":25.0,"key":"Counterbalance"},{"floor":26.0,"key":"Potion Belt"},{"floor":43,"key":"Frozen Egg 2"},{"floor":45,"key":"Replay:Rubber Ducky"}],"event_choices":[{"damage_healed":0.0,"max_hp_gain":0.0,"max_hp_loss":0.0,"gold_gain":0.0,"event_name":"Dead Adventurer","player_choice":"Searched \u00271\u0027 times","floor":8.0,"gold_loss":0.0,"damage_taken":0.0},{"damage_healed":0.0,"max_hp_gain":0.0,"max_hp_loss":0.0,"gold_gain":0.0,"event_name":"Duplicator","player_choice":"Copied","floor":19.0,"gold_loss":0.0,"damage_taken":0.0,"cards_obtained":["Cooling Song"]},{"damage_healed":0.0,"max_hp_gain":0.0,"max_hp_loss":0.0,"gold_gain":0.0,"event_name":"betterNote:BetterNote","player_choice":"Ignored","floor":22.0,"gold_loss":0.0,"damage_taken":0.0,"cards_obtained":["Shrug It Off"]},{"damage_healed":0,"gold_gain":0,"player_choice":"Ignored","damage_taken":0,"max_hp_gain":0,"max_hp_loss":0,"event_name":"Mysterious Sphere","floor":46,"gold_loss":0},{"damage_healed":0,"gold_gain":0,"player_choice":"Ignored","damage_taken":0,"max_hp_gain":0,"max_hp_loss":0,"event_name":"OrinTheCat","floor":47,"gold_loss":0}],"is_beta":false,"boss_relics":[{"not_picked":["Abe\u0027s Treasure","Fusion Hammer"],"picked":"Busted Crown"},{"not_picked":["Runic Pyramid","Foreshadowing"],"picked":"Replay:Ancient Bell"},{"not_picked":["Juzu Bracelet","ReplayFunnel"],"picked":"ReplayTheSpireMod:TigerMarble"},{"not_picked":["infinitespire:Bottled Soul","Replay:WaspNest"],"picked":"Shuriken"},{"not_picked":["Replay:Multitool","CaptainsWheel"],"picked":"Thread and Needle"}],"items_purged_floors":[31,40],"is_endless":false,"potions_floor_spawned":[3,6,11,20,25,29,30,39,45],"ascension_level":0}}