{"host":"pgm1p3lvdjflie30","time":1611636468,"event":{"mods":["100% Spire Juice","AchievementEnabler","Act Like it!","Bard","BaseMod","Block Reminder","Colored Map","Colored Powertips","Conspire","Downfall","Energized Spire","Gremlin Mod","GungeonMod","Hermit","HornydragonMod","Minty Spire (QoL Compilation)","Nova Terra(?娃·泰拉)","Quarter Circle Forward PUNCH!","Reimu（博???）","Robot Space Explorer","SOS（斯巴?之子）","StSLib","The Bug Knight","The Dragon Tamer","The Gatherer","The Hierophant","The IronCluck","The Mystic","The Runesmith","The Saiyan","The Senshi","The Servant 0.9.4","TheHeartMod","Waifu the Spire","【功能Mod】混沌之?修复?丁","【?物卡牌】REMEMod"],"gold_per_floor":[90,90,101,117,133,133,133],"floor_reached":6,"language":"ZHS","playtime":1482,"items_purged":[],"score":38,"play_id":"eab00260-3e95-4534-97e4-a9f6b11e7bcb","local_time":"20210126124748","is_ascension_mode":false,"campfire_choices":[],"circlet_count":0,"master_deck":["Saiyan:SAIYA_Strike","Saiyan:SAIYA_Strike","Saiyan:SAIYA_Defend","Saiyan:SAIYA_Defend","Saiyan:SAIYA_Defend","Saiyan:SAIYA_Defend","Saiyan:EnergyBlast","Saiyan:KaioKen","Saiyan:RuthlessBlow","bronze:Virus","Saiyan:Rekindle","Saiyan:PressOn","Saiyan:Makankosappo","Saiyan:BigBangAttack","Saiyan:Rekindle"],"relics":["SaiyanSoul","SaiyanHeart","REME_ComplimentaryCards"],"acts_visited":["Exordium"],"potions_floor_usage":[],"damage_taken":[{"damage":15,"enemies":"Small Slimes","floor":1,"turns":2},{"damage":6,"enemies":"2 Louse","floor":3,"turns":3},{"damage":2,"enemies":"Cultist","floor":4,"turns":3},{"damage":14,"enemies":"Looter","floor":5,"turns":2},{"damage":41,"enemies":"Gremlin Nob","floor":6,"turns":3}],"seed_played":"-2750176296952612422","potions_obtained":[],"is_trial":false,"path_per_floor":["M","?","M","M","M","E"],"character_chosen":"SAIYAJIN","items_purchased":[],"campfire_rested":0,"item_purchase_floors":[],"current_hp_per_floor":[46,39,34,33,20,0,0],"gold":133,"neow_bonus":"TRANSFORM_CARD","is_daily":false,"chose_seed":false,"campfire_upgraded":0,"win_rate":0.0,"timestamp":1611636468,"path_taken":["M","?","M","M","M","E"],"items_purchased_type":[],"build_version":"2020-12-22","purchased_purges":0,"victory":false,"max_hp_per_floor":[61,61,62,63,64,64,64],"card_choices":[{"not_picked":["Saiyan:Quickening","Saiyan:PowerUp"],"picked":"Saiyan:PressOn","floor":1},{"not_picked":["Saiyan:PlotArmor","Saiyan:ExtremeSpeed"],"picked":"Saiyan:Makankosappo","floor":3},{"not_picked":["Saiyan:RemoveWeights","Saiyan:FingerParry"],"picked":"Saiyan:BigBangAttack","floor":4},{"not_picked":["Saiyan:BurningSoul","Saiyan:KiExplosion"],"picked":"Saiyan:Rekindle","floor":5}],"player_experience":325335,"relics_obtained":[],"event_choices":[{"cards_removed":["Saiyan:SAIYA_Strike"],"damage_healed":0,"gold_gain":0,"player_choice":"Card Removal","damage_taken":7,"max_hp_gain":0,"max_hp_loss":0,"event_name":"Golden Wing","floor":2,"gold_loss":0}],"is_beta":false,"boss_relics":[],"items_purged_floors":[],"is_endless":false,"potions_floor_spawned":[],"killed_by":"Gremlin Nob","ascension_level":0}}