{"host":"x1d9cj1vze2ie4yu","time":1611668191,"event":{"mods":["Act Like it!","BaseMod","Better Third Choice","Better Vampires","Conspire","Minty Spire (QoL Compilation)","Pale of the Ancients","Permanent Neow","Prisma Mod","Replay The Spire","Spicy Shops","StSLib","[IsaacMod]以撒尖塔","【功能Mod】聪明的最终Boss"],"gold_per_floor":[19,119,130,149,166,193,193,193,193,193,221,232,203,215,215,320,320,333,345,345,357,71,104,104,119,119,45,64,96,115,133,133,228,228,239,259,277,277,327,327,327],"floor_reached":40,"language":"ZHS","playtime":1530,"items_purged":[],"score":622,"play_id":"b6f01fc3-908b-4c05-83d1-ca28db3b518a","local_time":"20210126213631","is_ascension_mode":true,"campfire_choices":[{"floor":7.0,"key":"REST"},{"data":"Bludgeon","floor":10.0,"key":"SMITH"},{"data":"EpicFetus","floor":15.0,"key":"SMITH"},{"data":"Double Tap","floor":24.0,"key":"SMITH"},{"data":"Metallicize","floor":32.0,"key":"SMITH"}],"circlet_count":0,"master_deck":["Strike_R","Strike_R","Strike_R","Strike_R","Defend_R","Defend_R","Defend_R","Defend_R","Bash","EpicFetus+1","Uppercut","Metallicize+1","Bludgeon+1","Inflame","Clash","Double Tap+1","Flame Barrier+1","ReplayTheSpireMod:Stacked","Offering","Pommel Strike+1","Parasite","Headbutt"],"relics":["Black Blood","HushsDoor","BFFS","TheBean","Ancient Tea Set","White Beast Statue","betterThird:SlimedRelic","Gremlin Food","Replay:Ringing Soul","HandDrill","Dream Catcher","Black Star","Black Star","CaptainsWheel"],"acts_visited":["Exordium","TheCity","TheBeyond"],"potions_floor_usage":[40,40],"damage_taken":[{"damage":13.0,"enemies":"Small Slimes","floor":1.0,"turns":4.0},{"damage":4.0,"enemies":"Cultist","floor":3.0,"turns":3.0},{"damage":12.0,"enemies":"2 Louse","floor":4.0,"turns":3.0},{"damage":18.0,"enemies":"Large Slime","floor":5.0,"turns":4.0},{"damage":46.0,"enemies":"Replay:BlueRogue","floor":6.0,"turns":5.0},{"damage":16.0,"enemies":"Gremlin Nob","floor":11.0,"turns":3.0},{"damage":6.0,"enemies":"3 Louse","floor":12.0,"turns":4.0},{"damage":11.0,"enemies":"Looter","floor":14.0,"turns":2.0},{"damage":11.0,"enemies":"Slime Boss","floor":16.0,"turns":6.0},{"damage":25.0,"enemies":"2 Thieves","floor":18.0,"turns":4.0},{"damage":5.0,"enemies":"Chosen","floor":19.0,"turns":3.0},{"damage":33.0,"enemies":"Centurion and Healer","floor":21.0,"turns":6.0},{"damage":42.0,"enemies":"conspire:SneckoGhost","floor":23.0,"turns":6.0},{"damage":2.0,"enemies":"Snecko","floor":25.0,"turns":4.0},{"damage":3.0,"enemies":"Snake Plant","floor":28.0,"turns":4.0},{"damage":37.0,"enemies":"Book of Stabbing","floor":29.0,"turns":4.0},{"damage":15.0,"enemies":"Sentry and Sphere","floor":30.0,"turns":5.0},{"damage":5.0,"enemies":"conspire:HollyBat","floor":31.0,"turns":7.0},{"damage":41.0,"enemies":"Collector","floor":33.0,"turns":8.0},{"damage":26.0,"enemies":"3 Shapes","floor":35.0,"turns":4.0},{"damage":26.0,"enemies":"Orb Walker","floor":36.0,"turns":5.0},{"damage":23.0,"enemies":"Writhing Mass","floor":37.0,"turns":6.0},{"damage":6.0,"enemies":"Mind Bloom Boss Battle","floor":39.0,"turns":4.0},{"damage":80,"enemies":"Reptomancer","floor":40,"turns":3}],"seed_played":"-1028190173454925965","potions_obtained":[{"floor":6.0,"key":"Dexterity Potion"},{"floor":11.0,"key":"Ancient Potion"},{"floor":12.0,"key":"Weak Potion"},{"floor":14.0,"key":"Languid Potion"},{"floor":16.0,"key":"Adrenaline Potion"},{"floor":18.0,"key":"EntropicBrew"},{"floor":19.0,"key":"Weak Potion"},{"floor":21.0,"key":"Explosive Potion"},{"floor":23.0,"key":"LiquidMemories"},{"floor":25.0,"key":"Energy Potion"},{"floor":28.0,"key":"Fire Potion"},{"floor":29.0,"key":"Dexterity Potion"},{"floor":30.0,"key":"ColorlessPotion"},{"floor":31.0,"key":"Milkshake"},{"floor":33.0,"key":"Swift Potion"},{"floor":35.0,"key":"FearPotion"},{"floor":36.0,"key":"BloodPotion"},{"floor":37.0,"key":"EssenceOfSteel"},{"floor":39.0,"key":"SteroidPotion"}],"is_trial":false,"path_per_floor":["M","?","M","M","M","E","R","?","T","R","E","M","?","M","R","B",null,"M","M","?","M","$","E","R","M","T","$","M","E","M","M","R","B",null,"M","M","M","?","?","E"],"character_chosen":"IRONCLAD","items_purchased":["Diplopia","HandDrill"],"campfire_rested":1,"item_purchase_floors":[22,27],"current_hp_per_floor":[81,81,83,77,65,25,53,46,46,46,36,36,25,20,20,15,76,63,70,96,75,75,45,45,55,55,55,64,42,39,46,46,20,82,71,78,70,70,79,0,0],"gold":327,"neow_bonus":"TWENTY_PERCENT_HP_BONUS","is_daily":false,"chose_seed":false,"campfire_upgraded":4,"win_rate":0.0,"timestamp":1611668191,"path_taken":["M","?","M","M","M","E","R","?","T","R","E","M","?","M","R","BOSS","M","M","?","M","$","E","R","M","T","?","?","E","M","M","R","BOSS","M","M","?","?","?","E"],"items_purchased_type":["Relic","Relic"],"build_version":"2020-12-22","purchased_purges":0,"victory":false,"max_hp_per_floor":[96,96,96,96,96,96,96,96,96,96,96,96,96,96,96,96,96,96,96,96,96,96,96,96,96,96,96,96,99,99,99,99,102,102,105,105,108,103,106,106,106],"card_choices":[{"not_picked":[],"picked":"EpicFetus","floor":0.0},{"not_picked":["Anger","Clothesline"],"picked":"Bomb","floor":1.0},{"not_picked":["Sever Soul","Sword Boomerang"],"picked":"Uppercut","floor":2.0},{"not_picked":["Iron Wave","ReplayTheSpireMod:Corrosion Curse"],"picked":"Metallicize","floor":3.0},{"not_picked":["Evolve","Twin Strike"],"picked":"Bludgeon","floor":4.0},{"not_picked":["True Grit","Clothesline"],"picked":"Inflame","floor":5.0},{"not_picked":["Run Through","Dual Wield","Thunderclap"],"picked":"SKIP","floor":6.0},{"not_picked":["Thunderclap","Cleave","Body Slam"],"picked":"SKIP","floor":11.0},{"not_picked":["Armaments","Body Slam","Burning Pact"],"picked":"SKIP","floor":12.0},{"not_picked":["Clothesline","Pommel Strike"],"picked":"Clash","floor":14.0},{"not_picked":["Fiend Fire","Eclipse"],"picked":"Double Tap","floor":16.0},{"not_picked":["Iron Wave","Carnage"],"picked":"Flame Barrier+1","floor":18.0},{"not_picked":["ReplayTheSpireMod:Strike From Hell","Uppercut","Heavy Blade"],"picked":"SKIP","floor":19.0},{"not_picked":["ReplayTheSpireMod:Strike From Hell+1","Warcry","Sever Soul+1"],"picked":"SKIP","floor":21.0},{"not_picked":["Havoc","Power Through","Clash+1"],"picked":"SKIP","floor":23.0},{"not_picked":["Thunderclap+1","Replay:Undeath\u0027s Touch+1","Havoc+1"],"picked":"SKIP","floor":25.0},{"not_picked":["Run Through","Headbutt","ReplayTheSpireMod:Limb From Limb"],"picked":"SKIP","floor":28.0},{"not_picked":["Searing Blow+1","Spot Weakness"],"picked":"ReplayTheSpireMod:Stacked","floor":29.0},{"not_picked":["Anger","Uppercut","Clothesline"],"picked":"SKIP","floor":30.0},{"not_picked":["Armaments","Havoc+1","ReplayTheSpireMod:Limb From Limb+1"],"picked":"SKIP","floor":31.0},{"not_picked":["Hemogenesis","Corruption"],"picked":"Offering","floor":33.0},{"not_picked":["Headbutt","Life Link+1"],"picked":"Pommel Strike+1","floor":35.0},{"not_picked":["Cleave","Warcry+1","Run Through"],"picked":"SKIP","floor":36.0},{"not_picked":["Sword Boomerang","Flame Barrier+1","Wild Strike"],"picked":"SKIP","floor":37.0},{"not_picked":["Spot Weakness","Warcry"],"picked":"Headbutt","floor":39.0}],"player_experience":68951,"relics_obtained":[{"floor":6.0,"key":"TheBean"},{"floor":9.0,"key":"Ancient Tea Set"},{"floor":11.0,"key":"White Beast Statue"},{"floor":23.0,"key":"Gremlin Food"},{"floor":26.0,"key":"Replay:Ringing Soul"},{"floor":29.0,"key":"Dream Catcher"},{"floor":39.0,"key":"CaptainsWheel"}],"event_choices":[{"cards_removed":["Strike_R"],"damage_healed":0.0,"max_hp_gain":0.0,"max_hp_loss":0.0,"gold_gain":0.0,"event_name":"Golden Wing","player_choice":"Card Removal","floor":8.0,"gold_loss":0.0,"damage_taken":7.0},{"damage_healed":0.0,"max_hp_gain":0.0,"max_hp_loss":0.0,"gold_gain":0.0,"event_name":"betterThird:BetterGoop","player_choice":"Slimed","floor":13.0,"gold_loss":29.0,"damage_taken":11.0},{"damage_healed":32.0,"max_hp_gain":0.0,"max_hp_loss":0.0,"gold_gain":0.0,"event_name":"The Library","player_choice":"Heal","floor":20.0,"gold_loss":0.0,"damage_taken":0.0},{"damage_healed":0.0,"max_hp_gain":0.0,"max_hp_loss":5.0,"gold_gain":0.0,"event_name":"Winding Halls","player_choice":"Max HP","floor":38.0,"gold_loss":0.0,"damage_taken":0.0},{"damage_healed":0.0,"max_hp_gain":0.0,"max_hp_loss":0.0,"gold_gain":0.0,"event_name":"MindBloom","player_choice":"Fight","floor":39.0,"gold_loss":0.0,"damage_taken":0.0}],"is_beta":false,"boss_relics":[{"not_picked":["Replay:Bronze Core","Painkiller Herb"],"picked":"Black Blood"},{"not_picked":[]},{"not_picked":["Tiny House","conspire:SeveredTorchhead"],"picked":"Black Star"},{"not_picked":[]}],"items_purged_floors":[],"is_endless":false,"potions_floor_spawned":[6,11,12,14,16,18,19,21,23,25,28,29,30,31,33,35,36,37,39],"killed_by":"Reptomancer","ascension_level":7}}