{"host":"jyuuog6ydc2s7nd8","time":1611661626,"event":{"mods":["BaseMod","Better Vampires","Minty Spire (QoL Compilation)","Shop Mod","StSLib","The Hierophant","The Servant 0.9.4","TheBandit","[IsaacMod]ÒÔÈö¼âËþ"],"gold_per_floor":[117,136,136,136,61,95,109,141,141,141,175,18,46,46,46,123,123,142,442,461,461,480,480,506,506,582,507,520,552,292,306,306,382,382,394,408,283,133,133,165,165,190,244,256,293,334,346,358,370,382,394,406,418,82,107,107],"floor_reached":57,"language":"ZHS","playtime":2139,"items_purged":["Strike_G","Defend_G","Strike_G","Defend_G","Strike_G","Defend_G","Strike_G"],"score":3535,"play_id":"d4f9df9f-0942-4dc9-8a18-633868f936da","local_time":"20210126194706","is_ascension_mode":true,"campfire_choices":[{"data":"Neutralize","floor":10.0,"key":"SMITH"},{"data":"Footwork","floor":15.0,"key":"SMITH"},{"data":"Acrobatics","floor":23.0,"key":"SMITH"},{"data":"Finisher","floor":25.0,"key":"SMITH"},{"data":"Quick Slash","floor":32.0,"key":"SMITH"},{"data":"Backflip","floor":41.0,"key":"SMITH"},{"data":"Dagger Throw","floor":44.0,"key":"SMITH"},{"floor":49.0,"key":"RECALL"},{"data":"Concentrate","floor":53.0,"key":"SMITH"}],"circlet_count":0,"master_deck":["AscendersBane","Survivor+1","Neutralize+1","Backflip+1","Dagger Throw+1","Finisher+1","Acrobatics+1","Footwork+1","Quick Slash+1","Calculated Gamble+1","CurseOfTheBell","Concentrate+1","Madness"],"relics":["Ring of the Snake","HushsDoor","DoctorsRemote","Akabeko","Pen Nib","Art of War","BookOfRevelations","Tingsha","Calling Bell","PreservedInsect","BookofShadows","WingedGreaves","GuppysCollar","GuppysHairball","Red Mask","Pear","HowToJump","TheAbacus","Philosopher\u0027s Stone","GuppysHead","BelialBook","War Paint","TheBible","MawBank","Ginger","Eternal Feather","Bag of Marbles","Leech"],"acts_visited":["Exordium","TheCity","TheBeyond","TheEnding"],"potions_floor_usage":[56,56],"damage_taken":[{"damage":0.0,"enemies":"Jaw Worm","floor":1.0,"turns":1.0},{"damage":4.0,"enemies":"Cultist","floor":2.0,"turns":5.0},{"damage":12.0,"enemies":"3 Sentries","floor":6.0,"turns":7.0},{"damage":0.0,"enemies":"Small Slimes","floor":7.0,"turns":3.0},{"damage":15.0,"enemies":"Lagavulin","floor":8.0,"turns":3.0},{"damage":27.0,"enemies":"3 Sentries","floor":11.0,"turns":14.0},{"damage":6.0,"enemies":"Lagavulin","floor":13.0,"turns":5.0},{"damage":0.0,"enemies":"The Guardian","floor":16.0,"turns":11.0},{"damage":0.0,"enemies":"Shell Parasite","floor":18.0,"turns":3.0},{"damage":0.0,"enemies":"2 Thieves","floor":20.0,"turns":2.0},{"damage":0.0,"enemies":"Snake Plant","floor":22.0,"turns":5.0},{"damage":0.0,"enemies":"Masked Bandits","floor":24.0,"turns":2.0},{"damage":9.0,"enemies":"Centurion and Healer","floor":28.0,"turns":6.0},{"damage":6.0,"enemies":"Slavers","floor":29.0,"turns":2.0},{"damage":4.0,"enemies":"3 Cultists","floor":31.0,"turns":3.0},{"damage":0.0,"enemies":"Champ","floor":33.0,"turns":11.0},{"damage":0.0,"enemies":"Orb Walker","floor":35.0,"turns":1.0},{"damage":0.0,"enemies":"3 Shapes","floor":36.0,"turns":2.0},{"damage":0.0,"enemies":"Nemesis","floor":40.0,"turns":1.0},{"damage":0.0,"enemies":"Giant Head","floor":42.0,"turns":2.0},{"damage":0.0,"enemies":"Mind Bloom Boss Battle","floor":45.0,"turns":3.0},{"damage":0.0,"enemies":"Nemesis","floor":46.0,"turns":1.0},{"damage":0.0,"enemies":"Awakened One","floor":50.0,"turns":3.0},{"damage":0.0,"enemies":"Donu and Deca","floor":51.0,"turns":3.0},{"damage":0,"enemies":"Shield and Spear","floor":55,"turns":3},{"damage":0,"enemies":"The Heart","floor":56,"turns":5}],"seed_played":"5149401963940184626","potions_obtained":[{"floor":6.0,"key":"BlessingOfTheForge"},{"floor":7.0,"key":"Ancient Potion"},{"floor":8.0,"key":"Swift Potion"},{"floor":16.0,"key":"Block Potion"},{"floor":20.0,"key":"Swift Potion"},{"floor":22.0,"key":"CultistPotion"},{"floor":24.0,"key":"Dexterity Potion"},{"floor":33.0,"key":"ColorlessPotion"},{"floor":39.0,"key":"Ancient Potion"}],"is_trial":false,"path_per_floor":["M","M","?","?","?","E","M","E","T","R","E","$","E","?","R","B",null,"M","?","M","?","M","R","?","R","T","$","M","E","$","M","R","B",null,"M","M","$","$","?","E","R","E","T","R","?","E","?","?","R","B","B",null,"R","$","E","B",null],"character_chosen":"THE_SILENT","items_purchased":["BookOfRevelations","GuppysCollar","GuppysHairball","TheAbacus","GuppysHead","BelialBook","Bag of Marbles"],"campfire_rested":0,"item_purchase_floors":[12,17,17,30,34,34,54],"current_hp_per_floor":[65,61,61,66,66,54,54,39,39,39,12,12,6,6,6,6,38,38,38,38,38,38,38,38,38,48,48,39,33,33,29,29,29,31,31,31,31,31,31,31,31,31,31,31,31,31,31,21,30,30,30,32,32,32,32,32],"gold":107,"neow_bonus":"TEN_PERCENT_HP_BONUS","is_daily":false,"chose_seed":false,"campfire_upgraded":8,"win_rate":0.0,"timestamp":1611661626,"path_taken":["M","M","?","?","?","E","M","E","T","R","E","$","E","?","R","BOSS","M","?","M","?","M","R","?","R","T","$","M","E","$","M","R","BOSS","M","M","$","$","?","E","R","E","T","R","?","E","?","?","R","BOSS","BOSS","R","$","E","BOSS"],"items_purchased_type":["Relic","Relic","Relic","Relic","Relic","Relic","Relic"],"build_version":"2020-12-22","purchased_purges":7,"victory":true,"max_hp_per_floor":[72,72,72,77,77,77,77,77,77,77,77,77,77,77,77,77,49,49,49,49,49,49,49,49,49,59,59,59,59,59,59,59,59,32,32,32,32,32,32,32,32,32,32,32,32,32,32,32,32,32,32,32,32,32,32,32],"card_choices":[{"not_picked":["Deadly Poison","Prepared"],"picked":"Backflip","floor":1.0},{"not_picked":["Bane","PiercingWail"],"picked":"Dagger Throw","floor":2.0},{"not_picked":["Dash","Catalyst"],"picked":"Finisher","floor":6.0},{"not_picked":["Tools of the Trade","Infinite Blades"],"picked":"Acrobatics","floor":7.0},{"not_picked":["Slice","Distraction"],"picked":"Footwork","floor":8.0},{"not_picked":["Deadly Poison","Flying Knee"],"picked":"Quick Slash","floor":11.0},{"not_picked":["Prepared","Leg Sweep"],"picked":"Calculated Gamble","floor":13.0},{"not_picked":["Crippling Poison","Backflip","Infinite Blades"],"picked":"SKIP","floor":18.0},{"not_picked":["Poisoned Stab","Quick Slash","Finisher"],"picked":"SKIP","floor":20.0},{"not_picked":["Flying Knee","Cloak And Dagger","Skewer"],"picked":"SKIP","floor":22.0},{"not_picked":["Slice","Deadly Poison","Poisoned Stab"],"picked":"SKIP","floor":28.0},{"not_picked":["Bane","Dodge and Roll","Glass Knife"],"picked":"SKIP","floor":29.0},{"not_picked":["Dagger Throw","Dodge and Roll","Dagger Spray"],"picked":"SKIP","floor":31.0},{"not_picked":["Cloak And Dagger","PiercingWail","Dagger Throw+1"],"picked":"SKIP","floor":35.0},{"not_picked":["Footwork","Dodge and Roll+1","Flying Knee"],"picked":"SKIP","floor":36.0},{"not_picked":["Poisoned Stab","Crippling Poison","Dagger Throw"],"picked":"SKIP","floor":40.0},{"not_picked":["Outmaneuver","Endless Agony","Blade Dance"],"picked":"SKIP","floor":42.0},{"not_picked":["PiercingWail","Choke+1"],"picked":"Concentrate","floor":46.0},{"not_picked":["Madness","BloodyBrimstone"],"picked":"Bomb","floor":48.0},{"not_picked":["Chrysalis","PanicButton"],"picked":"Madness","floor":48.0},{"not_picked":["Quick Slash+1","Dagger Throw+1","Accuracy"],"picked":"SKIP","floor":55}],"player_experience":1873657,"relics_obtained":[{"floor":6.0,"key":"Akabeko"},{"floor":8.0,"key":"Pen Nib"},{"floor":11.0,"key":"Art of War"},{"floor":13.0,"key":"Tingsha"},{"floor":17.0,"key":"PreservedInsect"},{"floor":17.0,"key":"BookofShadows"},{"floor":17.0,"key":"WingedGreaves"},{"floor":24.0,"key":"Red Mask"},{"floor":26.0,"key":"Pear"},{"floor":29.0,"key":"HowToJump"},{"floor":40.0,"key":"War Paint"},{"floor":42.0,"key":"TheBible"},{"floor":43.0,"key":"MawBank"},{"floor":45.0,"key":"Ginger"},{"floor":46.0,"key":"Eternal Feather"},{"floor":55,"key":"Leech"}],"event_choices":[{"cards_removed":["Strike_G"],"damage_healed":0.0,"max_hp_gain":0.0,"max_hp_loss":0.0,"gold_gain":0.0,"event_name":"Bonfire Elementals","player_choice":"Offered Basic","floor":3.0,"gold_loss":0.0,"damage_taken":0.0},{"damage_healed":0.0,"max_hp_gain":5.0,"max_hp_loss":0.0,"gold_gain":0.0,"event_name":"Big Fish","player_choice":"Donut","floor":4.0,"gold_loss":0.0,"damage_taken":0.0},{"cards_removed":["Defend_G"],"damage_healed":0.0,"max_hp_gain":0.0,"max_hp_loss":0.0,"gold_gain":0.0,"event_name":"The Cleric","player_choice":"Card Removal","floor":5.0,"gold_loss":75.0,"damage_taken":0.0},{"damage_healed":0.0,"max_hp_gain":0.0,"max_hp_loss":0.0,"gold_gain":0.0,"event_name":"Accursed Blacksmith","player_choice":"Forge","floor":14.0,"gold_loss":0.0,"damage_taken":0.0,"cards_upgraded":["Calculated Gamble"]},{"damage_healed":0.0,"max_hp_gain":0.0,"max_hp_loss":0.0,"gold_gain":0.0,"event_name":"The Mausoleum","player_choice":"Ignored","floor":21.0,"gold_loss":0.0,"damage_taken":0.0},{"damage_healed":0.0,"max_hp_gain":0.0,"max_hp_loss":0.0,"gold_gain":0.0,"event_name":"Masked Bandits","player_choice":"Fought Bandits","floor":24.0,"gold_loss":0.0,"damage_taken":0.0},{"damage_healed":0.0,"max_hp_gain":0.0,"max_hp_loss":0.0,"gold_gain":0.0,"event_name":"Lab","player_choice":"Got Potions","floor":39.0,"gold_loss":0.0,"damage_taken":0.0},{"damage_healed":0.0,"max_hp_gain":0.0,"max_hp_loss":0.0,"gold_gain":0.0,"event_name":"MindBloom","player_choice":"Fight","floor":45.0,"gold_loss":0.0,"damage_taken":0.0},{"cards_removed":["Defend_G"],"damage_healed":0.0,"max_hp_gain":0.0,"max_hp_loss":0.0,"gold_gain":0.0,"event_name":"Falling","player_choice":"Removed Skill","floor":47.0,"gold_loss":0.0,"damage_taken":0.0},{"damage_healed":0.0,"max_hp_gain":0.0,"max_hp_loss":0.0,"gold_gain":0.0,"event_name":"SensoryStone","player_choice":"Memory 3","floor":48.0,"gold_loss":0.0,"damage_taken":10.0}],"is_beta":false,"boss_relics":[{"not_picked":["Cursed Key","WristBlade"],"picked":"Calling Bell"},{"not_picked":[]},{"not_picked":["SlaversCollar","Snecko Eye"],"picked":"Philosopher\u0027s Stone"},{"not_picked":[]}],"items_purged_floors":[17,27,30,34,37,38,54],"is_endless":false,"potions_floor_spawned":[6,7,8,16,20,22,24,33,40,42],"ascension_level":20}}