{"host":"ebj6lkgm8suah319","time":1611633818,"event":{"mods":["2.2 Compatiblity","AchievementEnabler","BaseMod","Block Reminder","Colored Map","Colored Powertips","Minty Spire (QoL Compilation)","Quick Restart","Rare Cards Sparkle","Relic Stats","SuperFastMode"],"gold_per_floor":[110,110,126,126,138,138,138,165,215,248,259,259,286,320,320,419,419,434,434,19,36,46,71,71,106,106,124,124,124,124,124,124,226,226,236,36,36,54,74,104,104,130,130,130,144,144,0,0,0,0,0,0,0,27,27],"floor_reached":56,"language":"ENG","playtime":1720,"items_purged":["Strike_G","Strike_G"],"score":1435,"play_id":"3fe2cc28-04d8-4ece-9b02-67dc56540e71","local_time":"20210125230338","is_ascension_mode":true,"campfire_choices":[{"data":"Footwork","floor":6.0,"key":"SMITH"},{"data":"Noxious Fumes","floor":12.0,"key":"SMITH"},{"data":"Poisoned Stab","floor":15.0,"key":"SMITH"},{"floor":24.0,"key":"REST"},{"floor":30.0,"key":"REST"},{"floor":32.0,"key":"RECALL"},{"floor":41.0,"key":"REST"},{"floor":44.0,"key":"REST"},{"floor":46.0,"key":"REST"},{"floor":49.0,"key":"REST"},{"floor":52,"key":"REST"}],"circlet_count":0,"master_deck":["Strike_G","Strike_G","Strike_G","Defend_G","Defend_G","Defend_G","Defend_G","Defend_G","Survivor","Neutralize+1","Backstab","Poisoned Stab+1","Footwork+1","Noxious Fumes+1","After Image","Dagger Throw+1","Sucker Punch+1","Venomology","Acrobatics","Footwork+1","Catalyst","Noxious Fumes","Footwork","PiercingWail+1","Malaise","Corpse Explosion","Flying Knee+1","Wraith Form v2","Crippling Poison","Noxious Fumes","Apotheosis","Caltrops+1","Dodge and Roll","Skewer+1","Well Laid Plans+1","A Thousand Cuts+1"],"relics":["Ring of the Snake","NeowsBlessing","Snake Skull","Regal Pillow","Molten Egg 2","Odd Mushroom","Bronze Scales","Fusion Hammer","Membership Card","Calipers","FossilizedHelix","Gambling Chip","Kunai","Mummified Hand","Black Star","Medical Kit","Meat on the Bone","Frozen Egg 2","Letter Opener","Ginger","Gremlin Horn","Red Mask","Bottled Lightning","Bag of Preparation"],"acts_visited":["Exordium","TheCity","TheBeyond","TheEnding"],"potions_floor_usage":[50,54,55,55,55],"damage_taken":[{"damage":0.0,"enemies":"2 Louse","floor":1.0,"turns":1.0},{"damage":0.0,"enemies":"Jaw Worm","floor":3.0,"turns":1.0},{"damage":0.0,"enemies":"Small Slimes","floor":5.0,"turns":1.0},{"damage":2.0,"enemies":"3 Sentries","floor":8.0,"turns":9.0},{"damage":5.0,"enemies":"Lagavulin","floor":10.0,"turns":7.0},{"damage":0.0,"enemies":"Looter","floor":11.0,"turns":4.0},{"damage":7.0,"enemies":"The Mushroom Lair","floor":13.0,"turns":4.0},{"damage":11.0,"enemies":"3 Sentries","floor":14.0,"turns":6.0},{"damage":5.0,"enemies":"Slime Boss","floor":16.0,"turns":6.0},{"damage":0.0,"enemies":"3 Byrds","floor":18.0,"turns":3.0},{"damage":0.0,"enemies":"Spheric Guardian","floor":21.0,"turns":5.0},{"damage":14.0,"enemies":"Snake Plant","floor":22.0,"turns":3.0},{"damage":27.0,"enemies":"Slavers","floor":23.0,"turns":4.0},{"damage":8.0,"enemies":"Gremlin Leader","floor":25.0,"turns":9.0},{"damage":0.0,"enemies":"3 Cultists","floor":27.0,"turns":2.0},{"damage":15.0,"enemies":"Automaton","floor":33.0,"turns":8.0},{"damage":0.0,"enemies":"3 Darklings","floor":35.0,"turns":2.0},{"damage":0.0,"enemies":"3 Shapes","floor":38.0,"turns":5.0},{"damage":1.0,"enemies":"3 Darklings","floor":39.0,"turns":4.0},{"damage":0.0,"enemies":"Giant Head","floor":40.0,"turns":7.0},{"damage":0.0,"enemies":"Nemesis","floor":42.0,"turns":9.0},{"damage":19.0,"enemies":"Transient","floor":45.0,"turns":5.0},{"damage":5,"enemies":"Time Eater","floor":50,"turns":12},{"damage":10,"enemies":"Shield and Spear","floor":54,"turns":5},{"damage":4,"enemies":"The Heart","floor":55,"turns":13}],"seed_played":"-6072086596594556533","potions_obtained":[{"floor":1.0,"key":"SpeedPotion"},{"floor":3.0,"key":"Fire Potion"},{"floor":13.0,"key":"Fruit Juice"},{"floor":14.0,"key":"CunningPotion"},{"floor":27.0,"key":"FairyPotion"},{"floor":33.0,"key":"CunningPotion"},{"floor":42.0,"key":"LiquidMemories"},{"floor":45.0,"key":"Strength Potion"}],"is_trial":false,"path_per_floor":["M","?","M","?","M","R","T","E","T","E","M","R","?","E","R","B",null,"M","?","$","M","M","E","R","E","T","M","?","?","R","T","R","B",null,"M","$","?","M","M","E","R","E","T","R","M","R","?","$","R","B",null,"R","$","E","B",null],"character_chosen":"THE_SILENT","items_purchased":["Membership Card","Calipers","Catalyst","Noxious Fumes","Crippling Poison","Medical Kit","Noxious Fumes"],"campfire_rested":7,"item_purchase_floors":[20,20,20,20,36,36,36],"current_hp_per_floor":[70,70,70,70,70,70,70,68,68,63,63,63,56,45,45,45,75,75,75,75,75,61,34,71,63,63,63,63,49,80,80,80,65,80,80,80,70,70,69,69,80,80,80,80,61,80,80,80,80,75,80,80,80,70,66],"gold":27,"neow_bonus":"THREE_ENEMY_KILL","is_daily":false,"chose_seed":false,"campfire_upgraded":3,"win_rate":0.0,"timestamp":1611633818,"path_taken":["M","?","M","?","M","R","?","E","T","E","M","R","?","E","R","BOSS","M","?","$","M","?","E","R","E","T","M","?","?","R","?","R","BOSS","M","$","?","M","M","E","R","E","T","R","M","R","?","?","R","BOSS","R","$","E","BOSS"],"items_purchased_type":["Relic","Relic","Card","Card","Card","Relic","Card"],"build_version":"2020-12-22","purchased_purges":2,"victory":true,"max_hp_per_floor":[70,70,70,70,70,70,70,70,70,70,70,70,70,70,70,75,75,75,75,75,75,75,75,75,75,75,75,75,80,80,80,80,80,80,80,80,80,80,80,80,80,80,80,80,80,80,80,80,80,80,80,80,80,80,80],"relic_stats":{"Regal Pillow":22,"Gremlin Horn":[0,0],"counters":[25,135],"Snake Skull":[193],"Bag of Preparation":[2],"Letter Opener":[20],"Ginger":[7],"Medical Kit":[10],"Mummified Hand":[84],"Bronze Scales":[402],"Gambling Chip":[24],"Black Star":3,"Kunai":[21],"obtain_stats":[{"Regal Pillow":9,"Calipers":20,"NeowsBlessing":0,"Gremlin Horn":43,"Snake Skull":8,"Bag of Preparation":54,"Letter Opener":42,"Ginger":42,"Odd Mushroom":13,"Frozen Egg 2":40,"Medical Kit":36,"Mummified Hand":31,"Bronze Scales":14,"Gambling Chip":25,"Molten Egg 2":10,"Fusion Hammer":17,"Black Star":34,"Red Mask":47,"Membership Card":20,"Kunai":26,"Bottled Lightning":54,"FossilizedHelix":23,"Ring of the Snake":0,"Meat on the Bone":40},{"Regal Pillow":4,"Calipers":10,"NeowsBlessing":0,"Gremlin Horn":21,"Snake Skull":4,"Bag of Preparation":24,"Letter Opener":21,"Ginger":21,"Odd Mushroom":7,"Frozen Egg 2":20,"Medical Kit":17,"Mummified Hand":15,"Bronze Scales":8,"Gambling Chip":14,"Molten Egg 2":5,"Fusion Hammer":9,"Black Star":16,"Red Mask":22,"Membership Card":10,"Kunai":14,"Bottled Lightning":24,"FossilizedHelix":13,"Ring of the Snake":0,"Meat on the Bone":20},{"Regal Pillow":12,"Calipers":42,"NeowsBlessing":0,"Gremlin Horn":100,"Snake Skull":12,"Bag of Preparation":122,"Letter Opener":100,"Ginger":100,"Odd Mushroom":27,"Frozen Egg 2":91,"Medical Kit":75,"Mummified Hand":65,"Bronze Scales":33,"Gambling Chip":63,"Molten Egg 2":19,"Fusion Hammer":39,"Black Star":73,"Red Mask":105,"Membership Card":42,"Kunai":63,"Bottled Lightning":122,"FossilizedHelix":54,"Ring of the Snake":0,"Meat on the Bone":91}],"Ring of the Snake":[50],"Meat on the Bone":0},"card_choices":[{"not_picked":["Calculated Gamble","Dagger Throw"],"picked":"Backstab","floor":1.0},{"not_picked":["Deflect","Acrobatics"],"picked":"Poisoned Stab","floor":3.0},{"not_picked":["Blade Dance","Slice"],"picked":"Footwork","floor":5.0},{"not_picked":["Bane","Acrobatics"],"picked":"Noxious Fumes","floor":8.0},{"not_picked":["Prepared","Backflip"],"picked":"After Image","floor":10.0},{"not_picked":["Acrobatics","Deadly Poison"],"picked":"Dagger Throw+1","floor":11.0},{"not_picked":["Endless Agony+1","Prepared"],"picked":"Sucker Punch+1","floor":14.0},{"not_picked":["Glass Knife+1","Unload+1"],"picked":"Venomology","floor":16.0},{"not_picked":["Dagger Spray+1","Blur"],"picked":"Acrobatics","floor":18.0},{"not_picked":["Dash+1","Slice+1"],"picked":"Footwork","floor":21.0},{"not_picked":["Flying Knee+1","Blade Dance"],"picked":"PiercingWail+1","floor":22.0},{"not_picked":["Noxious Fumes","Infinite Blades"],"picked":"Malaise","floor":23.0},{"not_picked":["Blur","Slice+1"],"picked":"Corpse Explosion","floor":25.0},{"not_picked":["Deflect","Acrobatics"],"picked":"Flying Knee+1","floor":27.0},{"not_picked":["Doppelganger","Venomology"],"picked":"Wraith Form v2","floor":33.0},{"not_picked":["Blade Dance","Dagger Throw+1","Dagger Spray+1"],"picked":"SKIP","floor":35.0},{"not_picked":["Violence","Forethought"],"picked":"Apotheosis","floor":37.0},{"not_picked":["Dodge and Roll","Blade Dance+1","Deflect"],"picked":"SKIP","floor":38.0},{"not_picked":["Infinite Blades+1","Quick Slash+1"],"picked":"Caltrops+1","floor":39.0},{"not_picked":["Sucker Punch+1","Poisoned Stab+1"],"picked":"Dodge and Roll","floor":40.0},{"not_picked":["Riddle With Holes+1","Sucker Punch+1"],"picked":"Skewer+1","floor":42.0},{"not_picked":["Endless Agony+1","Prepared"],"picked":"Well Laid Plans+1","floor":45.0},{"not_picked":["Deadly Poison+1","Prepared+1"],"picked":"A Thousand Cuts+1","floor":54}],"player_experience":84868,"relics_obtained":[{"floor":8.0,"key":"Snake Skull"},{"floor":9.0,"key":"Regal Pillow"},{"floor":10.0,"key":"Molten Egg 2"},{"floor":13.0,"key":"Odd Mushroom"},{"floor":14.0,"key":"Bronze Scales"},{"floor":23.0,"key":"FossilizedHelix"},{"floor":25.0,"key":"Gambling Chip"},{"floor":26.0,"key":"Kunai"},{"floor":31.0,"key":"Mummified Hand"},{"floor":40.0,"key":"Meat on the Bone"},{"floor":40.0,"key":"Frozen Egg 2"},{"floor":42.0,"key":"Letter Opener"},{"floor":42.0,"key":"Ginger"},{"floor":43.0,"key":"Gremlin Horn"},{"floor":54,"key":"Bottled Lightning"},{"floor":54,"key":"Bag of Preparation"}],"event_choices":[{"damage_healed":0.0,"max_hp_gain":0.0,"max_hp_loss":0.0,"gold_gain":0.0,"event_name":"Living Wall","player_choice":"Grow","floor":2.0,"gold_loss":0.0,"damage_taken":0.0,"cards_upgraded":["Neutralize"]},{"damage_healed":0.0,"max_hp_gain":0.0,"max_hp_loss":0.0,"gold_gain":0.0,"event_name":"Liars Game","player_choice":"Ignored","floor":4.0,"gold_loss":0.0,"damage_taken":0.0},{"damage_healed":0.0,"max_hp_gain":0.0,"max_hp_loss":0.0,"gold_gain":0.0,"event_name":"Mushrooms","player_choice":"Fought Mushrooms","floor":13.0,"gold_loss":0.0,"damage_taken":0.0},{"damage_healed":0.0,"max_hp_gain":0.0,"max_hp_loss":0.0,"gold_gain":0.0,"event_name":"Duplicator","player_choice":"Copied","floor":19.0,"gold_loss":0.0,"damage_taken":0.0,"cards_obtained":["Footwork"]},{"damage_healed":0.0,"max_hp_gain":0.0,"max_hp_loss":0.0,"gold_gain":0.0,"event_name":"Vampires","player_choice":"Ignored","floor":28.0,"gold_loss":0.0,"damage_taken":0.0},{"damage_healed":0.0,"max_hp_gain":5.0,"max_hp_loss":0.0,"gold_gain":0.0,"event_name":"Forgotten Altar","player_choice":"Shed Blood","floor":29.0,"gold_loss":0.0,"damage_taken":19.0},{"damage_healed":0.0,"max_hp_gain":0.0,"max_hp_loss":0.0,"gold_gain":0.0,"event_name":"SensoryStone","player_choice":"Memory 3","floor":37.0,"gold_loss":0.0,"damage_taken":10.0},{"damage_healed":0.0,"max_hp_gain":0.0,"max_hp_loss":0.0,"gold_gain":0.0,"event_name":"Tomb of Lord Red Mask","player_choice":"Paid","floor":47.0,"gold_loss":144.0,"damage_taken":0.0,"relics_obtained":["Red Mask"]}],"is_beta":false,"boss_relics":[{"not_picked":["Tiny House","SacredBark"],"picked":"Fusion Hammer"},{"not_picked":["Snecko Eye","Cursed Key"],"picked":"Black Star"}],"items_purged_floors":[20,36],"is_endless":false,"potions_floor_spawned":[1,3,13,14,22,27,33,38,39,42,45,54],"ascension_level":2}}