{"host":"1qhzi8r9ejho5yph","time":1611699925,"event":{"mods":["AchievementEnabler","BaseMod","Colored Map","Colored Powertips","Highlight Path","Minty Spire (QoL Compilation)","Permanent Neow","Quick Restart","Random Character Button","StSLib","SuperFastMode"],"gold_per_floor":[117,117,134,147,72,97,109,109,109,59,69,82,82,98,98,202,202,212,137,237,252,152,152,165,165,165,165,40,58,58,58,58,161,161,178,178,196,106,125,125,145,164,164,176,176,26,41,60,60,60],"floor_reached":51,"language":"ENG","playtime":1337,"items_purged":["Strike_R","Strike_R","Defend_R","Anger+1"],"score":798,"play_id":"7d52922f-7691-43dd-9c77-8b6131c35b19","local_time":"20210127062525","is_ascension_mode":false,"campfire_choices":[{"data":"Bash","floor":8,"key":"SMITH"},{"data":"Dropkick","floor":15,"key":"SMITH"},{"data":"Rampage","floor":23,"key":"SMITH"},{"floor":27,"key":"REST"},{"data":"Defend_R","floor":32,"key":"SMITH"},{"floor":40,"key":"REST"},{"data":"Finesse","floor":45,"key":"SMITH"},{"floor":49,"key":"RECALL"}],"circlet_count":0,"master_deck":["Defend_R+1","Bash+1","Rampage+1","Dropkick+1","Disarm+1","Brutality+1","Finesse+1"],"relics":["Burning Blood","Bag of Preparation","Ancient Tea Set","SacredBark","MutagenicStrength","Self Forming Clay","Astrolabe","Mummified Hand"],"acts_visited":["Exordium","TheCity","TheBeyond"],"potions_floor_usage":[16,18,30,33,39,50,50,50,50],"damage_taken":[{"damage":8,"enemies":"Small Slimes","floor":1,"turns":3},{"damage":8,"enemies":"2 Louse","floor":3,"turns":3},{"damage":8,"enemies":"Jaw Worm","floor":4,"turns":4},{"damage":26,"enemies":"Lagavulin","floor":6,"turns":6},{"damage":9,"enemies":"Blue Slaver","floor":7,"turns":3},{"damage":8,"enemies":"Red Slaver","floor":11,"turns":3},{"damage":0,"enemies":"3 Louse","floor":12,"turns":2},{"damage":1,"enemies":"Exordium Thugs","floor":14,"turns":3},{"damage":11,"enemies":"Slime Boss","floor":16,"turns":5},{"damage":15,"enemies":"2 Thieves","floor":18,"turns":4},{"damage":10,"enemies":"Chosen","floor":21,"turns":3},{"damage":25,"enemies":"Shelled Parasite and Fungi","floor":24,"turns":4},{"damage":16,"enemies":"Snake Plant","floor":29,"turns":3},{"damage":0,"enemies":"Slavers","floor":30,"turns":1},{"damage":33,"enemies":"Collector","floor":33,"turns":5},{"damage":15,"enemies":"Orb Walker","floor":35,"turns":3},{"damage":26,"enemies":"3 Darklings","floor":37,"turns":4},{"damage":17,"enemies":"Writhing Mass","floor":39,"turns":3},{"damage":1,"enemies":"Maw","floor":41,"turns":2},{"damage":13,"enemies":"3 Darklings","floor":42,"turns":4},{"damage":2,"enemies":"Jaw Worm Horde","floor":44,"turns":3},{"damage":0,"enemies":"Maw","floor":47,"turns":1},{"damage":0,"enemies":"Spire Growth","floor":48,"turns":1},{"damage":18,"enemies":"Donu and Deca","floor":50,"turns":5}],"seed_played":"2509932009081766206","potions_obtained":[{"floor":1,"key":"Block Potion"},{"floor":4,"key":"SpeedPotion"},{"floor":6,"key":"Fire Potion"},{"floor":16,"key":"Energy Potion"},{"floor":18,"key":"FearPotion"},{"floor":29,"key":"SmokeBomb"},{"floor":36,"key":"EntropicBrew"},{"floor":36,"key":"LiquidMemories"},{"floor":41,"key":"EssenceOfSteel"}],"is_trial":false,"path_per_floor":["M","?","M","M","$","E","M","R","T","?","M","M","$","M","R","B",null,"M","?","?","M","$","R","M","?","T","R","$","M","E","?","R","B",null,"M","?","M","$","M","R","M","M","T","M","R","$","M","M","R","B",null],"character_chosen":"IRONCLAD","items_purchased":["Finesse"],"campfire_rested":2,"item_purchase_floors":[38],"current_hp_per_floor":[86,79,77,75,75,55,52,52,52,52,50,56,56,61,61,56,88,79,79,79,75,75,75,56,56,56,82,82,72,78,66,66,39,88,79,79,59,59,48,74,79,72,72,76,76,76,82,88,88,76],"gold":60,"neow_bonus":"TEN_PERCENT_HP_BONUS","is_daily":false,"chose_seed":false,"campfire_upgraded":5,"win_rate":0.0,"timestamp":1611699925,"path_taken":["M","?","M","M","$","E","M","R","T","?","M","M","?","M","R","BOSS","M","?","?","M","$","R","?","?","T","R","$","M","E","?","R","BOSS","M","?","M","$","M","R","M","M","T","M","R","$","M","M","R","BOSS"],"items_purchased_type":["Card"],"build_version":"2020-12-22","purchased_purges":4,"victory":true,"max_hp_per_floor":[88,88,88,88,88,88,88,88,88,88,88,88,88,88,88,88,88,88,88,88,88,88,88,88,88,88,88,88,88,88,88,88,88,88,88,88,88,88,88,88,88,88,88,88,88,88,88,88,88,88],"card_choices":[{"not_picked":["Disarm","Cleave"],"picked":"Rampage","floor":1},{"not_picked":["Clothesline","Twin Strike"],"picked":"Cleave","floor":3},{"not_picked":["Headbutt","Armaments"],"picked":"Dropkick","floor":4},{"not_picked":["Armaments","Rage","Brutality"],"picked":"SKIP","floor":6},{"not_picked":["Body Slam","Twin Strike","Iron Wave"],"picked":"SKIP","floor":7},{"not_picked":["Clothesline","Shockwave","Sword Boomerang"],"picked":"SKIP","floor":11},{"not_picked":["Fire Breathing","Rampage","Shrug It Off"],"picked":"SKIP","floor":12},{"not_picked":["Disarm","Perfected Strike","Rampage"],"picked":"SKIP","floor":14},{"not_picked":["Bloodletting","Uppercut","Shrug It Off"],"picked":"SKIP","floor":18},{"not_picked":["Body Slam+1","Shrug It Off+1","Flex"],"picked":"SKIP","floor":21},{"not_picked":["Bloodletting","Sentinel","Cleave"],"picked":"SKIP","floor":24},{"not_picked":["Seeing Red","Limit Break","Disarm+1"],"picked":"SKIP","floor":29},{"not_picked":["Flex+1","Cleave","Shrug It Off+1"],"picked":"SKIP","floor":35},{"not_picked":["Havoc","Sword Boomerang+1","Spot Weakness"],"picked":"SKIP","floor":37},{"not_picked":["Thunderclap+1","Uppercut","Whirlwind"],"picked":"SKIP","floor":39},{"not_picked":["True Grit","Double Tap","Sword Boomerang"],"picked":"SKIP","floor":41},{"not_picked":["Iron Wave","Cleave+1","Whirlwind"],"picked":"SKIP","floor":42},{"not_picked":["Reckless Charge","Shockwave+1","Fire Breathing"],"picked":"SKIP","floor":44},{"not_picked":["Clothesline+1","Rupture","Sword Boomerang+1"],"picked":"SKIP","floor":47},{"not_picked":["Twin Strike","Headbutt","Warcry+1"],"picked":"SKIP","floor":48}],"player_experience":336197,"relics_obtained":[{"floor":6,"key":"Bag of Preparation"},{"floor":9,"key":"Ancient Tea Set"},{"floor":26,"key":"Self Forming Clay"},{"floor":43,"key":"Mummified Hand"}],"event_choices":[{"cards_removed":["Strike_R"],"damage_healed":0,"gold_gain":0,"player_choice":"Card Removal","damage_taken":7,"max_hp_gain":0,"max_hp_loss":0,"event_name":"Golden Wing","floor":2,"gold_loss":0},{"cards_removed":["Strike_R"],"damage_healed":0,"gold_gain":0,"player_choice":"Card Removal","damage_taken":0,"max_hp_gain":0,"max_hp_loss":0,"event_name":"The Cleric","floor":10,"gold_loss":50},{"cards_removed":["Strike_R"],"damage_healed":0,"gold_gain":0,"player_choice":"Gave Gold","damage_taken":0,"max_hp_gain":0,"max_hp_loss":0,"event_name":"Beggar","floor":19,"gold_loss":75},{"damage_healed":0,"gold_gain":100,"player_choice":"Pray","damage_taken":0,"max_hp_gain":0,"max_hp_loss":0,"event_name":"Golden Shrine","floor":20,"gold_loss":0},{"damage_healed":0,"gold_gain":0,"player_choice":"Inject Mutagens","damage_taken":0,"relics_obtained":["MutagenicStrength"],"max_hp_gain":0,"max_hp_loss":0,"event_name":"Drug Dealer","floor":25,"gold_loss":0},{"damage_healed":0,"gold_gain":0,"player_choice":"POTION ","damage_taken":12,"max_hp_gain":0,"max_hp_loss":0,"event_name":"Knowing Skull","floor":31,"potions_obtained":["Ancient Potion"],"gold_loss":0,"cards_obtained":[]},{"damage_healed":0,"gold_gain":0,"player_choice":"Got Potions","damage_taken":0,"max_hp_gain":0,"max_hp_loss":0,"event_name":"Lab","floor":36,"gold_loss":0}],"is_beta":false,"boss_relics":[{"not_picked":["Snecko Eye","Ectoplasm"],"picked":"SacredBark"},{"not_picked":["Coffee Dripper","Velvet Choker"],"picked":"Astrolabe"}],"items_purged_floors":[5,22,28,46],"is_endless":false,"potions_floor_spawned":[1,4,6,16,18,29,30,41,42,44,47],"ascension_level":0}}