{"host":"xp5rvh2jwe2ejyfm","time":1611673001,"event":{"mods":["BaseMod","Downfall","Duelist Mod","GifTheSpireLib","Gremlin Mod","Hermit","Hubris","Minty Spire (QoL Compilation)","Robot Space Explorer","StSLib","The Blackbeard","The Clintock","The Construct","The Cursed","The Disciple","The Forsaken","The Hierophant","The Necromancer","The Runesmith","The Servant 0.9.4"],"gold_per_floor":[114,114,134,147,157,187,187,152,152,152,178,193,193,193,193,295,295,309,66,82,82,82],"floor_reached":21,"language":"ENG","playtime":734,"items_purged":[],"score":189,"play_id":"b8f3066e-aa3c-4b92-98cc-53c763bea371","local_time":"20210126095641","is_ascension_mode":false,"campfire_choices":[{"data":"theForsaken:Smite","floor":7,"key":"SMITH"},{"floor":10,"key":"RECALL"},{"floor":15,"key":"REST"}],"circlet_count":0,"master_deck":["theForsaken:TheForsaken_Strike","theForsaken:TheForsaken_Strike","theForsaken:TheForsaken_Strike","theForsaken:TheForsaken_Strike","theForsaken:TheForsaken_Defend","theForsaken:TheForsaken_Defend","theForsaken:TheForsaken_Defend","theForsaken:TheForsaken_Defend","theForsaken:Smite+1","theForsaken:Penitence","theForsaken:WordsOfMight","theForsaken:Bolster","theForsaken:Retribution","theForsaken:ShieldCharge","theForsaken:ChargeAttack","theForsaken:DesperatePlea","theForsaken:PowerUp","theForsaken:DivineGuidance","theForsaken:TearsOfSunlight","theForsaken:FuryStrikes","theForsaken:WordsOfMight","theForsaken:Thunderbolt","theForsaken:PowerUp"],"relics":["theForsaken:JudgementScales","NeowsBlessing","CaptainsWheel","Turnip","Juzu Bracelet","hubris:CuriousFeather","Dream Catcher","hubris:VirtuousBlindfold","Lantern"],"acts_visited":["Exordium","TheCity"],"potions_floor_usage":[11,20,21],"damage_taken":[{"damage":0,"enemies":"Small Slimes","floor":1,"turns":1},{"damage":0,"enemies":"Jaw Worm","floor":3,"turns":1},{"damage":0,"enemies":"Cultist","floor":4,"turns":1},{"damage":8,"enemies":"2 Fungi Beasts","floor":5,"turns":4},{"damage":25,"enemies":"Gremlin Nob","floor":6,"turns":5},{"damage":26,"enemies":"3 Sentries","floor":11,"turns":8},{"damage":26,"enemies":"Lots of Slimes","floor":12,"turns":6},{"damage":12,"enemies":"Hexaghost","floor":16,"turns":9},{"damage":57,"enemies":"3 Byrds","floor":18,"turns":7},{"damage":7,"enemies":"Shell Parasite","floor":20,"turns":4},{"damage":10,"enemies":"Chosen and Byrds","floor":21,"turns":1}],"seed_played":"6817439691987434305","potions_obtained":[{"floor":4,"key":"bronze:BurnAndBuffPotion"},{"floor":6,"key":"PowerPotion"},{"floor":11,"key":"GamblersBrew"},{"floor":12,"key":"BlessingOfTheForge"},{"floor":20,"key":"DuplicationPotion"}],"is_trial":false,"path_per_floor":["M","?","M","M","M","E","R","?","T","R","E","M","$","?","R","B",null,"M","$","M","M"],"character_chosen":"THE_FORSAKEN","items_purchased":["hubris:CuriousFeather","Lantern","theForsaken:WordsOfMight","theForsaken:Thunderbolt"],"campfire_rested":1,"item_purchase_floors":[13,19,19,19],"current_hp_per_floor":[65,65,65,65,60,43,43,59,59,59,44,30,11,11,30,24,65,11,11,7,0,0],"gold":82,"neow_bonus":"THREE_ENEMY_KILL","is_daily":false,"chose_seed":false,"campfire_upgraded":1,"win_rate":0.0,"timestamp":1611673001,"path_taken":["M","?","M","M","M","E","R","?","T","R","E","M","?","?","R","BOSS","M","$","M","M"],"items_purchased_type":["Relic","Relic","Card","Card"],"build_version":"2020-12-22","purchased_purges":0,"victory":false,"max_hp_per_floor":[65,65,65,65,65,65,65,65,65,65,65,65,65,65,65,65,65,65,65,65,65,65],"card_choices":[{"not_picked":["theForsaken:RainingSunlight","theForsaken:Thunderbolt"],"picked":"theForsaken:WordsOfMight","floor":1},{"not_picked":["theForsaken:WardingHymn","theForsaken:HymnOfPatience"],"picked":"theForsaken:Bolster","floor":3},{"not_picked":["theForsaken:ShieldCharge","theForsaken:WardingHymn"],"picked":"theForsaken:Retribution","floor":4},{"not_picked":["theForsaken:PanicDive","theForsaken:ChargeAttack"],"picked":"theForsaken:ShieldCharge","floor":5},{"not_picked":["theForsaken:FatRoll","theForsaken:HymnOfPatience"],"picked":"theForsaken:ChargeAttack","floor":6},{"not_picked":["theForsaken:CreepingInfection","theForsaken:Eulogy"],"picked":"theForsaken:DesperatePlea","floor":11},{"not_picked":["theForsaken:HorrifyingStrike","theForsaken:HymnOfPatience"],"picked":"theForsaken:PowerUp","floor":12},{"not_picked":["theForsaken:FatRoll","theForsaken:HorrifyingStrike"],"picked":"theForsaken:DivineGuidance","floor":15},{"not_picked":["theForsaken:SacrificeSoul","theForsaken:Horror"],"picked":"theForsaken:TearsOfSunlight","floor":16},{"not_picked":["theForsaken:HorrifyingStrike+1","theForsaken:ShieldBash"],"picked":"theForsaken:FuryStrikes","floor":18},{"not_picked":["theForsaken:Backlash","theForsaken:DarkBargain+1"],"picked":"theForsaken:PowerUp","floor":20}],"player_experience":352338,"relics_obtained":[{"floor":6,"key":"CaptainsWheel"},{"floor":9,"key":"Turnip"},{"floor":11,"key":"Juzu Bracelet"}],"event_choices":[{"damage_healed":16,"gold_gain":0,"player_choice":"Healed","damage_taken":0,"max_hp_gain":0,"max_hp_loss":0,"event_name":"The Cleric","floor":8,"gold_loss":35},{"damage_healed":0,"gold_gain":0,"player_choice":"Gave Potion","damage_taken":0,"relics_obtained":["Dream Catcher"],"max_hp_gain":0,"max_hp_loss":0,"event_name":"WeMeetAgain","floor":14,"gold_loss":0}],"is_beta":false,"boss_relics":[{"not_picked":["hubris:BlackHole","SlaversCollar"],"picked":"hubris:VirtuousBlindfold"}],"items_purged_floors":[],"is_endless":false,"potions_floor_spawned":[4,6,11,12,20],"killed_by":"Chosen and Byrds","ascension_level":0}}