{"host":"6q94iy5iz6612v89","time":1611696849,"event":{"mods":["2.2 Compatiblity","AchievementEnabler","BaseMod","Colored Map","DeckTracker","Keyboard Shortcuts","Marisa£¨Ùöéë¡¡Øª×âÞÞ£©","Minty Spire (QoL Compilation)","Permanent Neow","StSLib","SuperFastMode"],"gold_per_floor":[155,191,228,303,363,363,451,451,451],"floor_reached":8,"language":"KOR","playtime":189,"items_purged":[],"score":75,"play_id":"8829414a-1bfc-43b1-a519-a94abc057ed4","local_time":"20210127063409","is_ascension_mode":true,"campfire_choices":[{"data":"HandOfGreed","floor":6,"key":"SMITH"}],"circlet_count":0,"master_deck":["AscendersBane","Strike_MRS","Strike_MRS","Strike_MRS","Strike_MRS","Defend_MRS","Defend_MRS","Defend_MRS","Defend_MRS","MasterSpark","UpSweep","HandOfGreed+1","GalacticHalo","ChargingUp"],"relics":["MiniHakkero"],"acts_visited":["Exordium"],"potions_floor_usage":[5,8],"damage_taken":[{"damage":7,"enemies":"Small Slimes","floor":1,"turns":4},{"damage":1,"enemies":"Cultist","floor":2,"turns":4},{"damage":7,"enemies":"Jaw Worm","floor":3,"turns":4},{"damage":7,"enemies":"Exordium Wildlife","floor":5,"turns":3},{"damage":31,"enemies":"Lots of Slimes","floor":7,"turns":6},{"damage":35,"enemies":"Gremlin Nob","floor":8,"turns":3}],"seed_played":"7595423481725220369","potions_obtained":[{"floor":1,"key":"Energy Potion"},{"floor":3,"key":"PowerPotion"}],"is_trial":false,"path_per_floor":["M","M","M","?","M","R","M","E"],"character_chosen":"MARISA","items_purchased":[],"campfire_rested":0,"item_purchase_floors":[],"current_hp_per_floor":[61,60,53,47,40,40,9,0,0],"gold":451,"neow_bonus":"RANDOM_COLORLESS_2","is_daily":false,"chose_seed":false,"campfire_upgraded":1,"win_rate":0.0,"timestamp":1611696849,"path_taken":["M","M","M","?","M","R","M","E"],"items_purchased_type":[],"build_version":"2020-12-22","purchased_purges":0,"victory":false,"max_hp_per_floor":[68,68,68,68,68,68,68,68,68],"card_choices":[{"not_picked":["Transmutation","Panache"],"picked":"HandOfGreed","floor":0},{"not_picked":["NonDirectionalLaser","LuminesStrike"],"picked":"GalacticHalo","floor":1},{"not_picked":["MysteriousBeam","PowerUp","UnstableBomb"],"picked":"SKIP","floor":2},{"not_picked":["UnstableBomb","WitchLeyline","MilkyWay"],"picked":"SKIP","floor":3},{"not_picked":["DC","LuminesStrike"],"picked":"ChargingUp","floor":5},{"not_picked":["DragonMeteor","SuperPerseids","DC"],"picked":"SKIP","floor":7}],"player_experience":1497002,"relics_obtained":[],"event_choices":[{"damage_healed":0,"gold_gain":75,"player_choice":"Touch","damage_taken":6,"max_hp_gain":0,"max_hp_loss":0,"event_name":"FaceTrader","floor":4,"gold_loss":0}],"is_beta":false,"boss_relics":[],"items_purged_floors":[],"is_endless":false,"potions_floor_spawned":[1,3],"killed_by":"Gremlin Nob","ascension_level":10}}