{"host":"52m1o8iwwagurbjs","time":1611622501,"event":{"mods":["AchievementEnabler","BaseMod","Bestiary","Colored Powertips","GifTheSpireLib","Minty Spire (QoL Compilation)","Quick Restart","RNG Fix","Relic Stats","StSLib"],"gold_per_floor":[359,370,64,64,14,39,99,132,132,148,180,209,209,384,384,485,485,503,520,520,1,19,46,46,46,46,46,63,101,212,264,276,288,288],"floor_reached":33,"language":"ENG","playtime":1565,"items_purged":["Regret","Strike_G","Strike_G"],"score":407,"play_id":"56e284e7-aca9-49cb-8570-fa47483abf59","local_time":"20210125195501","is_ascension_mode":true,"campfire_choices":[{"data":"Strike_G","floor":13,"key":"PURGE"},{"data":"Cloak And Dagger","floor":15,"key":"SMITH"},{"data":"Flying Knee","floor":24,"key":"PURGE"},{"floor":27,"key":"REST"},{"data":"Crippling Poison","floor":32,"key":"SMITH"}],"circlet_count":0,"master_deck":["Defend_G","Defend_G","Defend_G","Defend_G","Survivor","Neutralize","Underhanded Strike","Infinite Blades","Wraith Form v2","Dash","Cloak And Dagger+1","PiercingWail","PiercingWail","Die Die Die","Caltrops","Leg Sweep","Envenom","Acrobatics","Blade Dance","PiercingWail","Well Laid Plans","Noxious Fumes","Escape Plan","Cloak And Dagger","Backflip+1","Terror","Calculated Gamble","Crippling Poison+1"],"relics":["Ring of the Snake","Membership Card","Peace Pipe","Omamori","Thread and Needle","Odd Mushroom","Black Star","Mercury Hourglass","Dead Branch","Sling","Dream Catcher","Question Card","StrikeDummy","MawBank","CeramicFish","Blood Vial","MealTicket"],"acts_visited":["Exordium","TheCity"],"potions_floor_usage":[16,16,22,23,23,25,25,33],"damage_taken":[{"damage":2.0,"enemies":"2 Louse","floor":1.0,"turns":4.0},{"damage":3.0,"enemies":"Cultist","floor":2.0,"turns":4.0},{"damage":10.0,"enemies":"Gremlin Nob","floor":6.0,"turns":4.0},{"damage":22.0,"enemies":"Lagavulin","floor":8.0,"turns":11.0},{"damage":0.0,"enemies":"Jaw Worm","floor":10.0,"turns":4.0},{"damage":1,"enemies":"3 Sentries","floor":11,"turns":7},{"damage":0,"enemies":"The Mushroom Lair","floor":12,"turns":3},{"damage":23,"enemies":"Slime Boss","floor":16,"turns":16},{"damage":0,"enemies":"3 Byrds","floor":18,"turns":6},{"damage":13,"enemies":"Chosen","floor":19,"turns":7},{"damage":19,"enemies":"Sentry and Sphere","floor":22,"turns":8},{"damage":23,"enemies":"Slavers","floor":23,"turns":5},{"damage":0,"enemies":"Gremlin Leader","floor":25,"turns":4},{"damage":0,"enemies":"Snecko","floor":28,"turns":5},{"damage":0,"enemies":"Slavers","floor":29,"turns":5},{"damage":5,"enemies":"Book of Stabbing","floor":31,"turns":4},{"damage":34,"enemies":"Champ","floor":33,"turns":6}],"seed_played":"2054025083462621446","potions_obtained":[{"floor":2.0,"key":"CunningPotion"},{"floor":10.0,"key":"LiquidMemories"},{"floor":11,"key":"Weak Potion"},{"floor":16,"key":"SmokeBomb"},{"floor":22,"key":"GamblersBrew"},{"floor":23,"key":"Explosive Potion"},{"floor":31,"key":"LiquidBronze"}],"is_trial":false,"path_per_floor":["M","M","$","?","$","E","?","E","T","M","E","?","R","?","R","B",null,"M","M","?","$","M","E","R","E","T","R","M","E","?","E","R","B"],"character_chosen":"THE_SILENT","items_purchased":["Membership Card","Wraith Form v2","Dash","Cloak And Dagger","Noxious Fumes","Mercury Hourglass","Dead Branch","Sling","EssenceOfSteel","Explosive Potion"],"campfire_rested":1,"item_purchase_floors":[3,3,3,3,21,21,21,21,21,21],"current_hp_per_floor":[68,65,65,65,65,55,55,33,33,33,32,32,32,32,32,9,70,70,57,57,57,38,15,15,15,15,36,36,36,36,31,31,0,0],"gold":288,"neow_bonus":"TWO_FIFTY_GOLD","is_daily":false,"chose_seed":false,"campfire_upgraded":2,"win_rate":0.0,"timestamp":1611622501,"path_taken":["M","M","$","?","?","E","?","E","T","M","E","?","R","?","R","BOSS","M","M","?","$","M","E","R","E","T","R","M","E","?","E","R","BOSS"],"items_purchased_type":["Relic","Card","Card","Card","Card","Relic","Relic","Relic","Potion","Potion"],"build_version":"2020-12-22","purchased_purges":3,"victory":false,"max_hp_per_floor":[70,70,70,70,70,70,70,70,70,70,70,70,70,70,70,70,70,70,70,70,70,70,70,70,70,70,70,70,70,70,70,70,70,70],"relic_stats":{"counters":[17,103],"Dead Branch":[81],"CeramicFish":18,"Question Card":4,"MawBank":48,"Mercury Hourglass":[126],"Peace Pipe":2,"Blood Vial":2,"Dream Catcher":1,"MealTicket":0,"Black Star":4,"obtain_stats":[{"Dead Branch":21,"CeramicFish":29,"Thread and Needle":11,"Omamori":9,"Odd Mushroom":12,"Sling":21,"Question Card":23,"MawBank":29,"Mercury Hourglass":21,"Peace Pipe":6,"Blood Vial":31,"Dream Catcher":23,"MealTicket":31,"Black Star":17,"Membership Card":3,"StrikeDummy":26,"Ring of the Snake":0},{"Dead Branch":10,"CeramicFish":15,"Thread and Needle":6,"Omamori":4,"Odd Mushroom":7,"Sling":10,"Question Card":12,"MawBank":15,"Mercury Hourglass":10,"Peace Pipe":3,"Blood Vial":16,"Dream Catcher":12,"MealTicket":16,"Black Star":8,"Membership Card":2,"StrikeDummy":13,"Ring of the Snake":0},{"Dead Branch":66,"CeramicFish":93,"Thread and Needle":34,"Omamori":23,"Odd Mushroom":37,"Sling":66,"Question Card":79,"MawBank":93,"Mercury Hourglass":66,"Peace Pipe":12,"Blood Vial":97,"Dream Catcher":79,"MealTicket":97,"Black Star":53,"Membership Card":8,"StrikeDummy":83,"Ring of the Snake":0}],"Ring of the Snake":[34]},"card_choices":[{"not_picked":["Reflex","PiercingWail"],"picked":"Underhanded Strike","floor":1.0},{"not_picked":["Deflect","Riddle With Holes"],"picked":"Infinite Blades","floor":2.0},{"not_picked":["Flechettes","Acrobatics"],"picked":"PiercingWail","floor":6.0},{"not_picked":["Flechettes","Outmaneuver"],"picked":"PiercingWail","floor":8.0},{"not_picked":["Blade Dance","Outmaneuver"],"picked":"Die Die Die","floor":10.0},{"not_picked":["Predator","Outmaneuver"],"picked":"Caltrops","floor":11},{"not_picked":["Slice","Outmaneuver"],"picked":"Leg Sweep","floor":12},{"not_picked":["Burst","Bullet Time"],"picked":"Envenom","floor":16},{"not_picked":["Riddle With Holes","Terror"],"picked":"Acrobatics","floor":18},{"not_picked":["Outmaneuver","Riddle With Holes+1"],"picked":"Blade Dance","floor":19},{"not_picked":["Dash","Infinite Blades"],"picked":"Escape Plan","floor":22},{"not_picked":["Flying Knee","Expertise"],"picked":"Cloak And Dagger","floor":23},{"not_picked":["Dash+1","Setup+1","Dodge and Roll"],"picked":"Backflip+1","floor":27},{"not_picked":["Prepared","Quick Slash","Terror","Slice+1"],"picked":"SKIP","floor":28},{"not_picked":["Prepared","Quick Slash","Slice+1"],"picked":"Terror","floor":28},{"not_picked":["Grand Finale","Outmaneuver","Bane"],"picked":"Calculated Gamble","floor":29},{"not_picked":["Masterful Stab","Blade Dance","Reflex+1"],"picked":"Crippling Poison","floor":31}],"player_experience":1204591,"relics_obtained":[{"floor":6.0,"key":"Peace Pipe"},{"floor":9.0,"key":"Omamori"},{"floor":11,"key":"Thread and Needle"},{"floor":12,"key":"Odd Mushroom"},{"floor":23,"key":"Dream Catcher"},{"floor":23,"key":"Question Card"},{"floor":26,"key":"StrikeDummy"},{"floor":29,"key":"MawBank"},{"floor":29,"key":"CeramicFish"},{"floor":31,"key":"Blood Vial"},{"floor":31,"key":"MealTicket"}],"event_choices":[{"damage_healed":0.0,"max_hp_gain":0.0,"max_hp_loss":0.0,"gold_gain":0.0,"cards_transformed":["Strike_G"],"event_name":"Transmorgrifier","player_choice":"Transformed","floor":4.0,"gold_loss":0.0,"damage_taken":0.0,"cards_obtained":["Flying Knee"]},{"damage_healed":0.0,"max_hp_gain":0.0,"max_hp_loss":0.0,"gold_gain":60.0,"event_name":"Golden Wing","player_choice":"Gained Gold","floor":7.0,"gold_loss":0.0,"damage_taken":0.0},{"damage_healed":0,"gold_gain":0,"player_choice":"Fought Mushrooms","damage_taken":0,"max_hp_gain":0,"max_hp_loss":0,"event_name":"Mushrooms","floor":12,"gold_loss":0},{"damage_healed":0,"gold_gain":175,"player_choice":"AGREE","damage_taken":0,"max_hp_gain":0,"max_hp_loss":0,"event_name":"Liars Game","floor":14,"gold_loss":0,"cards_obtained":["Doubt"]},{"damage_healed":0,"gold_gain":0,"cards_transformed":["Strike_G","Defend_G"],"player_choice":"Became Test Subject","damage_taken":0,"max_hp_gain":0,"max_hp_loss":0,"event_name":"Drug Dealer","floor":20,"gold_loss":0,"cards_obtained":["PiercingWail","Well Laid Plans"]},{"damage_healed":0,"gold_gain":99,"player_choice":"Stole From Cult","damage_taken":0,"max_hp_gain":0,"max_hp_loss":0,"event_name":"Nest","floor":30,"gold_loss":0}],"is_beta":false,"boss_relics":[{"not_picked":["Sozu","SacredBark"],"picked":"Black Star"}],"items_purged_floors":[3,5,21],"is_endless":false,"potions_floor_spawned":[2,10,11,16,22,23,31],"killed_by":"Champ","ascension_level":1}}