{"host":"Mute","time":1611690566,"event":{"mods":["BaseMod","Colored Map","Downfall","Minty Spire (QoL Compilation)","StSLib"],"gold_per_floor":[99,112,129,148,163,182,182,197,232,232,247,263,263,283,299,394,394,394,412,428,428,438,473,523,541,555,589,589,318,318,318,331,427,427,427,72,172,189,204,219,242,42,61,78,124,329,229,247,264,264,264,264],"floor_reached":50,"language":"ENG","playtime":5226,"items_purged":["hexamod:Strike","hexamod:Defend","hexamod:Strike"],"score":546,"play_id":"48d9cd70-20b9-4a29-b709-46e48ff312c4","local_time":"20210126144926","is_ascension_mode":false,"campfire_choices":[{"data":"hexamod:Sear","floor":1,"key":"SMITH"},{"data":"hexamod:HeatMetal","floor":10,"key":"SMITH"},{"data":"hexamod:EtherealExpedition","floor":13,"key":"SMITH"},{"data":"hexamod:FastForward","floor":18,"key":"SMITH"},{"data":"hexamod:TimeWarp","floor":30,"key":"SMITH"},{"data":"hexamod:Rewind","floor":35,"key":"SMITH"},{"floor":42,"key":"RECALL"},{"data":"hexamod:GhostOfSpireFuture","floor":47,"key":"SMITH"}],"circlet_count":0,"master_deck":["hexamod:Strike","hexamod:Strike","hexamod:Defend","hexamod:Defend+1","hexamod:Defend+1","hexamod:Sear+1","hexamod:Float","hexamod:ThermalTransfer","hexamod:HeatMetal+1","hexamod:HauntingEcho","hexamod:StepThrough","hexamod:GhostOfSpireFuture+1","hexamod:EtherealExpedition+1","hexamod:FastForward+1","hexamod:AdvancingGuard","hexamod:TimeWarp+1","hexamod:FirstSeal","hexamod:FastForward+1","hexamod:RadiantFlame+1","hexamod:HeatMetal+1","hexamod:PhantomFireball","hexamod:Rewind+1","hexamod:PhantomFireball","hexamod:ExtraCrispy+1","Doubt","hexamod:SkipABeat+1","downfall:Malfunctioning"],"relics":["hexamod:SpiritBrand","Bottled Flame","Centennial Puzzle","hexamod:IceCube","MutagenicStrength","TungstenRod","War Paint","Art of War","Vajra","Cursed Key","Bottled Tornado","downfall:GremlinWheel","downfall:HeartBlessingGreen","downfall:HeartBlessingBlue","hexamod:MatchstickCase","downfall:HeartBlessingRed"],"acts_visited":["Exordium","TheCity","TheBeyond"],"potions_floor_usage":[9,23,43,43],"damage_taken":[{"damage":0,"enemies":"Cultist","floor":2,"turns":3},{"damage":1,"enemies":"Jaw Worm","floor":3,"turns":3},{"damage":0,"enemies":"2 Louse","floor":4,"turns":2},{"damage":0,"enemies":"Lots of Slimes","floor":5,"turns":5},{"damage":0,"enemies":"Exordium Wildlife","floor":6,"turns":3},{"damage":4,"enemies":"Gremlin Gang","floor":8,"turns":4},{"damage":3,"enemies":"Lagavulin","floor":9,"turns":7},{"damage":8,"enemies":"Exordium Thugs","floor":11,"turns":4},{"damage":0,"enemies":"Red Slaver","floor":12,"turns":3},{"damage":0,"enemies":"3 Louse","floor":14,"turns":2},{"damage":5,"enemies":"Gremlin Gang","floor":15,"turns":4},{"damage":15,"enemies":"DF_ARCHETYPE_STREAMLINE","floor":16,"turns":9},{"damage":5,"enemies":"Spheric Guardian","floor":19,"turns":3},{"damage":3,"enemies":"Shell Parasite","floor":20,"turns":4},{"damage":13,"enemies":"Centurion and Healer","floor":22,"turns":7},{"damage":31,"enemies":"Slavers","floor":23,"turns":5},{"damage":8,"enemies":"Chosen and Byrds","floor":25,"turns":4},{"damage":6,"enemies":"Snake Plant","floor":26,"turns":3},{"damage":2,"enemies":"Book of Stabbing","floor":27,"turns":5},{"damage":2,"enemies":"downfall:FleeingMerchant","floor":29,"turns":4},{"damage":15,"enemies":"Cultist and Chosen","floor":32,"turns":5},{"damage":21,"enemies":"IC_MUSHROOM_ARCHETYPE","floor":33,"turns":7},{"damage":0,"enemies":"downfall:FleeingMerchant","floor":36,"turns":4},{"damage":0,"enemies":"downfall:FleeingMerchant","floor":37,"turns":4},{"damage":12,"enemies":"Orb Walker","floor":38,"turns":3},{"damage":1,"enemies":"3 Shapes","floor":39,"turns":4},{"damage":14,"enemies":"Writhing Mass","floor":40,"turns":4},{"damage":18,"enemies":"Transient","floor":43,"turns":5},{"damage":13,"enemies":"4 Shapes","floor":44,"turns":4},{"damage":15,"enemies":"downfall:FleeingMerchant","floor":46,"turns":4},{"damage":22,"enemies":"Spire Growth","floor":48,"turns":4},{"damage":4,"enemies":"Maw","floor":49,"turns":5},{"damage":37,"enemies":"WA_ARCHETYPE_DIVINITY","floor":50,"turns":5}],"seed_played":"-4696751697281898653","potions_obtained":[{"floor":2,"key":"CultistPotion"},{"floor":3,"key":"Weak Potion"},{"floor":4,"key":"PowerPotion"},{"floor":11,"key":"Block Potion"},{"floor":26,"key":"Fire Potion"},{"floor":44,"key":"Strength Potion"},{"floor":48,"key":"SpeedPotion"}],"is_trial":false,"path_per_floor":["R","M","M","M","M","M","T","M","E","R","M","M","R","M","M","B",null,"R","M","M","?","M","E","T","M","M","E","?","$","R","?","M","B",null,"R","$","?","M","M","M","T","R","M","M","T","$","R","M","M","B"],"character_chosen":"THE_SPIRIT","items_purchased":["Vajra","hexamod:PhantomFireball","Bottled Tornado"],"campfire_rested":0,"item_purchase_floors":[29,29,36],"current_hp_per_floor":[77,77,76,76,76,76,76,72,69,69,61,61,61,61,56,41,77,77,72,69,69,63,39,39,38,39,44,44,49,49,49,41,27,77,77,77,77,72,77,70,70,80,69,63,63,55,55,33,36,0,0,0],"gold":264,"neow_bonus":"TEN_PERCENT_HP_BONUS","is_daily":false,"chose_seed":false,"campfire_upgraded":7,"win_rate":0.0,"timestamp":1611690566,"path_taken":["R","M","M","M","?","M","T","M","E","R","M","M","R","M","M","BOSS","R","M","M","?","M","E","T","M","M","E","?","$","R","?","M","BOSS","R","?","?","M","M","M","T","R","M","?","?","$","R","?","M","BOSS"],"items_purchased_type":["Relic","Card","Relic"],"build_version":"2020-12-18","purchased_purges":3,"victory":false,"max_hp_per_floor":[77,77,77,77,77,77,77,77,77,77,77,77,77,77,77,77,77,77,77,77,77,77,77,77,77,77,77,77,77,77,77,77,77,77,77,77,77,77,77,77,77,87,87,87,87,87,87,87,87,87,87,87],"card_choices":[{"not_picked":["hexamod:ExtraCrispy","hexamod:GhostOfSpireFuture"],"picked":"hexamod:ThermalTransfer","floor":2},{"not_picked":["hexamod:PowerFromBeyond","hexamod:GhostShield","hexamod:HeatShield"],"picked":"SKIP","floor":3},{"not_picked":["hexamod:SecondSeal","hexamod:BurningTouch"],"picked":"hexamod:HeatMetal","floor":4},{"not_picked":["hexamod:SecondSeal","hexamod:SpectralAdrenaline","hexamod:Incineration"],"picked":"SKIP","floor":5},{"not_picked":["hexamod:Firestarter","hexamod:BurningTouch"],"picked":"hexamod:HauntingEcho","floor":6},{"not_picked":["hexamod:RadiantFlame","hexamod:Hexaguard"],"picked":"hexamod:StepThrough","floor":8},{"not_picked":["hexamod:UnlimitedPower","hexamod:SpectersWail"],"picked":"hexamod:GhostOfSpireFuture","floor":9},{"not_picked":["hexamod:Again","hexamod:AdvancingGuard"],"picked":"hexamod:EtherealExpedition","floor":11},{"not_picked":["hexamod:ThermalTransfer","hexamod:AdvancingGuard","hexamod:BacktrackSmack"],"picked":"SKIP","floor":12},{"not_picked":["hexamod:AdvancingGuard","hexamod:RadiantFlame"],"picked":"hexamod:FastForward","floor":14},{"not_picked":["hexamod:HauntingEcho","hexamod:RecurringNightmare"],"picked":"hexamod:AdvancingGuard","floor":15},{"not_picked":["hexamod:GiftsFromTheDead","hexamod:ParanormalForm"],"picked":"hexamod:TimeWarp","floor":16},{"not_picked":["hexamod:GhostShield","hexamod:HeatMetal","hexamod:NightmareStrike+1"],"picked":"SKIP","floor":19},{"not_picked":["hexamod:GhostOfSpirePast","hexamod:PowerFromBeyond"],"picked":"hexamod:FirstSeal","floor":20},{"not_picked":["hexamod:PhantomFireball","hexamod:SwordOfDarkness+1"],"picked":"hexamod:FastForward","floor":22},{"not_picked":["hexamod:SwordOfDarkness","hexamod:Again"],"picked":"hexamod:RadiantFlame+1","floor":23},{"not_picked":["hexamod:InspiringFlames","hexamod:SwordOfDarkness+1"],"picked":"hexamod:HeatMetal+1","floor":25},{"not_picked":["hexamod:NightmareStrike","hexamod:EtherealExpedition","hexamod:DynamicBlow"],"picked":"SKIP","floor":26},{"not_picked":["hexamod:HeatCrush","hexamod:Haunt+1","hexamod:BacktrackSmack+1"],"picked":"SKIP","floor":27},{"not_picked":["hexamod:DynamicBlow","hexamod:RetreatToShadows","hexamod:InspiringFlames"],"picked":"SKIP","floor":29},{"not_picked":["hexamod:GhostflameBarrier","hexamod:SwordOfDarkness"],"picked":"hexamod:Rewind","floor":32},{"not_picked":["hexamod:EmpoweredFlame","hexamod:GhostLash"],"picked":"hexamod:PhantomFireball","floor":36},{"not_picked":["hexamod:GhostLash","hexamod:Firestarter"],"picked":"hexamod:ExtraCrispy+1","floor":38},{"not_picked":["hexamod:NecessarySacrifice","hexamod:ExtraCrispy","hexamod:HeatCrush"],"picked":"SKIP","floor":39},{"not_picked":["hexamod:GhostShield","hexamod:DynamicBlow+1","hexamod:HauntingEcho"],"picked":"SKIP","floor":40},{"not_picked":["hexamod:NecessarySacrifice","hexamod:NightmareStrike+1","hexamod:HeatShield"],"picked":"SKIP","floor":43},{"not_picked":["hexamod:GhostLash","hexamod:RecurringNightmare+1"],"picked":"hexamod:SkipABeat+1","floor":44},{"not_picked":["hexamod:VolcanoVisage","hexamod:AdvancingGuard","hexamod:HeatCrush+1"],"picked":"SKIP","floor":46},{"not_picked":["hexamod:Firestarter","hexamod:FirstSeal","hexamod:Haunt+1"],"picked":"SKIP","floor":48},{"not_picked":["hexamod:InspiringFlames","hexamod:NightmareGuise","hexamod:GhostLash"],"picked":"SKIP","floor":49}],"player_experience":465191,"relics_obtained":[{"floor":7,"key":"Bottled Flame"},{"floor":9,"key":"Centennial Puzzle"},{"floor":23,"key":"TungstenRod"},{"floor":24,"key":"War Paint"},{"floor":27,"key":"Art of War"},{"floor":37,"key":"downfall:GremlinWheel"},{"floor":45,"key":"hexamod:MatchstickCase"}],"event_choices":[{"damage_healed":0,"gold_gain":0,"player_choice":"Inject Mutagens","damage_taken":0,"relics_obtained":["MutagenicStrength"],"max_hp_gain":0,"max_hp_loss":0,"event_name":"Drug Dealer","floor":21,"gold_loss":0}],"is_beta":true,"boss_relics":[{"not_picked":["Coffee Dripper","Sozu"],"picked":"hexamod:IceCube"},{"not_picked":["Runic Dome","SacredBark"],"picked":"Cursed Key"}],"items_purged_floors":[29,36,46],"is_endless":false,"potions_floor_spawned":[2,3,4,11,12,15,16,19,26,27,33,37,38,44,48,49],"killed_by":"WA_ARCHETYPE_DIVINITY","ascension_level":0}}