{"host":"igj4vwc42ivwqexo","time":1611696109,"event":{"mods":["BaseMod","Better Third Choice","Koishi","Marisa????????","Minty Spire (QoL Compilation)","Shop Mod","StSLib","The Blue Laboratory","The Disciple","The Hierophant","The Servant 0.9.4"],"gold_per_floor":[109,128,128,139,152,152,184,196,231,271,283,308,320,371,383,519,531,517,549,575,587,440,440,365,365,365,43,62,62,96,120,120,250,250,273,0,0,24,49,49,80,80,80,44,87,100,115,164,164,164],"floor_reached":51,"language":"ENG","playtime":4584,"items_purged":[],"score":1231,"play_id":"78e38f89-0ab7-4411-bb67-67d2cdf50881","local_time":"20210126222149","is_ascension_mode":true,"campfire_choices":[{"data":"Chaos","floor":6,"key":"SMITH"},{"data":"Lockon","floor":8,"key":"SMITH"},{"data":"Zap","floor":13,"key":"SMITH"},{"data":"Reinforced Body","floor":15,"key":"SMITH"},{"data":"Buffer","floor":23,"key":"SMITH"},{"data":"Defragment","floor":25,"key":"SMITH"},{"data":"White Noise","floor":29,"key":"SMITH"},{"data":"Seek","floor":32,"key":"SMITH"},{"data":"Sunder","floor":40,"key":"SMITH"},{"data":"Dualcast","floor":42,"key":"SMITH"},{"data":"Thunder Strike","floor":49,"key":"SMITH"}],"circlet_count":0,"master_deck":["Zap+1","Dualcast+1","Lockon+1","Compile Driver","Self Repair","Reinforced Body+1","Chaos+1","Biased Cognition","Skim","Coolheaded","Seek+1","Buffer+1","Cold Snap","Reinforced Body+1","Defragment+1","Leap+1","Reinforced Body","Storm+1","Leap","Self Repair+1","Capacitor","White Noise+1","Storm+1","Conserve Battery","Machine Learning","Undo","Storm","Sunder+1","Ball Lightning","BootSequence","Biased Cognition","Secret Technique+1","Flash of Steel","Finesse","Coolheaded+1","Static Discharge+1","Capacitor","Consume","Coolheaded+1","Thunder Strike+1"],"relics":["Cracked Core","Akabeko","Blood Vial","Golden Idol","Gremlin Horn","SlaversCollar","Nloth\u0027s Gift","Orrery","Mercury Hourglass","HornCleat","Thread and Needle","Pandora\u0027s Box","Red Mask","Dream Catcher","War Paint","Anchor","CeramicFish"],"acts_visited":["Exordium","TheCity","TheBeyond"],"potions_floor_usage":[7,7,12,18,20,30,34],"damage_taken":[{"damage":1,"enemies":"Cultist","floor":1,"turns":3},{"damage":4,"enemies":"Small Slimes","floor":2,"turns":2},{"damage":2,"enemies":"2 Louse","floor":4,"turns":3},{"damage":11,"enemies":"2 Fungi Beasts","floor":5,"turns":4},{"damage":11,"enemies":"3 Sentries","floor":7,"turns":7},{"damage":16,"enemies":"Gremlin Nob","floor":10,"turns":3},{"damage":1,"enemies":"Exordium Thugs","floor":12,"turns":3},{"damage":25,"enemies":"3 Sentries","floor":14,"turns":7},{"damage":2,"enemies":"Hexaghost","floor":16,"turns":9},{"damage":29,"enemies":"2 Thieves","floor":18,"turns":5},{"damage":10,"enemies":"Spheric Guardian","floor":19,"turns":4},{"damage":14,"enemies":"Centurion and Healer","floor":20,"turns":7},{"damage":30,"enemies":"Chosen and Byrds","floor":28,"turns":12},{"damage":0,"enemies":"Gremlin Leader","floor":30,"turns":5},{"damage":14,"enemies":"Shelled Parasite and Fungi","floor":31,"turns":5},{"damage":0,"enemies":"Automaton","floor":33,"turns":6},{"damage":0,"enemies":"Orb Walker","floor":35,"turns":3},{"damage":9,"enemies":"3 Darklings","floor":38,"turns":4},{"damage":1,"enemies":"Sphere and 2 Shapes","floor":39,"turns":3},{"damage":0,"enemies":"Reptomancer","floor":41,"turns":2},{"damage":0,"enemies":"Nemesis","floor":45,"turns":7},{"damage":0,"enemies":"Jaw Worm Horde","floor":46,"turns":3},{"damage":5,"enemies":"Writhing Mass","floor":47,"turns":3},{"damage":0,"enemies":"Giant Head","floor":48,"turns":5},{"damage":15,"enemies":"Time Eater","floor":50,"turns":9}],"seed_played":"-4372323412862406298","potions_obtained":[{"floor":1,"key":"blueLaboratory:AbyssPotion"},{"floor":5,"key":"blueLaboratory:BiasPotion"},{"floor":10,"key":"BlessingOfTheForge"},{"floor":16,"key":"DistilledChaos"},{"floor":18,"key":"blueLaboratory:PhilterOfMotion"},{"floor":20,"key":"Explosive Potion"},{"floor":28,"key":"Strength Potion"},{"floor":33,"key":"Fruit Juice"},{"floor":39,"key":"Explosive Potion"},{"floor":45,"key":"Explosive Potion"}],"is_trial":false,"path_per_floor":["M","M","?","M","M","R","E","R","T","E","?","M","R","E","R","B",null,"M","M","M","?","$","R","?","R","T","$","M","R","E","M","R","B",null,"M","?","?","M","M","R","E","R","T","$","E","M","M","E","R","B",null],"character_chosen":"DEFECT","items_purchased":["Orrery","Capacitor","HornCleat","Capacitor"],"campfire_rested":0,"item_purchase_floors":[22,27,27,44],"current_hp_per_floor":[74,70,70,75,71,71,67,67,67,58,38,39,39,23,23,30,69,49,41,36,36,36,36,36,36,36,36,25,25,44,39,39,58,81,87,87,77,80,87,87,87,87,87,87,87,87,82,87,87,87],"gold":164,"neow_bonus":"TEN_PERCENT_HP_BONUS","is_daily":false,"chose_seed":false,"campfire_upgraded":11,"win_rate":0.0,"timestamp":1611696109,"path_taken":["M","?","?","M","M","R","E","R","T","E","?","M","R","E","R","BOSS","M","M","M","?","?","R","?","R","T","?","?","R","E","M","R","BOSS","M","?","?","M","M","R","E","R","T","?","E","M","M","E","R","BOSS"],"items_purchased_type":["Relic","Card","Relic","Card"],"build_version":"2020-12-22","purchased_purges":0,"victory":true,"max_hp_per_floor":[82,82,82,82,82,82,82,82,82,82,82,82,82,82,82,82,82,82,82,82,82,82,82,82,82,82,82,82,82,82,82,82,82,87,87,87,87,87,87,87,87,87,87,87,87,87,87,87,87,87],"card_choices":[{"not_picked":["Hologram","Gash"],"picked":"Lockon","floor":1},{"not_picked":["Stack","Gash"],"picked":"Compile Driver","floor":2},{"not_picked":["Undo","Reprogram"],"picked":"Reinforced Body","floor":4},{"not_picked":["Gash","Undo"],"picked":"Chaos","floor":5},{"not_picked":["Hyperbeam","Compile Driver"],"picked":"Biased Cognition","floor":7},{"not_picked":["Coolheaded","Stack"],"picked":"Skim","floor":10},{"not_picked":["Streamline","Leap"],"picked":"Coolheaded","floor":12},{"not_picked":["Conserve Battery","Storm"],"picked":"Seek","floor":14},{"not_picked":["All For One","Echo Form"],"picked":"Buffer","floor":16},{"not_picked":["Compile Driver","Hologram"],"picked":"Cold Snap","floor":18},{"not_picked":["Chaos","Recycle"],"picked":"Reinforced Body","floor":19},{"not_picked":["Streamline","Hologram"],"picked":"Defragment","floor":20},{"not_picked":["Ball Lightning","Chaos"],"picked":"Leap+1","floor":22},{"not_picked":["Conserve Battery","Rip and Tear"],"picked":"Reinforced Body","floor":22},{"not_picked":["Chaos","Gash"],"picked":"Storm+1","floor":22},{"not_picked":["Turbo","Hyperbeam"],"picked":"Leap","floor":22},{"not_picked":["Rebound","Conserve Battery+1"],"picked":"Self Repair+1","floor":22},{"not_picked":["Leap","Rip and Tear+1"],"picked":"White Noise","floor":28},{"not_picked":["Gash","Multi-Cast"],"picked":"Storm+1","floor":30},{"not_picked":["Redo+1","Recycle"],"picked":"Conserve Battery","floor":31},{"not_picked":["Core Surge","All For One"],"picked":"Machine Learning","floor":33},{"not_picked":["Stack","Go for the Eyes+1","Steam"],"picked":"SKIP","floor":35},{"not_picked":["Dramatic Entrance","PanicButton"],"picked":"Secret Technique","floor":37},{"not_picked":["Bandage Up","Metamorphosis"],"picked":"Flash of Steel","floor":37},{"not_picked":["Mind Blast","Metamorphosis"],"picked":"Finesse","floor":37},{"not_picked":["Cold Snap+1","Reinforced Body"],"picked":"Coolheaded+1","floor":38},{"not_picked":["Skim","Compile Driver","Sunder"],"picked":"SKIP","floor":39},{"not_picked":["Meteor Strike","Stack+1"],"picked":"Static Discharge+1","floor":41},{"not_picked":["Self Repair","Recycle+1"],"picked":"Consume","floor":45},{"not_picked":["Sweeping Beam+1","Chill"],"picked":"Coolheaded+1","floor":46},{"not_picked":["Undo","Reboot","Compile Driver"],"picked":"SKIP","floor":47},{"not_picked":["Compile Driver+1","Redo+1"],"picked":"Thunder Strike","floor":48}],"player_experience":361467,"relics_obtained":[{"floor":7,"key":"MawBank"},{"floor":9,"key":"Akabeko"},{"floor":10,"key":"Blood Vial"},{"floor":14,"key":"Gremlin Horn"},{"floor":26,"key":"Mercury Hourglass"},{"floor":30,"key":"Thread and Needle"},{"floor":41,"key":"Dream Catcher"},{"floor":43,"key":"War Paint"},{"floor":45,"key":"Anchor"},{"floor":48,"key":"CeramicFish"}],"event_choices":[{"damage_healed":0,"gold_gain":0,"cards_transformed":["Strike_B"],"player_choice":"Change","damage_taken":0,"max_hp_gain":0,"max_hp_loss":0,"event_name":"Living Wall","floor":3,"gold_loss":0,"cards_obtained":["Self Repair"]},{"damage_healed":0,"gold_gain":0,"player_choice":"Take Damage","damage_taken":20,"relics_obtained":["Golden Idol"],"max_hp_gain":0,"max_hp_loss":0,"event_name":"Golden Idol","floor":11,"gold_loss":0},{"damage_healed":0,"gold_gain":0,"player_choice":"Traded Relic","damage_taken":0,"relics_obtained":["Nloth\u0027s Gift"],"max_hp_gain":0,"max_hp_loss":0,"event_name":"N\u0027loth","floor":21,"relics_lost":["MawBank"],"gold_loss":0},{"cards_removed":["Defend_B"],"damage_healed":0,"gold_gain":0,"player_choice":"Gave Gold","damage_taken":0,"max_hp_gain":0,"max_hp_loss":0,"event_name":"Beggar","floor":24,"gold_loss":75},{"damage_healed":0,"gold_gain":0,"player_choice":"Paid","damage_taken":0,"relics_obtained":["Red Mask"],"max_hp_gain":0,"max_hp_loss":0,"event_name":"Tomb of Lord Red Mask","floor":36,"gold_loss":273},{"damage_healed":0,"gold_gain":0,"player_choice":"Memory 3","damage_taken":10,"max_hp_gain":0,"max_hp_loss":0,"event_name":"SensoryStone","floor":37,"gold_loss":0}],"is_beta":false,"boss_relics":[{"not_picked":["Cursed Key","Sozu"],"picked":"SlaversCollar"},{"not_picked":["Calling Bell","FrozenCore"],"picked":"Pandora\u0027s Box"}],"items_purged_floors":[],"is_endless":false,"potions_floor_spawned":[1,5,10,16,18,20,28,33,39,45,47,48],"ascension_level":7}}