{"host":"yvsfsto0agm53yt2","time":1611640566,"event":{"mods":["AchievementEnabler","Aspiration","BaseMod","Bestiary","Ironclad Rager","Minty Spire (QoL Compilation)","Practice Mode","Rare Cards Sparkle","Relic Stats","Replay The Spire","Spicy Shops","Spire Arcade","StSLib","The Edgeheg","everything is the same but u backflip on backflip"],"gold_per_floor":[119,136,150,113,128,153,153,182,182,182,193,205,105,105,105,201,201,212,262,312,287,304,334,94,144,144,44,61,61,87,157,157,157,157],"floor_reached":33,"language":"ENG","playtime":1131,"items_purged":["Delirium","ICR:ProbingStrike+1"],"score":295,"play_id":"4e514594-da4d-420c-a067-4578397a62a9","local_time":"20210126155606","is_ascension_mode":false,"campfire_choices":[{"data":"aspiration:Polymerization","floor":7.0,"key":"SMITH"},{"data":"Zap","floor":10.0,"key":"SMITH"},{"data":"ReplayRNGCard","floor":15.0,"key":"SMITH"},{"data":"ReplayRNGCard","floor":29,"key":"SMITH"},{"data":"Fission","floor":32,"key":"SMITH"}],"circlet_count":0,"master_deck":["Zap+1","Dualcast","ICR:ProbingStrike+1","ICR:ProbingStrike+1","ICR:ProbingStrike+1","ICR:AutoDefend+1","ICR:AutoDefend+1","ICR:AutoDefend+1","ICR:AutoDefend+1","Go for the Eyes","Rip and Tear","Compile Driver","Redo+1","Barrage","aspiration:Polymerization+1","Self Repair","ReplaySolidLightProjector","Time Bomb","ReplayRNGCard+1","ReplayRNGCard","ReplayRNGCard+1","ReplayTheSpireMod:Splinters","FIFO Queue","Auto Shields","Conserve Battery+1","FIFO Queue","FIFO Queue","Fission+1"],"relics":["Cracked Core","Bag of Marbles","aspiration:HatOfInfinitePower","Blue Doll","SsserpentHead","Replay:Ancient Bell","Bag of Preparation","ReplayTheSpireMod:Shallot","Peace Pipe","aspiration:RitualStick","Geode","Raider\u0027s Mask","Shuriken","Lantern"],"acts_visited":["Exordium","TheCity"],"potions_floor_usage":[23,31,33,33,33],"damage_taken":[{"damage":0.0,"enemies":"2 Louse","floor":1.0,"turns":3.0},{"damage":0.0,"enemies":"Cultist","floor":2.0,"turns":4.0},{"damage":0.0,"enemies":"Small Slimes","floor":3.0,"turns":2.0},{"damage":5.0,"enemies":"Looter","floor":5.0,"turns":3.0},{"damage":6.0,"enemies":"Replay:BlueRogue","floor":6.0,"turns":6.0},{"damage":14.0,"enemies":"Gremlin Nob","floor":8.0,"turns":4.0},{"damage":0.0,"enemies":"Blue Slaver","floor":11.0,"turns":2.0},{"damage":0.0,"enemies":"2 Fungi Beasts","floor":12.0,"turns":2.0},{"damage":2.0,"enemies":"Hexaghost","floor":16.0,"turns":8.0},{"damage":4,"enemies":"Chosen","floor":18,"turns":3},{"damage":2,"enemies":"Spheric Guardian","floor":22,"turns":3},{"damage":26,"enemies":"Slavers","floor":23,"turns":6},{"damage":8,"enemies":"Centurion and Healer","floor":28,"turns":6},{"damage":11,"enemies":"Book of Stabbing","floor":30,"turns":5},{"damage":6,"enemies":"Snake Plant","floor":31,"turns":4},{"damage":17,"enemies":"Pondfish","floor":33,"turns":6}],"seed_played":"-5124091833278263485","potions_obtained":[{"floor":2.0,"key":"Dexterity Potion"},{"floor":5.0,"key":"Languid Potion"},{"floor":8.0,"key":"LifebloodPotion"},{"floor":16.0,"key":"Fire Potion"},{"floor":22,"key":"Energy Potion"},{"floor":28,"key":"Fire Potion"},{"floor":31,"key":"AttackPotion"}],"is_trial":false,"path_per_floor":["M","M","M","$","M","E","R","E","T","R","M","M","$","?","R","B",null,"M","?","?","?","M","E","$","?","T","$","M","R","E","M","R","B"],"character_chosen":"DEFECT","items_purchased":["Redo+1","ReplayRNGCard","Raider\u0027s Mask","FIFO Queue"],"campfire_rested":0,"item_purchase_floors":[4,13,24,24],"current_hp_per_floor":[75,75,75,75,70,64,64,50,50,50,50,57,57,57,57,55,75,71,56,56,56,54,28,28,28,28,28,27,27,16,17,17,0,0],"gold":157,"neow_bonus":"DEFECT_WARDEN","is_daily":false,"chose_seed":false,"campfire_upgraded":5,"win_rate":0.0,"timestamp":1611640566,"path_taken":["M","M","M","$","M","E","R","E","T","R","M","M","$","?","R","BOSS","M","?","?","?","M","E","?","?","T","$","M","R","E","?","R","BOSS"],"items_purchased_type":["Card","Card","Relic","Card"],"build_version":"2020-12-22","purchased_purges":2,"victory":false,"max_hp_per_floor":[75,75,75,75,75,75,75,75,75,75,75,75,75,75,75,75,75,75,75,75,75,75,75,75,75,75,75,75,75,75,75,75,75,75],"relic_stats":{"Peace Pipe":0,"SsserpentHead":300,"counters":[16,67],"Shuriken":[1],"Bag of Preparation":[14],"obtain_stats":[{"Lantern":30,"Blue Doll":9,"Replay:Ancient Bell":17,"Bag of Preparation":17,"Geode":23,"Raider\u0027s Mask":24,"aspiration:RitualStick":19,"Peace Pipe":17,"SsserpentHead":14,"ReplayTheSpireMod:Shallot":17,"Shuriken":26,"Bag of Marbles":6,"Cracked Core":0,"aspiration:HatOfInfinitePower":8},{"Lantern":14,"Blue Doll":6,"Replay:Ancient Bell":9,"Bag of Preparation":9,"Geode":12,"Raider\u0027s Mask":12,"aspiration:RitualStick":10,"Peace Pipe":9,"SsserpentHead":8,"ReplayTheSpireMod:Shallot":9,"Shuriken":12,"Bag of Marbles":5,"Cracked Core":0,"aspiration:HatOfInfinitePower":6},{"Lantern":57,"Blue Doll":22,"Replay:Ancient Bell":34,"Bag of Preparation":34,"Geode":46,"Raider\u0027s Mask":46,"aspiration:RitualStick":37,"Peace Pipe":34,"SsserpentHead":26,"ReplayTheSpireMod:Shallot":34,"Shuriken":46,"Bag of Marbles":18,"Cracked Core":0,"aspiration:HatOfInfinitePower":22}],"aspiration:RitualStick":[0]},"card_choices":[{"not_picked":["Leap","Conserve Battery"],"picked":"Go for the Eyes","floor":1.0},{"not_picked":["Steam","Rebound"],"picked":"Rip and Tear","floor":2.0},{"not_picked":["Turbo","Stack"],"picked":"Compile Driver","floor":3.0},{"not_picked":["Hologram","Redo"],"picked":"Barrage","floor":5.0},{"not_picked":["Doom and Gloom","Steam"],"picked":"aspiration:Polymerization","floor":6.0},{"not_picked":["ReplaySort","FTL"],"picked":"Self Repair","floor":8.0},{"not_picked":["Blizzard","Steam"],"picked":"ReplaySolidLightProjector","floor":11.0},{"not_picked":["ReplayGash","FTL"],"picked":"Time Bomb","floor":12.0},{"not_picked":["Machine Learning","Multi-Cast"],"picked":"ReplayRNGCard","floor":16.0},{"not_picked":["Pain","ReplayTheSpireMod:Doomed"],"picked":"Delirium","floor":17},{"not_picked":["CurseOfTheBell","Parasite"],"picked":"ReplayTheSpireMod:Splinters","floor":17},{"not_picked":["Languid","ReplayTheSpireMod:Doomed"],"picked":"Sickly","floor":17},{"not_picked":["Glacier","Redo"],"picked":"FIFO Queue","floor":18},{"not_picked":["Self Repair","Sweeping Beam"],"picked":"Auto Shields","floor":22},{"not_picked":["Beam Cell+1","Thunder Strike"],"picked":"Conserve Battery+1","floor":23},{"not_picked":["Cold Snap","Streamline"],"picked":"FIFO Queue","floor":28},{"not_picked":["Beam Cell+1","Steam+1","Go for the Eyes"],"picked":"SKIP","floor":30},{"not_picked":["Barrage","Cold Snap+1"],"picked":"Fission","floor":31}],"player_experience":281243,"relics_obtained":[{"floor":6.0,"key":"Bag of Marbles"},{"floor":8.0,"key":"aspiration:HatOfInfinitePower"},{"floor":9.0,"key":"Blue Doll"},{"floor":23,"key":"Geode"},{"floor":26,"key":"Shuriken"},{"floor":30,"key":"Lantern"}],"event_choices":[{"damage_healed":0.0,"max_hp_gain":0.0,"max_hp_loss":0.0,"gold_gain":0.0,"event_name":"FaceTrader","player_choice":"Trade","floor":14.0,"gold_loss":0.0,"damage_taken":0.0,"relics_obtained":["SsserpentHead"]},{"damage_healed":0,"gold_gain":0,"player_choice":"Simplicity","damage_taken":0,"max_hp_gain":0,"max_hp_loss":0,"event_name":"Back to Basics","floor":20,"gold_loss":0,"cards_upgraded":["ICR:ProbingStrike","ICR:ProbingStrike","ICR:ProbingStrike","ICR:ProbingStrike","ICR:AutoDefend","ICR:AutoDefend","ICR:AutoDefend","ICR:AutoDefend"]},{"cards_removed":["Sickly"],"damage_healed":0,"gold_gain":0,"player_choice":"Gave Gold","damage_taken":0,"max_hp_gain":0,"max_hp_loss":0,"event_name":"Beggar","floor":21,"gold_loss":75},{"damage_healed":0,"gold_gain":0,"player_choice":"Ignored","damage_taken":0,"max_hp_gain":0,"max_hp_loss":0,"event_name":"Vampires","floor":25,"gold_loss":0}],"is_beta":false,"boss_relics":[{"not_picked":["aspiration:FutureDiary","aspiration:SilentSkillbook"],"picked":"Replay:Ancient Bell"},{"not_picked":["Smiling Mask","Pet Ghost"],"picked":"Bag of Preparation"},{"not_picked":["Mirror","Mercury Hourglass"],"picked":"ReplayTheSpireMod:Shallot"},{"not_picked":["Lizard Tail","WingedGreaves"],"picked":"Peace Pipe"}],"items_purged_floors":[24,27],"is_endless":false,"potions_floor_spawned":[2,5,8,11,12,16,22,28,31],"killed_by":"Pondfish","ascension_level":0}}