{"host":"bw00wb7p5bw58om7","time":1611701572,"event":{"mods":["100% Spire Juice","Act Like it!","BaseMod","Better Third Choice","CapriCore","Chen","Downfall","Gensokyo","Koishi","KomeijiMod","Marisa????????","Minty Spire (QoL Compilation)","Onozuka Komachi Mod","Permanent Neow","Prisma Mod","Reimu??????","Remilia??????","StSLib","The Administrix","The Immortal","The Senshi","The Servant 0.9.4","Yakumo Yukari mod"],"gold_per_floor":[11,24,37,51,62,89,89,89,89,89,103,117,128,144,144,240,240,258,268,268,268],"floor_reached":20,"language":"ENG","playtime":1095,"items_purged":[],"score":191,"play_id":"9f3650b0-9164-4dfa-94d3-9d09a426e2e1","local_time":"20210126225252","is_ascension_mode":true,"campfire_choices":[{"data":"Koishi:HeartStoppingHorror","floor":7,"key":"SMITH"},{"floor":10,"key":"REST"},{"floor":15,"key":"REST"}],"circlet_count":0,"master_deck":["Koishi:BasicStrike","Koishi:BasicStrike","Koishi:BasicStrike","Koishi:BasicStrike","Koishi:BasicDefend","Koishi:BasicDefend","Koishi:BasicDefend","Koishi:BasicDefend","Koishi:Provoke","Koishi:HauntingSlash","Koishi:JumpScare","Koishi:MindStellarRelief","Koishi:ParalyzingFear","Koishi:EmbryosDream","Koishi:DreadfulBlow","Koishi:HeartStoppingHorror+1","Clumsy","Koishi:EmbryosDream","Koishi:TremblingHands","Koishi:RacingHeart","Koishi:StrangeCloudFist","Koishi:MentalBreakdown","Koishi:SpiritedAway","Koishi:GeneticsOfTheUnconscious"],"relics":["Koishi:ImaginaryFriend","Centennial Puzzle","Gensokyo:NagashiBinaDoll","ScarletDevilRocket","Velvet Choker"],"acts_visited":["Gensokyo:Gensokyo","Gensokyo:Gensokyoer"],"potions_floor_usage":[5],"damage_taken":[{"damage":0,"enemies":"Gensokyo:Python","floor":1,"turns":4},{"damage":11,"enemies":"Gensokyo:2_Kodama","floor":2,"turns":4},{"damage":0,"enemies":"Gensokyo:3_Fairies","floor":3,"turns":4},{"damage":0,"enemies":"Gensokyo:LivingMonolith","floor":4,"turns":3},{"damage":34,"enemies":"Gensokyo:5_Fairies","floor":5,"turns":9},{"damage":18,"enemies":"Gensokyo:Cirno","floor":6,"turns":8},{"damage":0,"enemies":"Gensokyo:Kitsune","floor":11,"turns":3},{"damage":16,"enemies":"Gensokyo:3_Kodama","floor":12,"turns":9},{"damage":0,"enemies":"Gensokyo:VengefulSpirit","floor":13,"turns":4},{"damage":15,"enemies":"Gensokyo:Python_and_Kodama","floor":14,"turns":4},{"damage":9,"enemies":"Gensokyo:Yukari","floor":16,"turns":10},{"damage":10,"enemies":"Gensokyo:AngelMirror","floor":18,"turns":4},{"damage":33,"enemies":"Gensokyo:3_Dogs","floor":19,"turns":8},{"damage":40,"enemies":"Gensokyo:Slime_Group","floor":20,"turns":4}],"seed_played":"-7614293367094851083","potions_obtained":[{"floor":3,"key":"BlessingOfTheForge"},{"floor":4,"key":"Swift Potion"},{"floor":6,"key":"SkillPotion"},{"floor":12,"key":"Dexterity Potion"},{"floor":16,"key":"DuplicationPotion"}],"is_trial":false,"path_per_floor":["M","M","M","M","M","E","R","?","T","R","M","M","M","M","R","B",null,"M","M","M"],"character_chosen":"KOISHI","items_purchased":[],"campfire_rested":2,"item_purchase_floors":[],"current_hp_per_floor":[72,62,64,67,37,22,22,22,22,43,46,34,38,29,50,50,72,63,38,0,0],"gold":268,"neow_bonus":"TWENTY_PERCENT_HP_BONUS","is_daily":false,"chose_seed":false,"campfire_upgraded":1,"win_rate":0.0,"timestamp":1611701572,"path_taken":["M","M","M","M","M","E","R","?","T","R","M","?","M","M","R","BOSS","M","M","M"],"items_purchased_type":[],"build_version":"2020-12-22","purchased_purges":0,"victory":false,"max_hp_per_floor":[72,72,72,72,72,72,72,72,72,72,72,72,72,72,72,72,72,72,72,72,72],"card_choices":[{"not_picked":["Koishi:PhantomBarrier","Koishi:UnansweredLove"],"picked":"Koishi:JumpScare","floor":1},{"not_picked":["Koishi:UnansweredLove","Koishi:EmbryosDream"],"picked":"Koishi:MindStellarRelief","floor":2},{"not_picked":["Koishi:Prune","Koishi:SpiritedAway"],"picked":"Koishi:ParalyzingFear","floor":3},{"not_picked":["Koishi:ReflexRadar","Koishi:CatchAndRose"],"picked":"Koishi:EmbryosDream","floor":4},{"not_picked":["Koishi:Jaunt","Koishi:PredatoryInstincts"],"picked":"Koishi:DreadfulBlow","floor":5},{"not_picked":["Koishi:RorschachInDanmaku","Koishi:DreadfulBlow"],"picked":"Koishi:HeartStoppingHorror","floor":6},{"not_picked":["Koishi:SubterraneanRose","Koishi:Prune"],"picked":"Koishi:EmbryosDream","floor":11},{"not_picked":["Koishi:FreudianInstinct","Koishi:VengefulSpirit"],"picked":"Koishi:TremblingHands","floor":12},{"not_picked":["Koishi:Prune","Koishi:SubterraneanRose"],"picked":"Koishi:RacingHeart","floor":13},{"not_picked":["Koishi:GhostParty","Koishi:UnansweredLove"],"picked":"Koishi:StrangeCloudFist","floor":14},{"not_picked":["Koishi:GrowingPain","Koishi:ConfinedInnocent"],"picked":"Koishi:MentalBreakdown","floor":16},{"not_picked":["Koishi:SubconsciousSweep","Koishi:CatchAndRose+1"],"picked":"Koishi:SpiritedAway","floor":18},{"not_picked":["Koishi:UnseenTerror","Koishi:SubconsciousSweep"],"picked":"Koishi:GeneticsOfTheUnconscious","floor":19}],"player_experience":290218,"relics_obtained":[{"floor":6,"key":"Centennial Puzzle"},{"floor":9,"key":"ScarletDevilRocket"}],"event_choices":[],"is_beta":false,"boss_relics":[{"not_picked":["Runic Pyramid","Pandora\u0027s Box"],"picked":"Velvet Choker"}],"items_purged_floors":[],"is_endless":false,"potions_floor_spawned":[3,4,6,12,16,18,19],"killed_by":"Gensokyo:Slime_Group","ascension_level":1}}