{"host":"39cwv5sgq9xx7422","time":1611646295,"event":{"mods":["BaseMod","Colored Map","Downfall","Minty Spire (QoL Compilation)","Permanent Neow","StSLib"],"gold_per_floor":[99,116,135,135,145,163,163,194,194,209,244,65,65,91,103,198,198,98,118,133,146,146,146,146,146,157,176,176,196,196,223,234,234,234,234],"floor_reached":33,"language":"ENG","playtime":2339,"items_purged":["bronze:Strike"],"score":341,"play_id":"9564add8-5f17-47b5-a007-5b18b3a9c6c8","local_time":"20210126083135","is_ascension_mode":false,"campfire_choices":[{"data":"bronze:Goto","floor":1.0,"key":"SMITH"},{"data":"Deep Breath","floor":13.0,"key":"SMITH"},{"data":"bronze:Shell","floor":18,"key":"SMITH"},{"data":"bronze:CutThrough","floor":23,"key":"SMITH"},{"floor":25,"key":"RECALL"},{"data":"bronze:Frontload","floor":30,"key":"SMITH"}],"circlet_count":0,"master_deck":["bronze:Defend","bronze:Defend","bronze:Defend","bronze:Replicate+1","bronze:Goto+1","bronze:InfiniteBeams+1","bronze:Boost+1","bronze:DelayedSlice+1","bronze:Frontload+1","bronze:FollowUp","bronze:ForLoop","bronze:ClassDefault+1","bronze:ForceShield","Deep Breath+1","bronze:HardenedForm+1","bronze:Shell+1","bronze:ThunderWave","bronze:CutThrough+1","bronze:Invalidate","bronze:FineTuning","bronze:ChildClass+1","bronze:DigitalCarnage","bronze:Fortify"],"relics":["Astrolabe","Frozen Egg 2","Darkstone Periapt","Bag of Preparation","Pocketwatch","Black Star","downfall:HeartBlessingGreen","bronze:CableSpool","bronze:ProtectiveGoggles","Ginger","StoneCalendar"],"acts_visited":["Exordium","TheCity"],"potions_floor_usage":[31],"damage_taken":[{"damage":0.0,"enemies":"Jaw Worm","floor":2.0,"turns":3.0},{"damage":0.0,"enemies":"Cultist","floor":3.0,"turns":3.0},{"damage":0.0,"enemies":"Small Slimes","floor":5.0,"turns":2.0},{"damage":4.0,"enemies":"Blue Slaver","floor":6.0,"turns":3.0},{"damage":3.0,"enemies":"Lagavulin","floor":8.0,"turns":6.0},{"damage":5.0,"enemies":"Red Slaver","floor":10.0,"turns":3.0},{"damage":40.0,"enemies":"Gremlin Nob","floor":11.0,"turns":5.0},{"damage":0.0,"enemies":"downfall:FleeingMerchant","floor":12.0,"turns":4.0},{"damage":0.0,"enemies":"3 Sentries","floor":14.0,"turns":7.0},{"damage":3.0,"enemies":"Large Slime","floor":15.0,"turns":4.0},{"damage":6,"enemies":"WA_ARCHETYPE_RETAIN","floor":16,"turns":6},{"damage":0,"enemies":"Spheric Guardian","floor":19,"turns":3},{"damage":3,"enemies":"Shell Parasite","floor":20,"turns":5},{"damage":0,"enemies":"Snecko","floor":21,"turns":5},{"damage":21,"enemies":"Snake Plant","floor":26,"turns":4},{"damage":7,"enemies":"Centurion and Healer","floor":27,"turns":5},{"damage":18,"enemies":"Shelled Parasite and Fungi","floor":29,"turns":3},{"damage":0,"enemies":"Gremlin Leader","floor":31,"turns":5},{"damage":0,"enemies":"Sentry and Sphere","floor":32,"turns":3},{"damage":25,"enemies":"DF_ARCHETYPE_CLAW","floor":33,"turns":3}],"seed_played":"6435332242672735226","potions_obtained":[{"floor":2.0,"key":"ColorlessPotion"},{"floor":5.0,"key":"GamblersBrew"},{"floor":6.0,"key":"Regen Potion"},{"floor":11.0,"key":"SpeedPotion"},{"floor":15.0,"key":"Dexterity Potion"},{"floor":16,"key":"champ:CounterPotion"},{"floor":20,"key":"Strength Potion"},{"floor":32,"key":"SteroidPotion"}],"is_trial":false,"path_per_floor":["R","M","M","?","M","M","T","E","?","M","E","$","R","E","M","B",null,"R","M","M","M","?","R","T","R","M","M","T","M","R","E","M","B"],"character_chosen":"THE_AUTOMATON","items_purchased":["Deep Breath"],"campfire_rested":0,"item_purchase_floors":[12],"current_hp_per_floor":[70,70,70,70,70,66,66,63,63,58,18,32,32,32,29,23,70,70,70,67,67,67,67,67,67,46,39,39,21,21,21,21,0,0,0],"gold":234,"neow_bonus":"BOSS_RELIC","is_daily":false,"chose_seed":false,"campfire_upgraded":5,"win_rate":0.0,"timestamp":1611646295,"path_taken":["R","M","M","?","?","M","T","E","?","?","E","?","R","E","M","BOSS","R","M","M","M","?","R","T","R","M","?","?","?","R","E","M","BOSS"],"items_purchased_type":["Card"],"build_version":"2020-12-22","purchased_purges":1,"victory":false,"max_hp_per_floor":[70,70,70,70,70,70,70,70,70,70,70,70,70,70,70,70,70,70,70,70,70,70,70,70,70,70,70,70,70,70,70,70,70,70,70],"card_choices":[{"not_picked":["bronze:GetLatest","bronze:Overload"],"picked":"bronze:Frontload","floor":2.0},{"not_picked":["bronze:Overheat","bronze:Deprecate"],"picked":"bronze:FollowUp","floor":3.0},{"not_picked":["bronze:Frontload","bronze:GetLatest","bronze:DelayedSlice"],"picked":"SKIP","floor":5.0},{"not_picked":["bronze:Frontload","bronze:GetLatest","bronze:DelayedSlice"],"picked":"SKIP","floor":5.0},{"not_picked":["bronze:Branch","bronze:Frontload"],"picked":"bronze:ForLoop","floor":6.0},{"not_picked":["bronze:Overheat","bronze:Invalidate"],"picked":"bronze:ClassDefault+1","floor":8.0},{"not_picked":["bronze:BugBarrage","bronze:DelayedSlice","bronze:ClassDefault+1"],"picked":"SKIP","floor":10.0},{"not_picked":["bronze:DelayedGuard","bronze:Iterate"],"picked":"bronze:ForceShield","floor":11.0},{"not_picked":["bronze:DarkDash","bronze:FindAndReplace","bronze:Frontload"],"picked":"SKIP","floor":12.0},{"not_picked":["bronze:Optimize+1","bronze:Repulsor+1"],"picked":"bronze:HardenedForm+1","floor":14.0},{"not_picked":["bronze:Turbo","bronze:ChosenStrike"],"picked":"bronze:Shell","floor":15.0},{"not_picked":["bronze:FindAndReplace","bronze:BurnOut"],"picked":"bronze:ThunderWave","floor":16},{"not_picked":["bronze:Return","bronze:Optimize+1","bronze:Separator+1"],"picked":"SKIP","floor":19},{"not_picked":["bronze:CloningBeam+1","bronze:Separator"],"picked":"bronze:CutThrough","floor":20},{"not_picked":["bronze:BuggyMess","bronze:CleanCode+1","bronze:DelayedGuard+1"],"picked":"SKIP","floor":21},{"not_picked":["bronze:DelayedSlice","bronze:Optimize+1","bronze:WhirlingStrike"],"picked":"SKIP","floor":26},{"not_picked":["bronze:BitShift","bronze:Constructor"],"picked":"bronze:FineTuning","floor":27},{"not_picked":["bronze:Deprecate","bronze:CutThrough"],"picked":"bronze:ChildClass+1","floor":29},{"not_picked":["bronze:BuggyMess","bronze:BurnOut"],"picked":"bronze:DigitalCarnage","floor":31},{"not_picked":["bronze:Shell","bronze:Frontload"],"picked":"bronze:Fortify","floor":32}],"player_experience":623593,"relics_obtained":[{"floor":7.0,"key":"Frozen Egg 2"},{"floor":8.0,"key":"Darkstone Periapt"},{"floor":11.0,"key":"Bag of Preparation"},{"floor":14.0,"key":"Pocketwatch"},{"floor":24,"key":"bronze:CableSpool"},{"floor":28,"key":"bronze:ProtectiveGoggles"},{"floor":31,"key":"Ginger"},{"floor":31,"key":"StoneCalendar"}],"event_choices":[],"is_beta":false,"boss_relics":[{"not_picked":["SlaversCollar","Tiny House"],"picked":"Black Star"}],"items_purged_floors":[12],"is_endless":false,"potions_floor_spawned":[2,5,6,11,15,16,20,21,27,29,32],"killed_by":"DF_ARCHETYPE_CLAW","ascension_level":0}}