{"host":"70zhvo5nwrhp1mbg","time":1611696970,"event":{"mods":["BaseMod","Colored Map","Colored Powertips","Highlight Path","Minty Spire (QoL Compilation)","Rare Cards Sparkle","StSLib"],"gold_per_floor":[113,175,192,206,224,256,256,271,271,271,296,316,326,359,359,455,455,471,487,52,69,69,69,97,40,89,101,101,101,101],"floor_reached":29,"language":"ENG","playtime":4053,"items_purged":[],"score":427,"play_id":"929c1c0f-69cc-499d-9b23-0307edbd355b","local_time":"20210126163610","is_ascension_mode":true,"campfire_choices":[{"data":"Bash","floor":7.0,"key":"SMITH"},{"data":"Barricade","floor":10.0,"key":"SMITH"},{"data":"Clothesline","floor":15.0,"key":"SMITH"},{"floor":23,"key":"REST"},{"data":"Cleave","floor":28,"key":"SMITH"}],"circlet_count":0,"master_deck":["AscendersBane","Strike_R","Strike_R","Strike_R","Strike_R","Strike_R","Defend_R+1","Defend_R","Defend_R","Defend_R","Bash+1","Perfected Strike","Carnage","Anger","Feel No Pain","Clothesline+1","Barricade+1","Armaments+1","Battle Trance","Juggernaut","CurseOfTheBell","Shrug It Off","Ghostly Armor","Headbutt","Double Tap","Bash","Fire Breathing+1","Heavy Blade","Impervious","Cleave+1"],"relics":["Burning Blood","MealTicket","Kunai","The Courier","War Paint","Calling Bell","Dream Catcher","InkBottle","Calipers","Torii","Self Forming Clay","CaptainsWheel","Ancient Tea Set"],"acts_visited":["Exordium","TheCity"],"potions_floor_usage":[16,18,21,24,29],"damage_taken":[{"damage":8.0,"enemies":"Small Slimes","floor":1.0,"turns":3.0},{"damage":2.0,"enemies":"2 Louse","floor":3.0,"turns":3.0},{"damage":1.0,"enemies":"Cultist","floor":4.0,"turns":3.0},{"damage":24.0,"enemies":"Exordium Thugs","floor":5.0,"turns":4.0},{"damage":30.0,"enemies":"Lagavulin","floor":6.0,"turns":5.0},{"damage":11.0,"enemies":"Looter","floor":8.0,"turns":3.0},{"damage":23.0,"enemies":"Gremlin Nob","floor":11.0,"turns":4.0},{"damage":13.0,"enemies":"Blue Slaver","floor":12.0,"turns":3.0},{"damage":6.0,"enemies":"2 Fungi Beasts","floor":13.0,"turns":4.0},{"damage":51.0,"enemies":"Lagavulin","floor":14.0,"turns":7.0},{"damage":4,"enemies":"Hexaghost","floor":16,"turns":12},{"damage":62,"enemies":"Spheric Guardian","floor":18,"turns":7},{"damage":12,"enemies":"Chosen","floor":19,"turns":6},{"damage":52,"enemies":"Snecko","floor":21,"turns":6},{"damage":55,"enemies":"Slavers","floor":24,"turns":7},{"damage":28,"enemies":"Centurion and Healer","floor":27,"turns":9},{"damage":129,"enemies":"Gremlin Leader","floor":29,"turns":9}],"seed_played":"-1411125762025553344","potions_obtained":[{"floor":3.0,"key":"CultistPotion"},{"floor":5.0,"key":"DuplicationPotion"},{"floor":6.0,"key":"LiquidBronze"},{"floor":12.0,"key":"HeartOfIron"},{"floor":14.0,"key":"LiquidBronze"},{"floor":16,"key":"Explosive Potion"},{"floor":18,"key":"SteroidPotion"},{"floor":21,"key":"SpeedPotion"},{"floor":27,"key":"HeartOfIron"}],"is_trial":false,"path_per_floor":["M","?","M","M","M","E","R","M","T","R","E","M","M","E","R","B",null,"M","M","$","M","?","R","E","$","T","M","R","E"],"character_chosen":"IRONCLAD","items_purchased":["Torii","Self Forming Clay","Impervious"],"campfire_rested":1,"item_purchase_floors":[20,20,25],"current_hp_per_floor":[70,70,74,79,61,37,37,57,57,57,40,58,58,53,53,55,74,18,57,72,26,26,50,46,61,61,39,39,0,0],"gold":101,"neow_bonus":"THREE_CARDS","is_daily":false,"chose_seed":false,"campfire_upgraded":4,"win_rate":0.0,"timestamp":1611696970,"path_taken":["M","?","M","M","M","E","R","M","T","R","E","M","M","E","R","BOSS","M","M","$","M","?","R","E","?","T","?","R","E"],"items_purchased_type":["Relic","Relic","Card"],"build_version":"2020-12-22","purchased_purges":0,"victory":false,"max_hp_per_floor":[80,80,80,80,80,80,80,80,80,80,80,80,80,80,80,80,80,80,80,80,80,80,80,80,80,80,80,80,80,80],"card_choices":[{"not_picked":["Thunderclap","Flex"],"picked":"Perfected Strike","floor":0.0},{"not_picked":["Flex","Wild Strike"],"picked":"Carnage","floor":1.0},{"not_picked":["Perfected Strike","Armaments"],"picked":"Anger","floor":3.0},{"not_picked":["Clash","Second Wind","Heavy Blade"],"picked":"SKIP","floor":4.0},{"not_picked":["Dark Embrace","Warcry"],"picked":"Feel No Pain","floor":5.0},{"not_picked":["Shockwave","Body Slam"],"picked":"Clothesline","floor":6.0},{"not_picked":["Flex","Inflame"],"picked":"Barricade","floor":8.0},{"not_picked":["Fire Breathing","Body Slam"],"picked":"Armaments","floor":11.0},{"not_picked":["Headbutt","Twin Strike"],"picked":"Battle Trance","floor":12.0},{"not_picked":["Hemokinesis","Second Wind","Thunderclap"],"picked":"SKIP","floor":13.0},{"not_picked":["Havoc","Armaments","Body Slam"],"picked":"SKIP","floor":14.0},{"not_picked":["Barricade","Offering"],"picked":"Juggernaut","floor":16},{"not_picked":["Sentinel","Flex"],"picked":"Shrug It Off","floor":18},{"not_picked":["Heavy Blade","Blood for Blood"],"picked":"Ghostly Armor","floor":19},{"not_picked":["Shrug It Off","Havoc"],"picked":"Headbutt","floor":21},{"not_picked":["Sentinel","Rupture"],"picked":"Fire Breathing+1","floor":23},{"not_picked":["Ghostly Armor+1","Thunderclap"],"picked":"Heavy Blade","floor":24},{"not_picked":["Clothesline","Flex"],"picked":"Cleave","floor":27}],"player_experience":520820,"relics_obtained":[{"floor":6.0,"key":"MealTicket"},{"floor":9.0,"key":"Kunai"},{"floor":11.0,"key":"The Courier"},{"floor":14.0,"key":"War Paint"},{"floor":17,"key":"Dream Catcher"},{"floor":17,"key":"InkBottle"},{"floor":17,"key":"Calipers"},{"floor":24,"key":"CaptainsWheel"},{"floor":26,"key":"Ancient Tea Set"}],"event_choices":[{"damage_healed":0.0,"max_hp_gain":0.0,"max_hp_loss":0.0,"gold_gain":62.0,"event_name":"Golden Wing","player_choice":"Gained Gold","floor":2.0,"gold_loss":0.0,"damage_taken":0.0},{"damage_healed":0,"gold_gain":0,"player_choice":"2 cards matched","damage_taken":0,"max_hp_gain":0,"max_hp_loss":0,"event_name":"Match and Keep!","floor":22,"gold_loss":0,"cards_obtained":["Double Tap","Bash"]}],"is_beta":false,"boss_relics":[{"not_picked":["Tiny House","Busted Crown"],"picked":"Calling Bell"}],"items_purged_floors":[],"is_endless":false,"potions_floor_spawned":[3,5,6,12,14,16,18,21,27],"killed_by":"Gremlin Leader","ascension_level":12}}