{"host":"vrsxkkch9ccrec7k","time":1611658419,"event":{"mods":["Act Like it!","BaseMod","Bestiary","Better Altar","Better Match","Better Note","Better Sensory Stone","Better Skull","Better Third Choice","Better Vampires","Downfall","Minty Spire (QoL Compilation)","Permanent Neow","Relic Stats","Spicy Shops","StSLib"],"gold_per_floor":[99,116,131,131,142,142,142,142,157,157,175,175,188,24,35,35,35,35],"floor_reached":16,"language":"ENG","playtime":991,"items_purged":[],"score":136,"play_id":"bfa0664b-7771-4fca-95f0-674464f9210f","local_time":"20210126055339","is_ascension_mode":true,"campfire_choices":[{"data":"bronze:Goto","floor":1,"key":"SMITH"},{"data":"bronze:Overheat","floor":8,"key":"SMITH"},{"data":"bronze:Spike","floor":10,"key":"SMITH"},{"floor":12,"key":"REST"}],"circlet_count":0,"master_deck":["bronze:Strike","bronze:Strike","bronze:Strike","bronze:Strike","bronze:Defend","bronze:Defend","bronze:Defend","bronze:Defend","bronze:Replicate+1","bronze:Goto+1","bronze:Overheat+1","bronze:Iterate","bronze:Spike+1","bronze:Terminator","bronze:MaxOutput","bronze:Frontload","bronze:ItsAFeature","bronze:CutThrough","bronze:BugBarrage"],"relics":["bronze:BronzeCore","downfall:BrokenWingStatue","WingedGreaves","Centennial Puzzle"],"acts_visited":["Exordium"],"potions_floor_usage":[15,16],"damage_taken":[{"damage":0,"enemies":"Cultist","floor":2,"turns":3},{"damage":0,"enemies":"Small Slimes","floor":3,"turns":2},{"damage":2,"enemies":"Jaw Worm","floor":5,"turns":3},{"damage":15,"enemies":"Jaw Worm","floor":6,"turns":10},{"damage":3,"enemies":"2 Fungi Beasts","floor":9,"turns":3},{"damage":8,"enemies":"Blue Slaver","floor":11,"turns":4},{"damage":1,"enemies":"Exordium Thugs","floor":13,"turns":5},{"damage":0,"enemies":"downfall:FleeingMerchant","floor":14,"turns":4},{"damage":1,"enemies":"3 Louse","floor":15,"turns":2},{"damage":59,"enemies":"SI_SHIV_ARCHETYPE","floor":16,"turns":10}],"seed_played":"-6273568552509070586","potions_obtained":[{"floor":3,"key":"bronze:CleanCodePotion"},{"floor":9,"key":"SpeedPotion"},{"floor":11,"key":"EssenceOfSteel"},{"floor":13,"key":"Fire Potion"},{"floor":15,"key":"LiquidBronze"}],"is_trial":false,"path_per_floor":["R","M","M","?","M","?","T","R","M","R","M","R","M","$","M","B"],"character_chosen":"THE_AUTOMATON","items_purchased":["Centennial Puzzle"],"campfire_rested":1,"item_purchase_floors":[14],"current_hp_per_floor":[63,63,63,63,61,46,46,46,43,43,35,56,55,55,54,0,0,0],"gold":35,"neow_bonus":"UPGRADE_CARD","is_daily":false,"chose_seed":false,"campfire_upgraded":3,"win_rate":0.0,"timestamp":1611658419,"path_taken":["R","M","?","?","M","?","T","R","M","R","M","R","M","?","M","BOSS"],"items_purchased_type":["Relic"],"build_version":"2020-12-22","purchased_purges":0,"victory":false,"max_hp_per_floor":[70,70,70,70,70,70,70,70,70,70,70,70,70,70,70,70,70,70],"relic_stats":{"Centennial Puzzle":[6],"counters":[10,46],"obtain_stats":[{"Centennial Puzzle":14,"bronze:BronzeCore":0,"downfall:BrokenWingStatue":4,"WingedGreaves":7},{"Centennial Puzzle":8,"bronze:BronzeCore":0,"downfall:BrokenWingStatue":2,"WingedGreaves":4},{"Centennial Puzzle":34,"bronze:BronzeCore":0,"downfall:BrokenWingStatue":5,"WingedGreaves":18}]},"card_choices":[{"not_picked":["bronze:FineTuning","bronze:Frontload"],"picked":"bronze:Overheat","floor":2},{"not_picked":["bronze:TinkerersToolbox","bronze:Turbo","bronze:FineTuning"],"picked":"SKIP","floor":3},{"not_picked":["bronze:BronzeOrb","bronze:CutThrough"],"picked":"bronze:Iterate","floor":5},{"not_picked":[],"picked":"bronze:Spike","floor":6},{"not_picked":["bronze:Overheat","bronze:Iterate"],"picked":"bronze:Terminator","floor":6},{"not_picked":["bronze:ChildClass","bronze:Invalidate"],"picked":"bronze:MaxOutput","floor":9},{"not_picked":["bronze:ChildClass","bronze:Optimize"],"picked":"bronze:Frontload","floor":11},{"not_picked":["bronze:Return","bronze:WhirlingStrike"],"picked":"bronze:ItsAFeature","floor":13},{"not_picked":["bronze:Virus","bronze:DarkDash"],"picked":"bronze:CutThrough","floor":14},{"not_picked":["bronze:Shield","bronze:WildBeam"],"picked":"bronze:BugBarrage","floor":15}],"player_experience":1743551,"relics_obtained":[{"floor":7,"key":"WingedGreaves"}],"event_choices":[],"is_beta":false,"boss_relics":[],"items_purged_floors":[],"is_endless":false,"potions_floor_spawned":[3,9,11,13,15],"killed_by":"SI_SHIV_ARCHETYPE","ascension_level":9}}