{"host":"1tl36azeqm6yhdgj","time":1611665874,"event":{"mods":["AchievementEnabler","BaseMod","Minty Spire (QoL Compilation)","StSLib","The IronCluck","everything is the same but u backflip on backflip"],"gold_per_floor":[112,165,315,72,72,72,100,118,142,159,186,186,217,227,227,298,298,316,366,377,54,71,71,84,84,130,130,25,50,50,50],"floor_reached":30,"language":"ENG","playtime":1261,"items_purged":["Doubt"],"score":532,"play_id":"b27a2895-e843-4344-8f87-168528b074c6","local_time":"20210126075754","is_ascension_mode":true,"campfire_choices":[{"data":"Immolate","floor":6.0,"key":"SMITH"},{"data":"Rampage","floor":12.0,"key":"SMITH"},{"floor":15.0,"key":"REST"},{"data":"Berserk","floor":23.0,"key":"SMITH"},{"data":"Discovery","floor":25.0,"key":"SMITH"}],"circlet_count":0,"master_deck":["AscendersBane","Strike_R","Strike_R","Strike_R","Defend_R+1","Defend_R+1","Defend_R","Defend_R","Bash","Immolate+1","Ghostly Armor+1","Thunderclap","Flash of Steel","Rage+1","Inflame","Rampage+1","Iron Wave","Berserk+1","Cleave","Flame Barrier","Reaper","Shrug It Off","Iron Wave+1","Transmutation","Discovery+1","Spot Weakness","Dark Shackles","Seeing Red"],"relics":["Burning Blood","Art of War","Oddly Smooth Stone","War Paint","Lantern","Orichalcum","SacredBark","MealTicket","Paper Frog"],"acts_visited":["Exordium","TheCity"],"potions_floor_usage":[29],"damage_taken":[{"damage":6.0,"enemies":"Cultist","floor":1.0,"turns":4.0},{"damage":12.0,"enemies":"Lagavulin","floor":7.0,"turns":7.0},{"damage":1.0,"enemies":"Jaw Worm","floor":8.0,"turns":2.0},{"damage":0.0,"enemies":"Small Slimes","floor":10.0,"turns":1.0},{"damage":14.0,"enemies":"3 Sentries","floor":11.0,"turns":4.0},{"damage":16.0,"enemies":"Lagavulin","floor":13.0,"turns":5.0},{"damage":6.0,"enemies":"Gremlin Gang","floor":14.0,"turns":3.0},{"damage":50.0,"enemies":"Hexaghost","floor":16.0,"turns":10.0},{"damage":18.0,"enemies":"Chosen","floor":18.0,"turns":5.0},{"damage":12.0,"enemies":"Spheric Guardian","floor":20.0,"turns":5.0},{"damage":11.0,"enemies":"Centurion and Healer","floor":22.0,"turns":5.0},{"damage":10.0,"enemies":"3 Cultists","floor":24.0,"turns":4.0},{"damage":55,"enemies":"Book of Stabbing","floor":29,"turns":7},{"damage":43,"enemies":"Cultist and Chosen","floor":30,"turns":7}],"seed_played":"441027943801125307","potions_obtained":[{"floor":7.0,"key":"DistilledChaos"},{"floor":8.0,"key":"SpeedPotion"},{"floor":10.0,"key":"Dexterity Potion"},{"floor":11.0,"key":"Fire Potion"},{"floor":22.0,"key":"HeartOfIron"}],"is_trial":false,"path_per_floor":["M","T","?","$","?","R","E","M","T","M","E","R","E","M","R","B",null,"M","?","M","$","M","R","M","R","T","?","$","E","M"],"character_chosen":"IRONCLAD","items_purchased":["Flash of Steel","Rage","Transmutation","Discovery","Dark Shackles"],"campfire_rested":1,"item_purchase_floors":[4,4,21,21,28],"current_hp_per_floor":[68,68,68,68,48,48,42,47,47,53,45,45,35,35,55,11,54,48,42,36,36,43,43,60,60,60,60,68,23,0,0],"gold":50,"neow_bonus":"TRANSFORM_TWO_CARDS","is_daily":false,"chose_seed":false,"campfire_upgraded":4,"win_rate":0.0,"timestamp":1611665874,"path_taken":["M","?","?","?","?","R","E","M","T","M","E","R","E","M","R","BOSS","M","?","M","$","?","R","M","R","T","?","?","E","M"],"items_purchased_type":["Card","Card","Card","Card","Card"],"build_version":"2020-12-22","purchased_purges":1,"victory":false,"max_hp_per_floor":[68,68,68,68,68,68,68,68,68,68,68,68,68,68,68,68,68,68,68,68,68,68,68,68,68,68,68,68,68,68,68],"card_choices":[{"not_picked":["Entrench","Flex"],"picked":"Thunderclap","floor":1.0},{"not_picked":["Seeing Red","Burning Pact"],"picked":"Inflame","floor":7.0},{"not_picked":["Rupture","Shockwave"],"picked":"Rampage","floor":8.0},{"not_picked":["Clash","Combust"],"picked":"Iron Wave","floor":10.0},{"not_picked":["True Grit","Sword Boomerang"],"picked":"Berserk","floor":11.0},{"not_picked":["Warcry","Armaments"],"picked":"Cleave","floor":13.0},{"not_picked":["Hemokinesis","Whirlwind"],"picked":"Flame Barrier","floor":14.0},{"not_picked":["Fiend Fire","Brutality"],"picked":"Reaper","floor":16.0},{"not_picked":["Entrench+1","Clothesline"],"picked":"Shrug It Off","floor":18.0},{"not_picked":["Shrug It Off","Headbutt"],"picked":"Iron Wave+1","floor":20.0},{"not_picked":["Sword Boomerang","Body Slam","Rupture"],"picked":"SKIP","floor":22.0},{"not_picked":["Rage","Thunderclap","Hemokinesis"],"picked":"SKIP","floor":24.0},{"not_picked":["Bludgeon","Body Slam"],"picked":"Seeing Red","floor":29}],"player_experience":2057060,"relics_obtained":[{"floor":2.0,"key":"Art of War"},{"floor":7.0,"key":"Oddly Smooth Stone"},{"floor":9.0,"key":"War Paint"},{"floor":11.0,"key":"Lantern"},{"floor":13.0,"key":"Orichalcum"},{"floor":26.0,"key":"MealTicket"},{"floor":29,"key":"Paper Frog"}],"event_choices":[{"damage_healed":0.0,"max_hp_gain":0.0,"max_hp_loss":0.0,"gold_gain":150.0,"event_name":"Liars Game","player_choice":"AGREE","floor":3.0,"gold_loss":0.0,"damage_taken":0.0,"cards_obtained":["Doubt"]},{"damage_healed":0.0,"max_hp_gain":0.0,"max_hp_loss":0.0,"gold_gain":0.0,"event_name":"Shining Light","player_choice":"Entered Light","floor":5.0,"gold_loss":0.0,"damage_taken":20.0,"cards_upgraded":["Defend_R","Rage"]},{"damage_healed":0.0,"max_hp_gain":0.0,"max_hp_loss":0.0,"gold_gain":50.0,"event_name":"FaceTrader","player_choice":"Touch","floor":19.0,"gold_loss":0.0,"damage_taken":6.0},{"damage_healed":0.0,"max_hp_gain":0.0,"max_hp_loss":0.0,"gold_gain":0.0,"event_name":"The Library","player_choice":"Read","floor":27.0,"gold_loss":0.0,"damage_taken":0.0,"cards_obtained":["Spot Weakness"]}],"is_beta":false,"boss_relics":[{"not_picked":["Fusion Hammer","Velvet Choker"],"picked":"SacredBark"}],"items_purged_floors":[4],"is_endless":false,"potions_floor_spawned":[7,8,10,11,22],"killed_by":"Cultist and Chosen","ascension_level":20}}