{"host":"a99cgagtsic7fuyb","time":1611669855,"event":{"mods":["BaseMod","Downfall","Hermit","Lobotomy","Minty Spire (QoL Compilation)","StSLib","The Cursed"],"gold_per_floor":[199,209,221,221,321,27,52,85,85,0,18,468,268,284,302,404,404,404,418,139,154,254,269,269,286,286,39,58,58,58,68,68,169,169,69,83,102,102,119,119,169,199,211,211,211],"floor_reached":43,"language":"ZHS","playtime":3730,"items_purged":["downfall:Icky"],"score":457,"play_id":"037e55cd-d8e7-49cb-b189-1c4bfc2edb7d","local_time":"20210126220415","is_ascension_mode":false,"campfire_choices":[{"floor":1,"key":"RECALL"},{"floor":13,"key":"REST"},{"data":"champ:StrikeOfGenius","floor":18,"key":"SMITH"},{"floor":30,"key":"REST"},{"data":"champ:PerfectedStrike","floor":35,"key":"SMITH"}],"circlet_count":0,"master_deck":["champ:Strike+1","champ:Strike+1","champ:Strike+1","champ:Strike+1","champ:Defend+1","champ:Defend+1","champ:Defend+1","champ:Defend+1","champ:Taunt+1","champ:Endure+1","champ:RapidStrikes+1","champ:RapidStrikes+1","champ:EnGarde+1","Mayhem+1","expansioncontent:InvincibleStrength+1","champ:Shatter+1","champ:ShieldWall+1","champ:DefensiveStyle+1","champ:EnragedBash+1","downfall:Icky","downfall:Icky","champ:PreciseThrust+1","champ:BringItOn+1","champ:StrikeOfGenius+1","champ:Circumvent+1","champ:GladiatorStyle+1","champ:PerfectedStrike+1","Blind+1","champ:StanceDance+1","champ:CrownThrow+1","champ:DefensiveStyle+1","champ:RageSigil+1","champ:PerfectedStrike+1","RitualDagger+1","champ:FocusedBerserking+1","champ:IgnorePain+1","champ:StrikeOfGenius+1","champ:CalledShot+1","Pain","champ:SetATrap+1","champ:IgnorePain+1","champ:PerfectedStrike+1","champ:GladiatorStyle+1","champ:IronFortress+1","champ:ShieldWall","champ:SkillfulDodge+1","Parasite"],"relics":["champ:ChampionCrown","Champion Belt","War Paint","Nunchaku","StoneCalendar","Sozu","Pocketwatch","Mummified Hand","DollysMirror","WarpedTongs","Black Star","MawBank"],"acts_visited":["Exordium","TheCity","TheBeyond"],"potions_floor_usage":[8,8,19,32],"damage_taken":[{"damage":20,"enemies":"Cultist","floor":2,"turns":4},{"damage":12,"enemies":"2 Louse","floor":3,"turns":3},{"damage":40,"enemies":"2 Louse","floor":5,"turns":4},{"damage":10,"enemies":"downfall:FleeingMerchant","floor":6,"turns":4},{"damage":61,"enemies":"3 Sentries","floor":8,"turns":10},{"damage":10,"enemies":"downfall:FleeingMerchant","floor":10,"turns":4},{"damage":8,"enemies":"Small Slimes","floor":11,"turns":3},{"damage":10,"enemies":"3 Louse","floor":14,"turns":4},{"damage":13,"enemies":"Blue Slaver","floor":15,"turns":4},{"damage":30,"enemies":"SI_SHIV_ARCHETYPE","floor":16,"turns":9},{"damage":20,"enemies":"3 Byrds","floor":19,"turns":6},{"damage":15,"enemies":"downfall:FleeingMerchant","floor":20,"turns":4},{"damage":30,"enemies":"Snecko","floor":21,"turns":5},{"damage":26,"enemies":"IC_STATUS_ARCHETYPE","floor":22,"turns":7},{"damage":10,"enemies":"Cultist and Chosen","floor":23,"turns":4},{"damage":1,"enemies":"Snake Plant","floor":25,"turns":4},{"damage":11,"enemies":"downfall:FleeingMerchant","floor":27,"turns":4},{"damage":21,"enemies":"Centurion and Healer","floor":28,"turns":5},{"damage":36,"enemies":"Cultist and Chosen","floor":31,"turns":4},{"damage":0,"enemies":"Snecko","floor":32,"turns":1},{"damage":39,"enemies":"WA_ARCHETYPE_CALM","floor":33,"turns":7},{"damage":26,"enemies":"3 Darklings","floor":36,"turns":7},{"damage":32,"enemies":"3 Shapes","floor":37,"turns":3},{"damage":30,"enemies":"Transient","floor":39,"turns":5},{"damage":13,"enemies":"3 Darklings","floor":42,"turns":5},{"damage":32,"enemies":"Writhing Mass","floor":43,"turns":3}],"seed_played":"-7199505346625208459","potions_obtained":[{"floor":2,"key":"LiquidMemories"},{"floor":3,"key":"Fire Potion"},{"floor":15,"key":"Energy Potion"},{"floor":16,"key":"SmokeBomb"}],"is_trial":false,"path_per_floor":["R","M","M","?","?","$","T","E","?","$","M","?","R","M","M","B",null,"R","M","$","M","?","M","T","M","?","$","M","?","R","M","M","B",null,"R","M","M","?","M","?","T","M","M"],"character_chosen":"THE_CHAMP","items_purchased":["Mayhem","expansioncontent:InvincibleStrength","champ:DefensiveStyle","champ:PerfectedStrike","Blind","champ:StanceDance","champ:IgnorePain","DollysMirror"],"campfire_rested":2,"item_purchase_floors":[6,6,10,20,20,20,27,27],"current_hp_per_floor":[90,90,88,88,68,68,68,42,35,30,22,22,49,49,46,36,90,90,85,80,60,59,59,59,58,58,52,46,46,73,52,52,33,90,100,89,57,57,27,27,27,19,0,0,0],"gold":211,"neow_bonus":"HUNDRED_GOLD","is_daily":false,"chose_seed":false,"campfire_upgraded":2,"win_rate":0.0,"timestamp":1611669855,"path_taken":["R","M","?","?","?","$","T","E","?","?","?","?","R","M","M","BOSS","R","M","$","M","?","M","T","M","?","$","M","?","R","M","M","BOSS","R","M","?","?","M","?","T","M","M"],"items_purchased_type":["Card","Card","Card","Card","Card","Card","Card","Relic"],"build_version":"2020-12-22","purchased_purges":1,"victory":false,"max_hp_per_floor":[90,90,90,90,90,90,90,90,90,90,90,90,90,90,90,90,90,90,90,90,90,90,90,90,90,90,90,90,90,90,90,90,90,90,100,100,100,90,90,90,90,90,90,90,90],"card_choices":[{"not_picked":["champ:PreemptiveStrike","champ:BerserkersShout"],"picked":"champ:Endure","floor":2},{"not_picked":["champ:ShieldSigil","champ:Circumvent"],"picked":"champ:RapidStrikes","floor":3},{"not_picked":["champ:TornadoPunch","champ:Haymaker"],"picked":"champ:RapidStrikes","floor":5},{"not_picked":["champ:DeathBlow","champ:BerserkersShout"],"picked":"champ:EnGarde","floor":6},{"not_picked":["champ:BerserkersShout","champ:Haymaker"],"picked":"champ:Shatter","floor":8},{"not_picked":["champ:FlashCut","champ:MurderStrike"],"picked":"champ:ShieldWall","floor":10},{"not_picked":["champ:CalledShot","champ:RisingSlash"],"picked":"champ:EnragedBash","floor":11},{"not_picked":["champ:GutPunch","champ:Shatter"],"picked":"champ:PreciseThrust","floor":14},{"not_picked":["champ:TornadoPunch","champ:IronFortress"],"picked":"champ:BringItOn","floor":15},{"not_picked":["champ:CheapShot","champ:VampiricStrike"],"picked":"champ:StrikeOfGenius","floor":16},{"not_picked":["champ:Encircle","champ:Haymaker"],"picked":"champ:Circumvent","floor":19},{"not_picked":["champ:Shatter","champ:AdrenalArmor"],"picked":"champ:GladiatorStyle","floor":20},{"not_picked":["champ:AdrenalArmor","champ:Shatter"],"picked":"champ:CrownThrow+1","floor":21},{"not_picked":["champ:ShieldSigil","champ:StanceDance"],"picked":"champ:DefensiveStyle","floor":22},{"not_picked":["champ:Haymaker+1","champ:DeathBlow+1"],"picked":"champ:RageSigil+1","floor":23},{"not_picked":["champ:BerserkersShout","champ:BladeFlurry"],"picked":"champ:PerfectedStrike","floor":25},{"not_picked":["champ:FalseCounter","champ:Endure"],"picked":"champ:FocusedBerserking+1","floor":27},{"not_picked":["champ:PreciseThrust","champ:Shatter"],"picked":"champ:CalledShot","floor":28},{"not_picked":["champ:Circumvent+1","champ:FocusedDefense"],"picked":"champ:SetATrap+1","floor":31},{"not_picked":["champ:HeavySlash","champ:Devastate"],"picked":"champ:IgnorePain","floor":33},{"not_picked":["champ:FanOfKnives+1","champ:TornadoPunch+1"],"picked":"champ:PerfectedStrike+1","floor":36},{"not_picked":["champ:HeartStrike","champ:Duel"],"picked":"champ:GladiatorStyle+1","floor":37},{"not_picked":["champ:PreciseThrust","champ:Circumvent+1"],"picked":"champ:IronFortress+1","floor":39},{"not_picked":["champ:ShieldWall+1","champ:PreciseThrust"],"picked":"champ:SkillfulDodge+1","floor":42}],"player_experience":141453,"relics_obtained":[{"floor":5,"key":"Champion Belt"},{"floor":7,"key":"War Paint"},{"floor":8,"key":"Nunchaku"},{"floor":22,"key":"Pocketwatch"},{"floor":22,"key":"Mummified Hand"},{"floor":41,"key":"MawBank"}],"event_choices":[{"damage_healed":0,"gold_gain":0,"player_choice":"Success","damage_taken":7,"relics_obtained":["StoneCalendar"],"max_hp_gain":0,"max_hp_loss":0,"event_name":"Scrap Ooze","floor":9,"gold_loss":0},{"damage_healed":0,"gold_gain":0,"player_choice":"Rummage","damage_taken":0,"relics_obtained":["WarpedTongs"],"max_hp_gain":0,"max_hp_loss":0,"event_name":"Accursed Blacksmith","floor":29,"gold_loss":0,"cards_obtained":["Pain"]}],"is_beta":false,"boss_relics":[{"not_picked":["Cursed Key","Fusion Hammer"],"picked":"Sozu"},{"not_picked":["Runic Dome","Philosopher\u0027s Stone"],"picked":"Black Star"}],"items_purged_floors":[20],"is_endless":false,"potions_floor_spawned":[2,3,15,16,19,21,22,25,32,36,39],"killed_by":"Writhing Mass","ascension_level":0}}