{"host":"vpcwwncyo54nsck6","time":1611643598,"event":{"mods":["BaseMod","Downfall","Minty Spire (QoL Compilation)","StSLib"],"gold_per_floor":[99,119,129,190,190,190,190,90,90,90,90],"floor_reached":9,"language":"ENG","playtime":573,"items_purged":[],"score":51,"play_id":"adee5097-1a51-4631-9e39-c9b046e15ef4","local_time":"20210125224638","is_ascension_mode":true,"campfire_choices":[{"floor":1,"key":"RECALL"},{"data":"Guardian:CurlUp","floor":8,"key":"SMITH"}],"circlet_count":0,"master_deck":["Guardian:Strike_Guardian","Guardian:Strike_Guardian","Guardian:Strike_Guardian","Guardian:Strike_Guardian","Guardian:Defend_Guardian","Guardian:Defend_Guardian","Guardian:Defend_Guardian","Guardian:Defend_Guardian","Guardian:CurlUp+1","Guardian:TwinSlam","Shame","Master of Strategy","Guardian:Incinerate","Guardian:Harden","Guardian:Gem_Blue","Guardian:Gem_Red","Guardian:Gem_Red","Guardian:Emergency"],"relics":["Guardian:ModeShifter","Calipers","Guardian:PickAxe","Toxic Egg 2","downfall:HeartBlessingRed"],"acts_visited":["Exordium"],"potions_floor_usage":[4,5],"damage_taken":[{"damage":0,"enemies":"Small Slimes","floor":2,"turns":3},{"damage":0,"enemies":"2 Louse","floor":3,"turns":4},{"damage":20,"enemies":"Gremlin Nob","floor":4,"turns":5},{"damage":26,"enemies":"Gremlin Nob","floor":5,"turns":10},{"damage":18,"enemies":"Lagavulin","floor":9,"turns":5}],"seed_played":"-354858973887671564","potions_obtained":[{"floor":2,"key":"SkillPotion"},{"floor":4,"key":"SneckoOil"}],"is_trial":false,"path_per_floor":["R","M","M","?","?","?","T","R","E"],"character_chosen":"GUARDIAN","items_purchased":[],"campfire_rested":0,"item_purchase_floors":[],"current_hp_per_floor":[80,80,80,60,16,16,16,16,0,0,0],"gold":90,"neow_bonus":"RANDOM_COLORLESS_2","is_daily":false,"chose_seed":false,"campfire_upgraded":1,"win_rate":0.0,"timestamp":1611643598,"path_taken":["R","M","M","?","?","?","T","R","E"],"items_purchased_type":[],"build_version":"2020-12-22","purchased_purges":0,"victory":false,"max_hp_per_floor":[80,80,80,80,80,80,80,80,80,80,80],"card_choices":[{"not_picked":["Magnetism","Chrysalis"],"picked":"Master of Strategy","floor":0},{"not_picked":["Guardian:FuturePlans","Guardian:TimeBomb"],"picked":"Guardian:Incinerate","floor":2},{"not_picked":["Guardian:RollAttack","Guardian:PiercingHide","Guardian:TemporalStrike"],"picked":"SKIP","floor":3},{"not_picked":["Guardian:Repulse","Guardian:ArmoredProtocol"],"picked":"Guardian:Harden","floor":4}],"player_experience":2457023,"relics_obtained":[{"floor":4,"key":"Calipers"},{"floor":7,"key":"Toxic Egg 2"}],"event_choices":[],"is_beta":false,"boss_relics":[],"items_purged_floors":[],"is_endless":false,"potions_floor_spawned":[2,4],"killed_by":"Lagavulin","ascension_level":1}}