{"host":"sav7uxregyirlf69","time":1611632333,"event":{"mods":["AchievementEnabler","BaseMod","Colored Map","DeckTracker","Keyboard Shortcuts","Minty Spire (QoL Compilation)","READ ME - Guardian Mod","StSLib","SuperFastMode"],"gold_per_floor":[113,124,124,174,184,184,203,128,128,128,53,53,68,88,88,159,159,174,204,254,254,264,264,189,189,189,189,289,304,14,41,41,114,114,133,355,355,371,388,423,436,436,436,455,488,504,533,533,533,533,533,533,533,43,69,69],"floor_reached":57,"language":"KOR","playtime":1953,"items_purged":["Strike_G","Distraction","Corpse Explosion+1"],"score":3000,"play_id":"a0bd26fa-f873-40a9-98dc-ab8a0e37322f","local_time":"20210126123853","is_ascension_mode":true,"campfire_choices":[{"data":"Noxious Fumes","floor":6.0,"key":"SMITH"},{"data":"Dagger Spray","floor":15.0,"key":"SMITH"},{"data":"Tactician","floor":23.0,"key":"SMITH"},{"floor":25.0,"key":"REST"},{"data":"Acrobatics","floor":27.0,"key":"SMITH"},{"data":"Tactician","floor":32.0,"key":"SMITH"},{"data":"Calculated Gamble","floor":42.0,"key":"SMITH"},{"floor":49,"key":"RECALL"},{"data":"Backflip","floor":53,"key":"SMITH"}],"circlet_count":0,"master_deck":["AscendersBane","Survivor","Noxious Fumes+1","Dagger Throw+1","Tactician+1","Backflip+1","Grand Finale","Wraith Form v2+1","Acrobatics+1","Envenom+1","Tactician+1","Footwork+1","Calculated Gamble+1","Prepared+1","Purity+1","Dagger Throw+1","Dash+1","After Image+1","After Image+1","PiercingWail+1","Backflip+1","Wraith Form v2+1","Catalyst+1"],"relics":["Ring of the Snake","NeowsBlessing","Frozen Egg 2","Pandora\u0027s Box","Red Mask","The Courier","Unceasing Top","Du-Vu Doll","Toxic Egg 2","OrangePellets","Blue Candle","Astrolabe","Matryoshka","Pantograph","White Beast Statue","Letter Opener","Calipers","Lee\u0027s Waffle","Bronze Scales"],"acts_visited":["Exordium","TheCity","TheBeyond","TheEnding"],"potions_floor_usage":[46,50,56,56],"damage_taken":[{"damage":0.0,"enemies":"Small Slimes","floor":1.0,"turns":1.0},{"damage":0.0,"enemies":"2 Louse","floor":2.0,"turns":1.0},{"damage":0.0,"enemies":"Cultist","floor":5.0,"turns":1.0},{"damage":3.0,"enemies":"Exordium Wildlife","floor":7.0,"turns":4.0},{"damage":3.0,"enemies":"Looter","floor":13.0,"turns":3.0},{"damage":0.0,"enemies":"Blue Slaver","floor":14.0,"turns":4.0},{"damage":21.0,"enemies":"Slime Boss","floor":16.0,"turns":8.0},{"damage":13.0,"enemies":"Spheric Guardian","floor":18.0,"turns":4.0},{"damage":22.0,"enemies":"Masked Bandits","floor":19.0,"turns":3.0},{"damage":7.0,"enemies":"Shell Parasite","floor":22.0,"turns":5.0},{"damage":13.0,"enemies":"Colosseum Slavers","floor":28.0,"turns":4.0},{"damage":0.0,"enemies":"Colosseum Nobs","floor":28.0,"turns":2.0},{"damage":0.0,"enemies":"Sentry and Sphere","floor":29.0,"turns":2.0},{"damage":0.0,"enemies":"Slavers","floor":31.0,"turns":4.0},{"damage":0.0,"enemies":"Collector","floor":33.0,"turns":5.0},{"damage":0.0,"enemies":"3 Shapes","floor":35.0,"turns":4.0},{"damage":0.0,"enemies":"Orb Walker","floor":38.0,"turns":5.0},{"damage":0.0,"enemies":"Jaw Worm Horde","floor":39.0,"turns":4.0},{"damage":7.0,"enemies":"Reptomancer","floor":40.0,"turns":4.0},{"damage":4.0,"enemies":"3 Darklings","floor":41.0,"turns":4.0},{"damage":18.0,"enemies":"Maw","floor":44.0,"turns":7.0},{"damage":4.0,"enemies":"Nemesis","floor":45.0,"turns":7.0},{"damage":0,"enemies":"Spire Growth","floor":46,"turns":6},{"damage":0,"enemies":"Giant Head","floor":47,"turns":7},{"damage":12,"enemies":"Awakened One","floor":50,"turns":9},{"damage":11,"enemies":"Donu and Deca","floor":51,"turns":6},{"damage":10,"enemies":"Shield and Spear","floor":55,"turns":4},{"damage":33,"enemies":"The Heart","floor":56,"turns":9}],"seed_played":"-1773894922071357344","potions_obtained":[{"floor":1.0,"key":"Poison Potion"},{"floor":13.0,"key":"GamblersBrew"},{"floor":18.0,"key":"EssenceOfSteel"},{"floor":28.0,"key":"Poison Potion"},{"floor":31.0,"key":"GamblersBrew"},{"floor":33.0,"key":"Block Potion"},{"floor":38.0,"key":"GamblersBrew"},{"floor":46,"key":"Fire Potion"},{"floor":55,"key":"CunningPotion"}],"is_trial":false,"path_per_floor":["M","M","?","?","M","R","M","$","T","?","?","$","M","M","R","B",null,"M","?","?","T","M","R","?","R","T","R","?","M","$","E","R","B",null,"M","?","?","M","M","E","M","R","T","M","E","M","E","?","R","B","B",null,"R","$","E","B",null],"character_chosen":"THE_SILENT","items_purchased":["OrangePellets","Purity+1","Calipers","Lee\u0027s Waffle"],"campfire_rested":1,"item_purchase_floors":[30,30,54,54],"current_hp_per_floor":[59,59,59,59,59,59,56,56,56,36,36,36,33,33,33,12,53,40,18,18,18,11,11,11,30,30,30,17,17,17,17,17,17,54,54,54,54,54,54,47,43,43,43,25,21,21,21,54,54,42,43,51,51,61,51,28],"gold":69,"neow_bonus":"THREE_ENEMY_KILL","is_daily":false,"chose_seed":false,"campfire_upgraded":7,"win_rate":0.0,"timestamp":1611632333,"path_taken":["M","M","?","?","?","R","M","$","T","?","?","?","M","M","R","BOSS","M","?","?","?","?","R","?","R","T","R","?","M","$","E","R","BOSS","M","?","?","M","M","E","M","R","T","M","E","?","E","?","R","BOSS","BOSS","R","$","E","BOSS"],"items_purchased_type":["Relic","Card","Relic","Relic"],"build_version":"2020-12-22","purchased_purges":3,"victory":true,"max_hp_per_floor":[66,66,66,66,66,66,66,66,66,66,66,66,66,66,66,66,66,66,66,66,66,66,66,66,66,66,66,66,66,66,66,66,66,66,66,66,66,66,66,66,66,66,66,66,66,66,66,54,54,54,54,54,54,61,61,61],"card_choices":[{"not_picked":["Leg Sweep","Dodge and Roll"],"picked":"Blade Dance","floor":1.0},{"not_picked":["Dagger Throw","Finisher"],"picked":"Dagger Spray","floor":2.0},{"not_picked":["Eviscerate","Envenom"],"picked":"Dagger Throw","floor":5.0},{"not_picked":["Bane","PiercingWail","Cloak And Dagger"],"picked":"SKIP","floor":7.0},{"not_picked":["Slice","Skewer"],"picked":"Tactician","floor":13.0},{"not_picked":["Endless Agony","Escape Plan"],"picked":"Backflip","floor":14.0},{"not_picked":["Unload","Wraith Form v2+1"],"picked":"Grand Finale","floor":16.0},{"not_picked":["Deflect","Setup","Expertise"],"picked":"SKIP","floor":18.0},{"not_picked":["Deadly Poison","Dagger Throw"],"picked":"Calculated Gamble","floor":19.0},{"not_picked":["Slice","Dodge and Roll+1"],"picked":"Prepared+1","floor":22.0},{"not_picked":["Blade Dance+1","Deadly Poison+1"],"picked":"Corpse Explosion+1","floor":28.0},{"not_picked":["Distraction+1","Flying Knee","Infinite Blades+1"],"picked":"SKIP","floor":29.0},{"not_picked":["Dagger Throw","Endless Agony","Eviscerate+1"],"picked":"SKIP","floor":31.0},{"not_picked":["Poisoned Stab","Outmaneuver+1","Backstab"],"picked":"SKIP","floor":35.0},{"not_picked":["Flying Knee","Dodge and Roll+1","Crippling Poison+1"],"picked":"SKIP","floor":38.0},{"not_picked":["Poisoned Stab+1","Deadly Poison+1"],"picked":"Backflip+1","floor":39.0},{"not_picked":["Tools of the Trade+1","Flechettes"],"picked":"Wraith Form v2+1","floor":40.0},{"not_picked":["Poisoned Stab","Skewer"],"picked":"Catalyst+1","floor":41.0},{"not_picked":["Caltrops+1","Expertise+1","Deflect+1"],"picked":"SKIP","floor":44.0},{"not_picked":["Underhanded Strike+1","Dagger Throw","Noxious Fumes+1"],"picked":"SKIP","floor":45.0},{"not_picked":["Heel Hook","Choke","Slice"],"picked":"SKIP","floor":46},{"not_picked":["PiercingWail+1","Blade Dance+1","Die Die Die"],"picked":"SKIP","floor":47},{"not_picked":["Terror+1","Flechettes","Dagger Throw"],"picked":"SKIP","floor":55}],"player_experience":1385921,"relics_obtained":[{"floor":9.0,"key":"Frozen Egg 2"},{"floor":19.0,"key":"Red Mask"},{"floor":21.0,"key":"The Courier"},{"floor":26.0,"key":"Unceasing Top"},{"floor":28.0,"key":"Du-Vu Doll"},{"floor":28.0,"key":"Toxic Egg 2"},{"floor":31.0,"key":"Blue Candle"},{"floor":40.0,"key":"Matryoshka"},{"floor":43.0,"key":"Pantograph"},{"floor":45.0,"key":"White Beast Statue"},{"floor":47,"key":"Letter Opener"},{"floor":55,"key":"Bronze Scales"}],"event_choices":[{"damage_healed":0.0,"max_hp_gain":0.0,"max_hp_loss":0.0,"gold_gain":0.0,"cards_transformed":["Strike_G"],"event_name":"Living Wall","player_choice":"Change","floor":3.0,"gold_loss":0.0,"damage_taken":0.0,"cards_obtained":["Noxious Fumes"]},{"damage_healed":0.0,"max_hp_gain":0.0,"max_hp_loss":0.0,"gold_gain":50.0,"event_name":"Golden Shrine","player_choice":"Pray","floor":4.0,"gold_loss":0.0,"damage_taken":0.0},{"damage_healed":0.0,"max_hp_gain":0.0,"max_hp_loss":0.0,"gold_gain":0.0,"event_name":"Shining Light","player_choice":"Entered Light","floor":10.0,"gold_loss":0.0,"damage_taken":20.0,"cards_upgraded":["Defend_G","Dagger Throw"]},{"cards_removed":["Strike_G"],"damage_healed":0.0,"max_hp_gain":0.0,"max_hp_loss":0.0,"gold_gain":0.0,"event_name":"The Cleric","player_choice":"Card Removal","floor":11.0,"gold_loss":75.0,"damage_taken":0.0},{"damage_healed":0.0,"max_hp_gain":0.0,"max_hp_loss":0.0,"gold_gain":0.0,"event_name":"Masked Bandits","player_choice":"Fought Bandits","floor":19.0,"gold_loss":0.0,"damage_taken":0.0},{"damage_healed":0.0,"max_hp_gain":0.0,"max_hp_loss":0.0,"gold_gain":50.0,"event_name":"Nest","player_choice":"Stole From Cult","floor":20.0,"gold_loss":0.0,"damage_taken":0.0},{"cards_removed":["Blade Dance"],"damage_healed":0.0,"max_hp_gain":0.0,"max_hp_loss":0.0,"gold_gain":0.0,"event_name":"Beggar","player_choice":"Gave Gold","floor":24.0,"gold_loss":75.0,"damage_taken":0.0},{"damage_healed":0.0,"max_hp_gain":0.0,"max_hp_loss":0.0,"gold_gain":0.0,"event_name":"Colosseum","player_choice":"Fight","floor":28.0,"gold_loss":0.0,"damage_taken":0.0},{"damage_healed":0.0,"max_hp_gain":0.0,"max_hp_loss":0.0,"gold_gain":0.0,"event_name":"Colosseum","player_choice":"Fought Nobs","floor":28.0,"gold_loss":0.0,"damage_taken":0.0},{"damage_healed":0.0,"max_hp_gain":0.0,"max_hp_loss":0.0,"gold_gain":222.0,"event_name":"Tomb of Lord Red Mask","player_choice":"Wore Mask","floor":36.0,"gold_loss":0.0,"damage_taken":0.0},{"damage_healed":0.0,"max_hp_gain":0.0,"max_hp_loss":0.0,"gold_gain":0.0,"event_name":"Match and Keep!","player_choice":"2 cards matched","floor":37.0,"gold_loss":0.0,"damage_taken":0.0,"cards_obtained":["After Image","PiercingWail"]},{"damage_healed":54,"gold_gain":0,"player_choice":"Heal","damage_taken":0,"max_hp_gain":0,"max_hp_loss":12,"event_name":"The Moai Head","floor":48,"gold_loss":0}],"is_beta":false,"boss_relics":[{"not_picked":["Ectoplasm","Philosopher\u0027s Stone"],"picked":"Pandora\u0027s Box"},{"not_picked":["Runic Dome","WristBlade"],"picked":"Astrolabe"}],"items_purged_floors":[8,30,54],"is_endless":false,"potions_floor_spawned":[1,13,18,28,31,33,38,39,41,46,47,55],"ascension_level":20}}