{"host":"c6u7e77myxvw4d0m","time":1611669960,"event":{"mods":["AchievementEnabler","BaseMod","Bestiary","Colored Map","Colored Powertips","Minty Spire (QoL Compilation)","Rare Cards Sparkle","Relic Stats","everything is the same but u backflip on backflip"],"gold_per_floor":[117,117,217,237,251,284,284,314,338,338,369,36,61,81,81,153,153,169,183,198,198,208,241,253,265,330,441,486,498,44,56,56,135,135,150,167,177,177,177,177],"floor_reached":39,"language":"ENG","playtime":2785,"items_purged":[],"score":741,"play_id":"d27cb4a3-ac45-41a3-a976-88aab556b46d","local_time":"20210126160600","is_ascension_mode":true,"campfire_choices":[{"floor":7,"key":"REST"},{"floor":10,"key":"REST"},{"data":"Perfected Strike","floor":15,"key":"SMITH"},{"floor":24,"key":"REST"},{"floor":32,"key":"REST"}],"circlet_count":0,"master_deck":["AscendersBane","Strike_R+1","Strike_R+1","Strike_R+1","Strike_R+1","Strike_R+1","Defend_R+1","Defend_R+1","Defend_R+1","Defend_R+1","Bash+1","Perfected Strike+1","Cleave+1","Spot Weakness","Clothesline","Headbutt","Battle Trance","Offering","Perfected Strike+1","Corruption","Wild Strike","Berserk","Perfected Strike","Wild Strike","Twin Strike","Pommel Strike","Thunderclap+1","Fire Breathing","Ghostly Armor","Barricade","Juggernaut","Shrug It Off","Ghostly Armor+1","Purity"],"relics":["Burning Blood","Potion Belt","Whetstone","Oddly Smooth Stone","Dead Branch","CaptainsWheel","Black Star","Boot","MawBank","Bag of Marbles","Question Card","Blood Vial","Kunai","Mark of Pain"],"acts_visited":["Exordium","TheCity","TheBeyond"],"potions_floor_usage":[13,16,16,20,23,28,28,31,33,33,39],"damage_taken":[{"damage":5,"enemies":"2 Louse","floor":1,"turns":3},{"damage":9,"enemies":"Jaw Worm","floor":4,"turns":3},{"damage":1,"enemies":"Cultist","floor":5,"turns":3},{"damage":40,"enemies":"3 Sentries","floor":6,"turns":7},{"damage":22,"enemies":"Gremlin Nob","floor":8,"turns":4},{"damage":29,"enemies":"Lagavulin","floor":11,"turns":5},{"damage":16,"enemies":"3 Sentries","floor":13,"turns":3},{"damage":6,"enemies":"Looter","floor":14,"turns":3},{"damage":16,"enemies":"The Guardian","floor":16,"turns":6},{"damage":12,"enemies":"Chosen","floor":18,"turns":3},{"damage":22,"enemies":"2 Thieves","floor":19,"turns":3},{"damage":6,"enemies":"Chosen and Byrds","floor":20,"turns":3},{"damage":26,"enemies":"Cultist and Chosen","floor":22,"turns":7},{"damage":42,"enemies":"Gremlin Leader","floor":23,"turns":5},{"damage":32,"enemies":"Slavers","floor":28,"turns":4},{"damage":0,"enemies":"3 Cultists","floor":31,"turns":4},{"damage":30,"enemies":"Champ","floor":33,"turns":8},{"damage":22,"enemies":"3 Shapes","floor":35,"turns":3},{"damage":25,"enemies":"3 Darklings","floor":36,"turns":5},{"damage":6,"enemies":"Sphere and 2 Shapes","floor":37,"turns":4},{"damage":78,"enemies":"2 Orb Walkers","floor":39,"turns":4}],"seed_played":"-4492466015962021132","potions_obtained":[{"floor":6,"key":"PowerPotion"},{"floor":13,"key":"BlessingOfTheForge"},{"floor":14,"key":"Energy Potion"},{"floor":16,"key":"Ancient Potion"},{"floor":20,"key":"SteroidPotion"},{"floor":22,"key":"EssenceOfSteel"},{"floor":23,"key":"EssenceOfSteel"},{"floor":31,"key":"LiquidBronze"},{"floor":35,"key":"Fire Potion"}],"is_trial":false,"path_per_floor":["M","?","?","M","M","E","R","E","T","R","E","$","E","M","R","B",null,"M","M","M","?","M","E","R","?","T","?","E","?","$","M","R","B",null,"M","M","M","?","?"],"character_chosen":"IRONCLAD","items_purchased":["Offering","Perfected Strike","LiquidMemories","FairyPotion","Fire Breathing","SkillPotion","Kunai","Strength Potion","Ghostly Armor"],"campfire_rested":4,"item_purchase_floors":[12,12,12,12,30,30,30,30,30],"current_hp_per_floor":[73,73,73,70,75,41,65,49,49,73,50,50,40,40,40,30,68,62,46,46,72,52,16,40,40,40,40,14,14,14,22,46,24,66,52,35,37,37,0,0],"gold":177,"neow_bonus":"UPGRADE_CARD","is_daily":false,"chose_seed":false,"campfire_upgraded":1,"win_rate":0.0,"timestamp":1611669960,"path_taken":["M","?","?","M","M","E","R","E","T","R","E","$","E","M","R","BOSS","M","?","M","?","M","E","R","?","T","?","E","?","$","?","R","BOSS","M","M","M","?","?"],"items_purchased_type":["Card","Card","Potion","Potion","Card","Potion","Relic","Potion","Card"],"build_version":"2020-12-22","purchased_purges":0,"victory":false,"max_hp_per_floor":[80,80,80,80,80,80,80,80,80,80,80,80,80,80,80,80,80,80,80,80,80,80,80,80,80,80,80,80,80,80,80,80,80,80,80,80,80,80,80,80],"relic_stats":{"Blood Vial":12,"counters":[21,90],"Dead Branch":[120],"Black Star":2,"Whetstone":["Perfected Strike","Cleave"],"Kunai":[8],"Boot":[4],"MawBank":84,"Question Card":6,"obtain_stats":[{"Potion Belt":6,"Dead Branch":11,"Oddly Smooth Stone":9,"Whetstone":8,"Boot":23,"MawBank":23,"Question Card":28,"Burning Blood":0,"Blood Vial":28,"CaptainsWheel":13,"Mark of Pain":34,"Black Star":17,"Bag of Marbles":26,"Kunai":30},{"Potion Belt":4,"Dead Branch":6,"Oddly Smooth Stone":5,"Whetstone":5,"Boot":14,"MawBank":14,"Question Card":15,"Burning Blood":0,"Blood Vial":15,"CaptainsWheel":7,"Mark of Pain":17,"Black Star":9,"Bag of Marbles":14,"Kunai":15},{"Potion Belt":16,"Dead Branch":25,"Oddly Smooth Stone":20,"Whetstone":20,"Boot":58,"MawBank":58,"Question Card":62,"Burning Blood":0,"Blood Vial":62,"CaptainsWheel":28,"Mark of Pain":74,"Black Star":37,"Bag of Marbles":58,"Kunai":62}],"Burning Blood":120},"card_choices":[{"not_picked":["Cleave","Flame Barrier"],"picked":"Perfected Strike","floor":1},{"not_picked":["Rage","True Grit"],"picked":"Cleave","floor":4},{"not_picked":["Entrench","Havoc"],"picked":"Spot Weakness","floor":5},{"not_picked":["Pummel","Bloodletting"],"picked":"Clothesline","floor":6},{"not_picked":["Seeing Red","Clothesline"],"picked":"Headbutt","floor":8},{"not_picked":["Flex","Thunderclap"],"picked":"Battle Trance","floor":11},{"not_picked":["Sword Boomerang","True Grit"],"picked":"Corruption","floor":13},{"not_picked":["Dual Wield","Clash"],"picked":"Wild Strike","floor":14},{"not_picked":["Corruption","Juggernaut"],"picked":"Berserk","floor":16},{"not_picked":["Thunderclap","Battle Trance"],"picked":"Perfected Strike","floor":18},{"not_picked":["Flame Barrier","Clash"],"picked":"Wild Strike","floor":19},{"not_picked":["Pommel Strike","Clash"],"picked":"Twin Strike","floor":20},{"not_picked":["Combust","Warcry","Havoc"],"picked":"SKIP","floor":22},{"not_picked":["Combust","Pummel"],"picked":"Pommel Strike","floor":23},{"not_picked":["Warcry","Disarm"],"picked":"Thunderclap+1","floor":28},{"not_picked":["Combust","Clothesline","Warcry"],"picked":"Barricade","floor":31},{"not_picked":["Brutality","Corruption","Fiend Fire"],"picked":"Juggernaut","floor":33},{"not_picked":["Cleave","Armaments","Clothesline"],"picked":"Shrug It Off","floor":35},{"not_picked":["Sword Boomerang+1","Armaments","Burning Pact"],"picked":"Ghostly Armor+1","floor":36},{"not_picked":["Rupture","Headbutt","Combust","Evolve"],"picked":"SKIP","floor":37},{"not_picked":["Forethought","Discovery","Flash of Steel"],"picked":"Purity","floor":38}],"player_experience":512011,"relics_obtained":[{"floor":6,"key":"Potion Belt"},{"floor":8,"key":"Whetstone"},{"floor":9,"key":"Oddly Smooth Stone"},{"floor":11,"key":"Dead Branch"},{"floor":13,"key":"CaptainsWheel"},{"floor":23,"key":"Boot"},{"floor":23,"key":"MawBank"},{"floor":26,"key":"Bag of Marbles"},{"floor":28,"key":"Question Card"},{"floor":28,"key":"Blood Vial"}],"event_choices":[{"damage_healed":0,"gold_gain":0,"player_choice":"Ignored","damage_taken":0,"max_hp_gain":0,"max_hp_loss":0,"event_name":"Liars Game","floor":2,"gold_loss":0},{"damage_healed":0,"gold_gain":100,"player_choice":"Pray","damage_taken":0,"max_hp_gain":0,"max_hp_loss":0,"event_name":"Golden Shrine","floor":3,"gold_loss":0},{"damage_healed":26,"gold_gain":0,"player_choice":"Heal","damage_taken":0,"max_hp_gain":0,"max_hp_loss":0,"event_name":"The Library","floor":21,"gold_loss":0},{"damage_healed":0,"gold_gain":0,"player_choice":"Ignored","damage_taken":0,"max_hp_gain":0,"max_hp_loss":0,"event_name":"Cursed Tome","floor":25,"gold_loss":0},{"damage_healed":0,"gold_gain":99,"player_choice":"Stole From Cult","damage_taken":0,"max_hp_gain":0,"max_hp_loss":0,"event_name":"Nest","floor":27,"gold_loss":0},{"damage_healed":0,"gold_gain":0,"player_choice":"Simplicity","damage_taken":0,"max_hp_gain":0,"max_hp_loss":0,"event_name":"Back to Basics","floor":29,"gold_loss":0,"cards_upgraded":["Strike_R","Strike_R","Strike_R","Strike_R","Strike_R","Defend_R","Defend_R","Defend_R","Defend_R"]},{"damage_healed":0,"gold_gain":0,"player_choice":"Memory 1","damage_taken":0,"max_hp_gain":0,"max_hp_loss":0,"event_name":"SensoryStone","floor":38,"gold_loss":0},{"damage_healed":0,"gold_gain":0,"player_choice":"Fight","damage_taken":0,"max_hp_gain":0,"max_hp_loss":0,"event_name":"Mysterious Sphere","floor":39,"gold_loss":0}],"is_beta":false,"boss_relics":[{"not_picked":["SlaversCollar","Sozu"],"picked":"Black Star"},{"not_picked":["Velvet Choker","Runic Dome"],"picked":"Mark of Pain"}],"items_purged_floors":[],"is_endless":false,"potions_floor_spawned":[6,13,14,16,20,22,23,31,35],"killed_by":"2 Orb Walkers","ascension_level":13}}