{"host":"san3zorndfes7b27","time":1611627377,"event":{"mods":["BaseMod","Colored Map","Minty Spire (QoL Compilation)","Relic Stats","StSLib"],"gold_per_floor":[114,64,64,83,83,111,111,123,123,157,177,189,189,222,222,222,222],"floor_reached":16,"language":"ENG","playtime":634,"items_purged":[],"score":218,"play_id":"179030de-d2eb-4b0e-9256-50079d47355f","local_time":"20210125211617","is_ascension_mode":true,"campfire_choices":[{"data":"Accuracy","floor":7,"key":"SMITH"},{"data":"Dagger Spray","floor":13,"key":"SMITH"},{"data":"Leg Sweep","floor":15,"key":"SMITH"}],"circlet_count":0,"master_deck":["AscendersBane","Strike_G","Strike_G","Strike_G","Strike_G","Defend_G","Defend_G","Defend_G","Defend_G","Defend_G","Survivor","Neutralize","Quick Slash","Dagger Spray+1","Blade Dance","Distraction","Accuracy+1","Flying Knee","Blade Dance","Backflip","Leg Sweep+1"],"relics":["Ring of the Snake","NeowsBlessing","Ornamental Fan","Smiling Mask","Potion Belt","Orichalcum"],"acts_visited":["Exordium"],"potions_floor_usage":[10,16,16],"damage_taken":[{"damage":0,"enemies":"Jaw Worm","floor":1,"turns":1},{"damage":0,"enemies":"2 Louse","floor":4,"turns":1},{"damage":0,"enemies":"Lagavulin","floor":6,"turns":1},{"damage":0,"enemies":"Small Slimes","floor":8,"turns":2},{"damage":20,"enemies":"Gremlin Nob","floor":10,"turns":5},{"damage":0,"enemies":"2 Fungi Beasts","floor":11,"turns":2},{"damage":0,"enemies":"Exordium Wildlife","floor":12,"turns":3},{"damage":22,"enemies":"Lagavulin","floor":14,"turns":4},{"damage":10,"enemies":"Hexaghost","floor":16,"turns":12}],"seed_played":"-4244871469707910785","potions_obtained":[{"floor":1,"key":"DistilledChaos"},{"floor":11,"key":"BlessingOfTheForge"},{"floor":14,"key":"BlessingOfTheForge"}],"is_trial":false,"path_per_floor":["M","$","?","M","?","E","R","M","T","E","M","M","R","E","R","B"],"character_chosen":"THE_SILENT","items_purchased":["Dagger Spray"],"campfire_rested":0,"item_purchase_floors":[2],"current_hp_per_floor":[63,63,51,51,51,51,51,51,51,31,31,31,31,9,9,0,0],"gold":222,"neow_bonus":"THREE_ENEMY_KILL","is_daily":false,"chose_seed":false,"campfire_upgraded":3,"win_rate":0.0,"timestamp":1611627377,"path_taken":["M","$","?","M","?","E","R","M","T","E","M","M","R","E","R","BOSS"],"items_purchased_type":["Card"],"build_version":"2020-12-22","purchased_purges":0,"victory":false,"max_hp_per_floor":[70,70,70,70,70,70,70,70,70,70,70,70,70,70,70,70,70],"relic_stats":{"counters":[9,31],"Ornamental Fan":[80],"Orichalcum":[0],"Smiling Mask":0,"obtain_stats":[{"Potion Belt":10,"NeowsBlessing":0,"Ornamental Fan":3,"Orichalcum":14,"Smiling Mask":6,"Ring of the Snake":0},{"Potion Belt":5,"NeowsBlessing":0,"Ornamental Fan":1,"Orichalcum":8,"Smiling Mask":3,"Ring of the Snake":0},{"Potion Belt":10,"NeowsBlessing":0,"Ornamental Fan":1,"Orichalcum":19,"Smiling Mask":3,"Ring of the Snake":0}],"Ring of the Snake":[18]},"card_choices":[{"not_picked":["Flying Knee","Backflip"],"picked":"Quick Slash","floor":1},{"not_picked":["Quick Slash","Skewer"],"picked":"Blade Dance","floor":4},{"not_picked":["Dodge and Roll","Deflect"],"picked":"Accuracy","floor":6},{"not_picked":["Dodge and Roll","Deflect"],"picked":"Flying Knee","floor":8},{"not_picked":["Tactician","Accuracy"],"picked":"Blade Dance","floor":10},{"not_picked":["Concentrate","Masterful Stab","Underhanded Strike"],"picked":"SKIP","floor":11},{"not_picked":["Quick Slash","Concentrate"],"picked":"Backflip","floor":12},{"not_picked":["Outmaneuver","Riddle With Holes"],"picked":"Leg Sweep","floor":14}],"player_experience":1509996,"relics_obtained":[{"floor":6,"key":"Smiling Mask"},{"floor":10,"key":"Potion Belt"},{"floor":14,"key":"Orichalcum"}],"event_choices":[{"damage_healed":0,"gold_gain":0,"player_choice":"Success","damage_taken":12,"relics_obtained":["Ornamental Fan"],"max_hp_gain":0,"max_hp_loss":0,"event_name":"Scrap Ooze","floor":3,"gold_loss":0},{"damage_healed":0,"gold_gain":0,"cards_transformed":["Strike_G"],"player_choice":"Change","damage_taken":0,"max_hp_gain":0,"max_hp_loss":0,"event_name":"Living Wall","floor":5,"gold_loss":0,"cards_obtained":["Distraction"]}],"is_beta":false,"boss_relics":[],"items_purged_floors":[],"is_endless":false,"potions_floor_spawned":[1,11,14],"killed_by":"Hexaghost","ascension_level":10}}