{"host":"vyjryxuuuxkt43k4","time":1611670629,"event":{"mods":["AchievementEnabler","BaseMod","Colored Map","DeckTracker","Keyboard Shortcuts","Minty Spire (QoL Compilation)","Permanent Neow","Quick Restart","Rare Cards Sparkle","StSLib","SuperFastMode","everything is the same but u backflip on backflip"],"gold_per_floor":[117,117,133,133,58,58,58,58],"floor_reached":7,"language":"KOR","playtime":175,"items_purged":["Strike_R"],"score":78,"play_id":"e9302786-716f-4db4-b9c2-1361c60347ee","local_time":"20210126231709","is_ascension_mode":true,"campfire_choices":[{"data":"Immolate","floor":6,"key":"SMITH"}],"circlet_count":0,"master_deck":["AscendersBane","Strike_R+1","Strike_R","Strike_R","Defend_R","Defend_R","Defend_R","Defend_R","Bash","Immolate+1","Shrug It Off","Spot Weakness+1"],"relics":["Burning Blood"],"acts_visited":["Exordium"],"potions_floor_usage":[],"damage_taken":[{"damage":0,"enemies":"2 Louse","floor":1,"turns":1},{"damage":4,"enemies":"Small Slimes","floor":3,"turns":3},{"damage":46,"enemies":"Lagavulin","floor":7,"turns":7}],"seed_played":"-6470176297409075897","potions_obtained":[],"is_trial":false,"path_per_floor":["M","?","M","?","$","R","E"],"character_chosen":"IRONCLAD","items_purchased":[],"campfire_rested":0,"item_purchase_floors":[],"current_hp_per_floor":[56,49,51,28,28,28,0,0],"gold":58,"neow_bonus":"THREE_RARE_CARDS","is_daily":false,"chose_seed":false,"campfire_upgraded":1,"win_rate":0.0,"timestamp":1611670629,"path_taken":["M","?","M","?","$","R","E"],"items_purchased_type":[],"build_version":"2020-12-22","purchased_purges":1,"victory":false,"max_hp_per_floor":[75,75,75,75,75,75,75,75],"card_choices":[{"not_picked":["Corruption","Feed"],"picked":"Immolate","floor":0},{"not_picked":["Twin Strike","Pommel Strike"],"picked":"Shrug It Off","floor":1},{"not_picked":["Combust","Clash"],"picked":"Spot Weakness","floor":3}],"player_experience":380811,"relics_obtained":[],"event_choices":[{"cards_removed":["Strike_R"],"damage_healed":0,"gold_gain":0,"player_choice":"Card Removal","damage_taken":7,"max_hp_gain":0,"max_hp_loss":0,"event_name":"Golden Wing","floor":2,"gold_loss":0},{"damage_healed":0,"gold_gain":0,"player_choice":"Entered Light","damage_taken":23,"max_hp_gain":0,"max_hp_loss":0,"event_name":"Shining Light","floor":4,"gold_loss":0,"cards_upgraded":["Strike_R","Spot Weakness"]}],"is_beta":false,"boss_relics":[],"items_purged_floors":[5],"is_endless":false,"potions_floor_spawned":[],"killed_by":"Lagavulin","ascension_level":20}}