{"host":"4ozijidc6e3a2l57","time":1611690570,"event":{"mods":["AchievementEnabler","BaseMod","Colored Map","Colored Powertips","DeckTracker","Friendly Minions","Minty Spire (QoL Compilation)","Quick Restart","StSLib","Synergy Search"],"gold_per_floor":[111,130,147,147,157,157,177,210,210],"floor_reached":8,"language":"ENG","playtime":2313,"items_purged":[],"score":60,"play_id":"4a3a8e5f-fa65-49c5-8465-459a55f8b9ec","local_time":"20210126114930","is_ascension_mode":false,"campfire_choices":[{"data":"Reinforced Body","floor":6,"key":"SMITH"}],"circlet_count":0,"master_deck":["Strike_B","Strike_B","Strike_B","Defend_B","Defend_B","Defend_B","Defend_B","Zap","Dualcast","Lockon","Coolheaded","Reinforced Body+1","Melter","Self Repair"],"relics":["Cracked Core","Meat on the Bone"],"acts_visited":["Exordium"],"potions_floor_usage":[],"damage_taken":[{"damage":2,"enemies":"Small Slimes","floor":1,"turns":3},{"damage":1,"enemies":"Jaw Worm","floor":2,"turns":3},{"damage":9,"enemies":"2 Louse","floor":3,"turns":2},{"damage":0,"enemies":"Large Slime","floor":5,"turns":4},{"damage":3,"enemies":"Red Slaver","floor":7,"turns":3},{"damage":38,"enemies":"3 Sentries","floor":8,"turns":13}],"seed_played":"-2915233434047318667","potions_obtained":[{"floor":3,"key":"EntropicBrew"}],"is_trial":false,"path_per_floor":["M","M","M","?","M","R","M","E"],"character_chosen":"DEFECT","items_purchased":[],"campfire_rested":0,"item_purchase_floors":[],"current_hp_per_floor":[80,79,70,63,63,63,60,29,29],"gold":210,"neow_bonus":"TEN_PERCENT_HP_BONUS","is_daily":false,"chose_seed":false,"campfire_upgraded":1,"win_rate":0.0,"timestamp":1611690570,"path_taken":["M","M","M","?","M","R","M","E"],"items_purchased_type":[],"build_version":"2020-12-22","purchased_purges":0,"victory":false,"max_hp_per_floor":[82,82,82,82,82,82,82,82,82],"card_choices":[{"not_picked":["Rebound","Hologram"],"picked":"Lockon","floor":1},{"not_picked":["Lockon","Beam Cell"],"picked":"Coolheaded","floor":2},{"not_picked":["Sweeping Beam","Consume"],"picked":"Reinforced Body","floor":3},{"not_picked":["Compile Driver","Scrape"],"picked":"Melter","floor":5},{"not_picked":["Stack","Barrage"],"picked":"Self Repair","floor":7}],"player_experience":231590,"relics_obtained":[{"floor":8,"key":"Meat on the Bone"}],"event_choices":[{"cards_removed":["Strike_B"],"damage_healed":0,"gold_gain":0,"player_choice":"Card Removal","damage_taken":7,"max_hp_gain":0,"max_hp_loss":0,"event_name":"Golden Wing","floor":4,"gold_loss":0}],"is_beta":false,"boss_relics":[],"items_purged_floors":[],"is_endless":false,"potions_floor_spawned":[3],"killed_by":"3 Sentries","ascension_level":0}}