{"host":"zrtolk9726p85qr7","time":1611630353,"event":{"mods":["BaseMod","BetterRewards","Colored Powertips","Minty Spire (QoL Compilation)","Permanent Neow","Quick Restart","Spire Arcade","StSLib","The Animator","The Necromancer"],"gold_per_floor":[109,69,86,103,82,115,191,191,215,215,232,252,324,339,339,439,439,452,452,466,466,466,466,466,466,466,241,259,276,304,304,304],"floor_reached":31,"language":"ENG","playtime":842,"items_purged":["Writhe"],"score":255,"play_id":"c753ebd1-2228-42ac-a70a-5098f7f45553","local_time":"20210126040553","is_ascension_mode":false,"campfire_choices":[{"floor":8,"key":"REST"},{"floor":15,"key":"REST"},{"data":"Noxious Fumes","floor":23,"key":"SMITH"},{"data":"Bane","floor":25,"key":"SMITH"}],"circlet_count":0,"master_deck":["Strike_G+1","Strike_G+1","Strike_G+1","Strike_G+1","Strike_G+1","Defend_G+1","Defend_G+1","Defend_G+1","Defend_G+1","Defend_G+1","Survivor","Neutralize","Corpse Explosion","Blade Dance","Bane","Slice","Backstab","Noxious Fumes+1","Bane+1","Noxious Fumes+1","Slice"],"relics":["Ring of the Snake","Tiny Chest","Lantern","Centennial Puzzle","HornCleat","Eternal Feather","Bottled Tornado","DollysMirror","TungstenRod"],"acts_visited":["Exordium","TheCity"],"potions_floor_usage":[11,16,30,30],"damage_taken":[{"damage":1,"enemies":"Cultist","floor":1,"turns":4},{"damage":6,"enemies":"2 Louse","floor":3,"turns":3},{"damage":7,"enemies":"Jaw Worm","floor":4,"turns":3},{"damage":19,"enemies":"Gremlin Nob","floor":6,"turns":5},{"damage":0,"enemies":"Exordium Wildlife","floor":11,"turns":3},{"damage":0,"enemies":"2 Fungi Beasts","floor":12,"turns":2},{"damage":10,"enemies":"Looter","floor":14,"turns":3},{"damage":33,"enemies":"Hexaghost","floor":16,"turns":11},{"damage":21,"enemies":"Shell Parasite","floor":18,"turns":5},{"damage":5,"enemies":"3 Byrds","floor":20,"turns":3},{"damage":14,"enemies":"Snecko","floor":28,"turns":4},{"damage":16,"enemies":"Snake Plant","floor":29,"turns":4},{"damage":42,"enemies":"Gremlin Leader","floor":30,"turns":7},{"damage":11,"enemies":"Centurion and Healer","floor":31,"turns":1}],"seed_played":"8946880172606175096","potions_obtained":[{"floor":2,"key":"Fire Potion"},{"floor":2,"key":"Regen Potion"},{"floor":3,"key":"SpeedPotion"},{"floor":12,"key":"Block Potion"},{"floor":28,"key":"Weak Potion"},{"floor":30,"key":"SpeedPotion"}],"is_trial":false,"path_per_floor":["M","?","M","M","?","E","?","R","T","?","M","M","T","M","R","B",null,"M","?","M","?","?","R","T","R","T","$","M","M","E","M"],"character_chosen":"THE_SILENT","items_purchased":["DollysMirror"],"campfire_rested":2,"item_purchase_floors":[27],"current_hp_per_floor":[69,69,63,56,56,37,37,58,58,55,55,55,55,45,66,33,70,49,49,44,44,67,67,67,70,70,70,56,40,7,0,0],"gold":304,"neow_bonus":"ONE_RANDOM_RARE_CARD","is_daily":false,"chose_seed":false,"campfire_upgraded":2,"win_rate":0.0,"timestamp":1611630353,"path_taken":["M","?","?","M","?","E","?","R","T","?","M","?","?","M","R","BOSS","M","?","M","?","?","R","?","R","T","$","M","M","E","M"],"items_purchased_type":["Relic"],"build_version":"2020-12-22","purchased_purges":1,"victory":false,"max_hp_per_floor":[70,70,70,70,70,70,70,70,70,70,70,70,70,70,70,70,70,70,70,70,70,70,70,70,70,70,70,70,70,70,70,70],"card_choices":[{"not_picked":["Caltrops","Terror"],"picked":"Blade Dance","floor":1},{"not_picked":["Quick Slash","Terror"],"picked":"Bane","floor":3},{"not_picked":["Deflect","PiercingWail"],"picked":"Slice","floor":4},{"not_picked":["Terror","Flechettes"],"picked":"Backstab","floor":6},{"not_picked":["Deflect","Flying Knee","Setup"],"picked":"SKIP","floor":11},{"not_picked":["Cloak And Dagger","Sucker Punch","Deflect"],"picked":"SKIP","floor":12},{"not_picked":["Riddle With Holes","Concentrate"],"picked":"Noxious Fumes","floor":14},{"not_picked":["Prepared","Sucker Punch","Outmaneuver"],"picked":"SKIP","floor":18},{"not_picked":["Finisher","Caltrops+1"],"picked":"Bane","floor":20},{"not_picked":["Sucker Punch","Backflip"],"picked":"Slice","floor":28},{"not_picked":["Flying Knee","Infinite Blades","Prepared+1"],"picked":"SKIP","floor":29},{"not_picked":["Dodge and Roll","Blur+1","Tactician+1"],"picked":"SKIP","floor":30}],"player_experience":102742,"relics_obtained":[{"floor":6,"key":"Tiny Chest"},{"floor":9,"key":"Lantern"},{"floor":24,"key":"Eternal Feather"},{"floor":26,"key":"Bottled Tornado"},{"floor":30,"key":"TungstenRod"}],"event_choices":[{"damage_healed":0,"gold_gain":0,"player_choice":"Bought 3 Potions","damage_taken":0,"max_hp_gain":0,"max_hp_loss":0,"event_name":"The Woman in Blue","floor":2,"gold_loss":0},{"damage_healed":0,"gold_gain":0,"player_choice":"Left Gold","damage_taken":0,"max_hp_gain":0,"max_hp_loss":0,"event_name":"World of Goop","floor":5,"gold_loss":21},{"damage_healed":0,"gold_gain":76,"player_choice":"Gained Gold","damage_taken":0,"max_hp_gain":0,"max_hp_loss":0,"event_name":"Golden Wing","floor":7,"gold_loss":0},{"damage_healed":0,"gold_gain":0,"player_choice":"Success","damage_taken":3,"relics_obtained":["Centennial Puzzle"],"max_hp_gain":0,"max_hp_loss":0,"event_name":"Scrap Ooze","floor":10,"gold_loss":0},{"damage_healed":0,"gold_gain":0,"player_choice":"Simplicity","damage_taken":0,"max_hp_gain":0,"max_hp_loss":0,"event_name":"Back to Basics","floor":19,"gold_loss":0,"cards_upgraded":["Strike_G","Strike_G","Strike_G","Strike_G","Strike_G","Defend_G","Defend_G","Defend_G","Defend_G","Defend_G"]},{"damage_healed":0,"gold_gain":0,"player_choice":"Opened","damage_taken":0,"relics_obtained":["HornCleat"],"max_hp_gain":0,"max_hp_loss":0,"event_name":"The Mausoleum","floor":21,"gold_loss":0,"cards_obtained":["Writhe"]},{"damage_healed":23,"gold_gain":0,"player_choice":"Heal","damage_taken":0,"max_hp_gain":0,"max_hp_loss":0,"event_name":"The Library","floor":22,"gold_loss":0}],"is_beta":false,"boss_relics":[{"not_picked":["Sozu","Calling Bell","Snecko Eye"]}],"items_purged_floors":[27],"is_endless":false,"potions_floor_spawned":[3,12,28,30],"killed_by":"Centurion and Healer","ascension_level":0}}