{"host":"bxs3jtgw91tf0zca","time":1611622419,"event":{"mods":["AchievementEnabler","Act Like it!","BaseMod","Challenge The Spire","Colored Map","Colored Powertips","GifTheSpireLib","Hubris","Minty Spire (QoL Compilation)","Replay The Spire","StSLib","Stuff the Spire","SuperFastMode","???mod?????"],"gold_per_floor":[118,118,132,145,158,158,183,195,207,239,276,298,339,364,376,464,576,600,662,691,714,363,401,424,436,448,490,502,564,593,623,635,723,735,760,787,819,842,874,886,930,952,991,1003,1015,1040,1084,1110,1122,1134],"floor_reached":51,"language":"ENG","playtime":2473,"items_purged":[],"score":1704,"play_id":"04eb8dc8-c115-45b3-a658-379a9a166b7f","local_time":"20210125215339","is_ascension_mode":true,"campfire_choices":[{"data":"SharpCut_Black","floor":6,"key":"SMITH"},{"data":"Attacker_Black","floor":8,"key":"SMITH"},{"data":"Observe_Black","floor":15,"key":"SMITH"},{"data":"Beater_Black","floor":25,"key":"SMITH"},{"data":"PrewarPrepare_Black","floor":28,"key":"SMITH"},{"data":"PrewarPrepare_Black","floor":32,"key":"SMITH"},{"data":"Unreasonable_Black","floor":40,"key":"SMITH"},{"data":"Elucidator_Black","floor":45,"key":"SMITH"},{"data":"SunBlade_Black","floor":49,"key":"SMITH"}],"circlet_count":0,"master_deck":["AscendersBane","Strike_Black","Strike_Black","Strike_Black","Defend_Black","Defend_Black","Defend_Black","Defend_Black","Observe_Black+1","SharpCut_Black+1","Attacker_Black+1","DoubleAttack_Black","Beater_Black+1","BrokenRibs_Black+1","PrewarPrepare_Black+1","StuffTheSpire:Brawn","ThrowKnife_Black","SunBlade_Black+1","PrewarPrepare_Black+1","Spitting_Black+1","Unreasonable_Black+1","SharpCut_Black+1","Elucidator_Black+1"],"relics":["TheHeartOfYui","Aincard","MawBank","StuffTheSpire:HeavyRock","StuffTheSpire:OldFever","Bronze Scales","Replay:Wanted Poster","hubris:SlimyHat","hubris:SphereOfDissonance","StuffTheSpire:RubySignet","SlaversCollar","Orichalcum","StuffTheSpire:MayFlowers"],"acts_visited":["Exordium","TheCity","TheBeyond"],"potions_floor_usage":[11,14,27,31,33,38],"damage_taken":[{"damage":0,"enemies":"Cultist","floor":1,"turns":4},{"damage":0,"enemies":"Jaw Worm","floor":3,"turns":4},{"damage":2,"enemies":"Small Slimes","floor":4,"turns":4},{"damage":0,"enemies":"2 Fungi Beasts","floor":5,"turns":4},{"damage":5,"enemies":"Replay:BlueRogue","floor":7,"turns":5},{"damage":5,"enemies":"3 Louse","floor":10,"turns":4},{"damage":2,"enemies":"Gremlin Nob","floor":11,"turns":4},{"damage":0,"enemies":"Blue Slaver","floor":12,"turns":4},{"damage":0,"enemies":"Lagavulin","floor":13,"turns":5},{"damage":11,"enemies":"Exordium Thugs","floor":14,"turns":3},{"damage":0,"enemies":"Slime Boss","floor":16,"turns":6},{"damage":0,"enemies":"Chosen","floor":18,"turns":4},{"damage":7,"enemies":"2 Thieves","floor":20,"turns":4},{"damage":0,"enemies":"Cultist and Chosen","floor":21,"turns":5},{"damage":0,"enemies":"Gremlin Leader","floor":23,"turns":6},{"damage":7,"enemies":"Centurion and Healer","floor":24,"turns":5},{"damage":2,"enemies":"Slavers","floor":27,"turns":6},{"damage":0,"enemies":"Snecko","floor":30,"turns":3},{"damage":4,"enemies":"Sentry and Sphere","floor":31,"turns":6},{"damage":15,"enemies":"Pondfish","floor":33,"turns":6},{"damage":0,"enemies":"Orb Walker","floor":35,"turns":5},{"damage":2,"enemies":"3 Darklings","floor":36,"turns":4},{"damage":7,"enemies":"Jaw Worm Horde","floor":37,"turns":4},{"damage":0,"enemies":"4 Shapes","floor":38,"turns":5},{"damage":0,"enemies":"Spire Growth","floor":39,"turns":4},{"damage":3,"enemies":"R_Hoarder","floor":41,"turns":4},{"damage":0,"enemies":"Transient","floor":42,"turns":5},{"damage":0,"enemies":"Maw","floor":46,"turns":5},{"damage":0,"enemies":"Giant Head","floor":47,"turns":4},{"damage":10,"enemies":"Spire Growth","floor":48,"turns":4},{"damage":19,"enemies":"hubris:GrandSnecko","floor":50,"turns":6}],"seed_played":"8475412483928130016","potions_obtained":[{"floor":1,"key":"FearPotion"},{"floor":5,"key":"LifebloodPotion"},{"floor":7,"key":"PowerPotion"},{"floor":11,"key":"Explosive Potion"},{"floor":14,"key":"Fruit Juice"},{"floor":27,"key":"ColorlessPotion"},{"floor":30,"key":"Explosive Potion"},{"floor":31,"key":"LiquidMemories"},{"floor":33,"key":"Energy Potion"},{"floor":37,"key":"ColorlessPotion"},{"floor":42,"key":"Block Potion"}],"is_trial":false,"path_per_floor":["M","?","M","M","M","R","E","R","T","M","E","M","E","M","R","B",null,"M","?","M","M","?","E","M","R","T","E","R","?","M","M","R","B",null,"M","M","M","M","M","R","E","M","T","?","R","M","E","M","R","B",null],"character_chosen":"THE_KIRITO","items_purchased":[],"campfire_rested":0,"item_purchase_floors":[],"current_hp_per_floor":[68,68,68,66,66,66,61,61,61,56,54,54,54,48,48,48,72,72,64,57,57,57,57,50,50,50,48,48,48,48,52,52,47,84,86,84,87,97,97,97,94,94,94,94,94,96,96,88,88,72],"gold":1146,"neow_bonus":"THREE_CARDS","is_daily":false,"chose_seed":false,"campfire_upgraded":9,"win_rate":0.0,"timestamp":1611622419,"path_taken":["M","?","M","M","M","R","E","R","T","M","E","M","E","M","R","BOSS","M","?","?","M","?","E","M","R","T","E","R","?","M","M","R","BOSS","M","?","M","M","M","R","E","M","T","?","R","M","E","M","R","BOSS"],"items_purchased_type":[],"build_version":"2020-12-22","purchased_purges":0,"victory":true,"max_hp_per_floor":[75,75,75,75,75,75,75,75,75,75,75,75,75,80,80,80,80,80,80,80,80,80,80,80,80,80,80,80,80,80,88,88,96,96,96,96,104,112,112,112,112,112,112,112,112,112,112,112,112,112],"card_choices":[{"not_picked":["Intimidate_Black","Attacker_Black"],"picked":"SharpCut_Black","floor":0},{"not_picked":["StarSpatter_Black","HeartyMeal_Black"],"picked":"Attacker_Black","floor":1},{"not_picked":["Exercise1_Black","Smile_Black","WeakHit_Black"],"picked":"SKIP","floor":3},{"not_picked":["StrengthTransform_Black","Smile_Black"],"picked":"DoubleAttack_Black","floor":4},{"not_picked":["SelfCongested_Black","StarSpatter_Black","BrilliantBlade_Black"],"picked":"SKIP","floor":5},{"not_picked":["Thrust_Black","Kiriko_Black","DexterityTransform_Black"],"picked":"SKIP","floor":7},{"not_picked":["DoubleCut_Black","DoubleAttack_Black","Injury_Black"],"picked":"SKIP","floor":10},{"not_picked":["DexterityTransform_Black","DoubleCut_Black","Guard_Black"],"picked":"SKIP","floor":11},{"not_picked":["DoubleCut_Black","TheEnd_Black","DoubleAttack_Black"],"picked":"SKIP","floor":12},{"not_picked":["Injury_Black","Intimidate_Black","SmokeScreen_Black"],"picked":"SKIP","floor":13},{"not_picked":["HeartyMeal_Black","DoubleAttack_Black","StarBurstStream_Black"],"picked":"SKIP","floor":14},{"not_picked":["DrawingSword_Black","Stick_Black"],"picked":"Beater_Black","floor":16},{"not_picked":["SelfCongested_Black","DoubleAttack_Black","Intimidate_Black"],"picked":"SKIP","floor":18},{"not_picked":["StarSpatter_Black","SwordDance_Black"],"picked":"BrokenRibs_Black+1","floor":20},{"not_picked":["SmokeScreen_Black+1","Spitting_Black+1"],"picked":"PrewarPrepare_Black","floor":21},{"not_picked":["GunFight_Black","SpiritCrash_Black"],"picked":"ThrowKnife_Black","floor":23},{"not_picked":["SwordDance_Black","Exercise1_Black","HorizontalSquareChopping_Black"],"picked":"SKIP","floor":24},{"not_picked":["SmokeScreen_Black","Defender_Black+1"],"picked":"SunBlade_Black","floor":27},{"not_picked":["Stab_Black","ThrowKnife_Black"],"picked":"PrewarPrepare_Black","floor":30},{"not_picked":["Stab_Black","BrokenRibs_Black"],"picked":"Spitting_Black+1","floor":31},{"not_picked":["Eclipse_Black","DrawingSword_Black"],"picked":"Unreasonable_Black","floor":33},{"not_picked":["DoubleAttack_Black","Intimidate_Black","Thrust_Black"],"picked":"SKIP","floor":35},{"not_picked":["HorizontalSquareChopping_Black+1","Thrust_Black","SmokeScreen_Black"],"picked":"SKIP","floor":36},{"not_picked":["Defender_Black","SpiritCrash_Black"],"picked":"SharpCut_Black+1","floor":37},{"not_picked":["HorizontalSquareChopping_Black","StarBurstStream_Black+1","SharpCut_Black+1"],"picked":"SKIP","floor":38},{"not_picked":["SharpCut_Black","SelfCongested_Black","PrewarPrepare_Black"],"picked":"SKIP","floor":39},{"not_picked":["BrokenRibs_Black","Smile_Black","DoubleCut_Black"],"picked":"SKIP","floor":41},{"not_picked":["BrilliantBlade_Black+1","Defender_Black+1"],"picked":"Elucidator_Black","floor":42},{"not_picked":["Mark_Black+1","SmokeScreen_Black","StarSpatter_Black"],"picked":"SKIP","floor":46},{"not_picked":["StarBurstStream_Black","BrokenRibs_Black","SmokeScreen_Black"],"picked":"SKIP","floor":47},{"not_picked":["Attacker_Black","DoubleCut_Black+1","WeakHit_Black"],"picked":"SKIP","floor":48}],"player_experience":387696,"relics_obtained":[{"floor":7,"key":"MawBank"},{"floor":9,"key":"StuffTheSpire:HeavyRock"},{"floor":11,"key":"StuffTheSpire:OldFever"},{"floor":13,"key":"Bronze Scales"},{"floor":23,"key":"hubris:SlimyHat"},{"floor":26,"key":"hubris:SphereOfDissonance"},{"floor":27,"key":"StuffTheSpire:RubySignet"},{"floor":41,"key":"Orichalcum"},{"floor":47,"key":"StuffTheSpire:MayFlowers"}],"event_choices":[{"damage_healed":0,"gold_gain":50,"player_choice":"Touch","damage_taken":8,"max_hp_gain":0,"max_hp_loss":0,"event_name":"FaceTrader","floor":19,"gold_loss":0},{"damage_healed":0,"gold_gain":50,"player_choice":"Pray","damage_taken":0,"max_hp_gain":0,"max_hp_loss":0,"event_name":"Golden Shrine","floor":29,"gold_loss":0},{"damage_healed":0,"gold_gain":0,"player_choice":"Memory 1","damage_taken":0,"max_hp_gain":0,"max_hp_loss":0,"event_name":"SensoryStone","floor":44,"gold_loss":0}],"is_beta":false,"boss_relics":[{"not_picked":["Kintsugi","hubris:ScarierMask"],"picked":"Replay:Wanted Poster"},{"not_picked":["StuffTheSpire:RunicHypercube","Snecko Eye"],"picked":"SlaversCollar"}],"items_purged_floors":[],"is_endless":false,"potions_floor_spawned":[1,5,7,11,14,27,30,31,33,37,42,47,48],"ascension_level":16}}