{"host":"qg654vxoo1kzp6cj","time":1611620684,"event":{"mods":["100% Spire Juice","2.2 Compatiblity","Act Like it!","Aspiration","BaseMod","Better Altar","Better Skull","Better Third Choice","Better Vampires","Conspire","Dio Mod","Displayed Cursed Tome","Downfall","Elementarium","Gensokyo","GifTheSpireLib","Hallownest","Hermit","HololiveMod","Hubris","Ironclad Rager","Jedi Mod","KinomotoSakuraMod(????)","Menagerie","Minty Spire (QoL Compilation)","MostiFishMod","Pale of the Ancients","Reliquary","Replay The Spire","Retaliation","Spicy Shops","Spikes Relics","StSLib","Strawberry Spire","Stuff the Spire","The Alterego","The Animator","The Bug Knight","The Death Knight","The Runesmith","The Senshi","The Wild Card","TheHero","TheVelvet","Trackpad","Wandering Minibosses","WarShipGirlsR/????R mod"],"gold_per_floor":[-1301,-1282,-1282,-1182,-1170,-1159,-1133,0,28,47,66,66,66,77,96,193,193,93,107,161,177,16,33,33,16,43,43,43,55,55,55,73,169,169,69,89,115,115,136,155,155,211,111,211,236,236,136,157,172,122,122,154,19,19,19,19],"floor_reached":57,"language":"ENG","playtime":2849,"items_purged":["Regret","Menagerie:BloodySpellbook"],"score":1526,"play_id":"674ab659-883c-4ed5-985d-c074c4bc86ca","local_time":"20210125192444","is_ascension_mode":false,"campfire_choices":[{"floor":1,"key":"DIG"},{"floor":12,"key":"RECALL"},{"data":"bronze:Verify","floor":18,"key":"SMITH"},{"data":"bronze:AlphaBuild","floor":35,"key":"SMITH"},{"data":"bronze:ItsAFeature","floor":43,"key":"SMITH"},{"floor":54,"key":"REST"}],"circlet_count":0,"master_deck":["bronze:Strike","bronze:Strike","bronze:Strike","bronze:Strike","bronze:Defend","bronze:Defend","bronze:Defend","bronze:Defend","bronze:Replicate","bronze:Goto","bronze:WhirlingStrike","bronze:BugBarrage","bronze:ClassDefault","bronze:ChosenStrike","bronze:Overload","bronze:Boost","bronze:Repair","bronze:BugBarrage","bronze:Frontload","bronze:Verify+1","bronze:DelayedSlice","bronze:Shell","bronze:SpaghettiCode","bronze:Optimize","bronze:Branch","bronze:Return+1","expansioncontent:StudyTheSpire+1","bronze:ItsAFeature+1","Elementarium:FireblessedBlade+1","Injury","bronze:WhirlingStrike","bronze:Repulsor+1","bronze:ForceShield+1","bronze:AlphaBuild+1","bronze:Flail+1","hubris:Greed","hubris:Gluttony","bronze:FineTuning","bronze:FineTuning+1","Clumsy","Injury","hubris:Despair","bronze:ShipIt","Parasite","bronze:DelayedSlice+1","hubris:Despair","bronze:Repulsor","bronze:Frontload+1","bronze:BronzeOrb","expansioncontent:Chronoboost"],"relics":["bronze:BronzeCore","DaveBox","NeowsBlessing","SynthV:MejaisSoulstealer","DeathKnight:PutricidesVial","ReplayTheSpireMod:TigerMarble","GiantMaggot","Ring of Fangs","wanderingMiniBosses:CarrionFlame","RhineCircuit","downfall:HeartBlessingBlue","MealTicket","DianDianMeat","SentryEyes","reliquary:PurpleTingedLeaf","reliquary:TridentHead","hubris:Icosahedron","reliquary:RedCape","downfall:HeartBlessingRed","ReplayTheSpireMod:CursedCoin","hubris:SphereOfDissonance","trackpad:WondrousWand","StuffTheSpire:Expresso","downfall:HeartBlessingGreen","downfall:ExtraCursedKey","Gremlin Horn","Boot"],"acts_visited":["Exordium","Gensokyo:Gensokyo","TheBeyond","TheEnding"],"potions_floor_usage":[8,8,15,15,16,22,22,33,42,49,50,50,56,56],"damage_taken":[{"damage":0,"enemies":"Gensokyo:Gryphon","floor":2,"turns":1},{"damage":0,"enemies":"Gensokyo:Python","floor":5,"turns":1},{"damage":0,"enemies":"Gensokyo:2_Kodama","floor":6,"turns":1},{"damage":16,"enemies":"downfall:FleeingMerchant","floor":8,"turns":5},{"damage":9,"enemies":"Gensokyo:Mamizou","floor":9,"turns":7},{"damage":0,"enemies":"Gensokyo:LivingMonolith","floor":10,"turns":2},{"damage":0,"enemies":"Gensokyo:5_Fairies","floor":11,"turns":3},{"damage":0,"enemies":"Gensokyo:Python_and_Kodama","floor":14,"turns":2},{"damage":16,"enemies":"Gensokyo:Gryphon_and_Rabbit","floor":15,"turns":6},{"damage":1,"enemies":"WA_ARCHETYPE_RETAIN","floor":16,"turns":6},{"damage":0,"enemies":"Elementarium:2_ELEMENTALS","floor":19,"turns":1},{"damage":5,"enemies":"Elementarium:VoidCorruption","floor":21,"turns":3},{"damage":0,"enemies":"downfall:FleeingMerchant","floor":22,"turns":3},{"damage":0,"enemies":"Elementarium:3_ELEMENTALS","floor":23,"turns":1},{"damage":0,"enemies":"Elementarium:ElementalPortal","floor":26,"turns":3},{"damage":4,"enemies":"Elementarium:VoidBeast","floor":29,"turns":3},{"damage":0,"enemies":"Elementarium:VOID_CORRUPTION_AND_TAR_GOLEM","floor":32,"turns":2},{"damage":16,"enemies":"SI_MIRROR_ARCHETYPE","floor":33,"turns":3},{"damage":0,"enemies":"3 Darklings","floor":36,"turns":1},{"damage":20,"enemies":"Orb Walker","floor":39,"turns":2},{"damage":0,"enemies":"4 Shapes","floor":40,"turns":1},{"damage":13,"enemies":"2 Orb Walkers","floor":42,"turns":3},{"damage":10,"enemies":"Writhing Mass","floor":45,"turns":3},{"damage":0,"enemies":"Maw","floor":48,"turns":5},{"damage":3,"enemies":"Transient","floor":49,"turns":5},{"damage":43,"enemies":"DF_ARCHETYPE_ORBS","floor":50,"turns":7},{"damage":119,"enemies":"downfall:CharBossMerchant","floor":52,"turns":7},{"damage":29,"enemies":"downfall:NeowBoss","floor":55,"turns":10},{"damage":152,"enemies":"downfall:NeowBossFinal","floor":56,"turns":9}],"seed_played":"-1197863615488850060","potions_obtained":[{"floor":5,"key":"Ancient Potion"},{"floor":6,"key":"hexamod:SoulburnPotion"},{"floor":10,"key":"jedi:holywater"},{"floor":11,"key":"DeathKnight:RimePotion"},{"floor":14,"key":"SpeedPotion"},{"floor":16,"key":"ColorlessPotion"},{"floor":20,"key":"SteroidPotion"},{"floor":26,"key":"sneckomod:MuddlingPotion"},{"floor":29,"key":"CultistPotion"},{"floor":42,"key":"Dexterity Potion"},{"floor":45,"key":"jedi:StrikingPotion"}],"is_trial":false,"path_per_floor":["R","M","?","?","M","M","T","$","E","M","M","R","?","M","M","B",null,"R","M","?","M","$","M","T","$","E","?","?","M","?","?","M","B",null,"R","M","$","?","M","M","T","?","R","?","M","T","$","M","M","B",null,"E","$","R","B","B",null],"character_chosen":"THE_AUTOMATON","items_purchased":["DianDianMeat","SentryEyes","expansioncontent:StudyTheSpire","ReplayTheSpireMod:CursedCoin","hubris:SphereOfDissonance","expansioncontent:Chronoboost"],"campfire_rested":1,"item_purchase_floors":[22,22,25,37,37,53],"current_hp_per_floor":[70,70,70,70,70,70,70,54,45,45,45,45,45,45,39,45,70,80,80,80,80,80,81,81,83,86,95,95,98,98,105,116,119,125,125,135,146,158,152,152,152,154,154,225,254,297,312,336,378,347,386,292,333,437,415,275],"gold":19,"neow_bonus":"THREE_ENEMY_KILL","is_daily":false,"chose_seed":false,"campfire_upgraded":3,"win_rate":0.0,"timestamp":1611620684,"path_taken":["R","M","?","?","?","M","T","?","E","M","M","R","?","M","M","BOSS","R","M","?","?","$","M","T","$","E","?","?","M","?","?","M","BOSS","R","M","$","?","?","M","T","?","R","?","M","?","$","?","M","BOSS","E","$","R","BOSS","BOSS"],"items_purchased_type":["Relic","Relic","Card","Relic","Relic","Card"],"build_version":"2020-12-22","purchased_purges":2,"victory":true,"max_hp_per_floor":[70,70,70,70,70,70,70,70,70,70,70,70,70,70,70,70,70,80,80,80,80,80,81,81,83,86,95,95,101,101,108,116,125,125,125,135,146,158,171,171,171,185,185,256,295,338,338,361,386,386,386,411,437,437,437,437],"card_choices":[{"not_picked":["bronze:OilSpill","bronze:CloningBeam"],"picked":"bronze:WhirlingStrike","floor":2},{"not_picked":["bronze:Overload","bronze:BitShift"],"picked":"bronze:BugBarrage","floor":5},{"not_picked":["bronze:DarkDash","bronze:Iterate"],"picked":"bronze:ClassDefault","floor":6},{"not_picked":["bronze:OilSpill","bronze:BuggyMess"],"picked":"bronze:ChosenStrike","floor":8},{"not_picked":["bronze:DigitalCarnage","bronze:CutThrough"],"picked":"bronze:Overload","floor":9},{"not_picked":["bronze:CutThrough","bronze:ForLoop"],"picked":"bronze:Boost","floor":10},{"not_picked":["bronze:Shell","bronze:WhirlingStrike"],"picked":"bronze:Repair","floor":11},{"not_picked":["bronze:Deprecate","bronze:ClassDefault"],"picked":"bronze:BugBarrage","floor":14},{"not_picked":["bronze:DigitalCarnage","bronze:Invalidate"],"picked":"bronze:Frontload","floor":15},{"not_picked":["bronze:SpaghettiCode","bronze:CleanCode"],"picked":"bronze:Verify","floor":16},{"not_picked":["bronze:BitShift+1","bronze:Fortify"],"picked":"bronze:DelayedSlice","floor":19},{"not_picked":["bronze:Overheat","bronze:Frontload"],"picked":"bronze:Shell","floor":20},{"not_picked":["bronze:Shield","bronze:Safeguard"],"picked":"bronze:SpaghettiCode","floor":20},{"not_picked":["bronze:Shell","bronze:FineTuning"],"picked":"bronze:Optimize","floor":21},{"not_picked":["bronze:Philosophize+1","bronze:Overheat+1"],"picked":"bronze:Branch","floor":22},{"not_picked":["bronze:Shield","bronze:Invalidate+1"],"picked":"bronze:Return+1","floor":23},{"not_picked":["bronze:Overheat+1","bronze:MaxOutput"],"picked":"bronze:ItsAFeature","floor":26},{"not_picked":["bronze:Allocate","bronze:Return"],"picked":"bronze:WhirlingStrike","floor":29},{"not_picked":["bronze:Frontload","bronze:DelayedGuard"],"picked":"bronze:ForceShield+1","floor":32},{"not_picked":["bronze:HyperBeam","bronze:Format"],"picked":"bronze:AlphaBuild","floor":33},{"not_picked":["bronze:Iterate","bronze:WhirlingStrike"],"picked":"bronze:Flail+1","floor":36},{"not_picked":["bronze:Deprecate","bronze:DelayedGuard+1"],"picked":"bronze:FineTuning","floor":39},{"not_picked":["bronze:CutThrough","bronze:NullPointer+1","bronze:Shield+1"],"picked":"SKIP","floor":40},{"not_picked":["bronze:Frontload+1","bronze:BugBarrage"],"picked":"bronze:FineTuning+1","floor":42},{"not_picked":["bronze:DelayedGuard","bronze:Verify"],"picked":"bronze:DelayedSlice+1","floor":45},{"not_picked":["bronze:MaxOutput","bronze:Invalidate"],"picked":"bronze:Repulsor","floor":48},{"not_picked":["bronze:BitShift","bronze:Overheat+1"],"picked":"bronze:Frontload+1","floor":49},{"not_picked":["bronze:CutThrough","bronze:BugBarrage"],"picked":"bronze:BronzeOrb","floor":52}],"player_experience":890529,"relics_obtained":[{"floor":1,"key":"DeathKnight:PutricidesVial"},{"floor":9,"key":"GiantMaggot"},{"floor":13,"key":"Ring of Fangs"},{"floor":15,"key":"wanderingMiniBosses:CarrionFlame"},{"floor":20,"key":"MealTicket"},{"floor":24,"key":"reliquary:PurpleTingedLeaf"},{"floor":26,"key":"reliquary:TridentHead"},{"floor":41,"key":"trackpad:WondrousWand"},{"floor":42,"key":"StuffTheSpire:Expresso"},{"floor":46,"key":"Gremlin Horn"},{"floor":52,"key":"Boot"}],"event_choices":[{"damage_healed":0,"gold_gain":0,"player_choice":"Take","damage_taken":0,"max_hp_gain":0,"max_hp_loss":0,"event_name":"Elementarium:BladeSeller","floor":27,"gold_loss":0,"cards_obtained":["Elementarium:FireblessedBlade","Injury"]},{"damage_healed":0,"gold_gain":0,"player_choice":"Read","damage_taken":0,"max_hp_gain":0,"max_hp_loss":0,"event_name":"Elementarium:LostScrolls","floor":31,"gold_loss":0,"cards_obtained":["bronze:Repulsor"]},{"damage_healed":0,"gold_gain":0,"player_choice":"Fight","damage_taken":0,"max_hp_gain":0,"max_hp_loss":0,"event_name":"Mysterious Sphere","floor":42,"gold_loss":0}],"is_beta":false,"boss_relics":[{"not_picked":["Fusion Hammer","Cursed Key"],"picked":"RhineCircuit"},{"not_picked":["Hololive_TopUpMoneyS","hubris:Stopwatch"],"picked":"reliquary:RedCape"}],"items_purged_floors":[22,47],"is_endless":false,"potions_floor_spawned":[5,6,10,11,14,16,26,29,42,45],"ascension_level":0}}