{"host":"1qxljlv0g0hslid3","time":1611629696,"event":{"mods":["2.2 Compatiblity","AchievementEnabler","Act Like it!","Astrologer","BaseMod","Beaked The Cultist","BetterRewards","Clawfect","Conspire","Custom Start","Dio Mod","Elementarium","Energized Spire","Gensokyo","GungeonMod","Hallownest","Hermit","Hero for Fun","Hubris","Infinite Spire","Jorbs\u0027s Wanderer Trilogy","LagranYue(???·?)","Lobotomy","LobotomyExtend","Magitek Elite","Marisa????????","Minty Spire (QoL Compilation)","Prisma Mod","Random Character Button","Remilia??????","Replay The Spire","Shade Mod","Shop Mod","StSLib","The Administrix","The Alterego","The Animator","The Bladedancer","The Bug Knight","The Cursed","The Death Knight","The Elementalist","The Hierophant","The Jungle","The Mystic","The Necromancer","The Runesmith","The Saiyan","The Senshi","The Servant 0.9.4","TheSwordswoman","Wandering Minibosses","everything is the same but u backflip on backflip","slay the spire mod where everything is the same but ironclad has a cowboy hat"],"gold_per_floor":[120,140,140,23,40,40,75,75,75,86,99,119,148,168,168,264,264,282,282,282,282],"floor_reached":20,"language":"ENG","playtime":1733,"items_purged":[],"score":236,"play_id":"260326c2-1582-42ee-914e-5cf7bf0048fd","local_time":"20210125205456","is_ascension_mode":false,"campfire_choices":[{"data":"alterego_mod:Impale","floor":6,"key":"SMITH"},{"data":"alterego_mod:ChallengeComplete","floor":15,"key":"SMITH"}],"circlet_count":0,"master_deck":["alterego_mod:Strike","alterego_mod:Strike","alterego_mod:Strike","alterego_mod:Strike","alterego_mod:Defend","alterego_mod:Defend","alterego_mod:Defend","alterego_mod:Defend","alterego_mod:Impale+1","alterego_mod:BigMeatyClaws","alterego_mod:BrynhildrsRune","alterego_mod:ChallengeComplete","alterego_mod:BrynhildrRomantia","alterego_mod:BrynhildrRomantia","ShyLook","alterego_mod:PerceptionDisorder","OSAHOGD","alterego_mod:Undulate","Wellcheers","MeatLantern","FieryBird","alterego_mod:BiFurious","OldLady","alterego_mod:ChallengeComplete+1","alterego_mod:Bounce","alterego_mod:AlterEgo","LittleHelper","alterego_mod:Undulate"],"relics":["alterego_mod:MasochisticConstitution","LagranYue:RandomDrawCardRelic","CogitoBucket","LetterFromLob","Hallownest:DreamNailRelic","Replay:Bottled Snecko","hubris:Towel","conspire:DeflatedDodgeball","AspirationHeart","ReplayTheSpireMod:TigerMarble","hubris:RunicObelisk","HellTrain"],"acts_visited":["Hallownest:Greenpath","TheCity"],"potions_floor_usage":[11,16,18],"damage_taken":[{"damage":2.0,"enemies":"Hallownest:2_MossCreeps","floor":1.0,"turns":5.0},{"damage":0.0,"enemies":"2_ Uuma","floor":2.0,"turns":4.0},{"damage":4.0,"enemies":"Hallownest:2_Baldur","floor":5.0,"turns":3.0},{"damage":16,"enemies":"Hallownest:eliteMossKnight","floor":7,"turns":10},{"damage":16,"enemies":"Hallownest:1_Baldur_1_Crawlid_1_Warrior","floor":10,"turns":6},{"damage":16,"enemies":"Hallownest:2_Tiktiks_1_Baldur_1_Crawlid","floor":11,"turns":15},{"damage":7,"enemies":"Hallownest:Wandering_and_Horned","floor":12,"turns":11},{"damage":28,"enemies":"Hallownest:eliteCrystalGuardian","floor":13,"turns":7},{"damage":0,"enemies":"Hallownest:MossCreep_and_Mosskin","floor":14,"turns":9},{"damage":30,"enemies":"Hallownest:BossBrokenVessel","floor":16,"turns":11},{"damage":108,"enemies":"conspire:FuzzyDice","floor":18,"turns":12}],"seed_played":"-431995241294045647","potions_obtained":[{"floor":1.0,"key":"LiquidMemories"},{"floor":5.0,"key":"Elixir"},{"floor":10,"key":"Elixir"},{"floor":13,"key":"ColorlessPotion"},{"floor":16,"key":"Flashbang"},{"floor":18,"key":"Strength Potion"}],"is_trial":false,"path_per_floor":["M","M","?","$","M","R","E","?","T","M","M","M","E","M","R","B",null,"M","?","M"],"character_chosen":"The_Alterego","items_purchased":["alterego_mod:BrynhildrRomantia"],"campfire_rested":0,"item_purchase_floors":[4],"current_hp_per_floor":[69,69,69,69,74,74,69,69,69,71,75,92,75,95,95,93,110,24,13,0,0],"gold":282,"neow_bonus":"","is_daily":false,"chose_seed":false,"campfire_upgraded":2,"win_rate":0.0,"timestamp":1611629696,"path_taken":["M","?","?","$","?","R","E","?","T","M","M","M","E","M","R","BOSS","M","?","?"],"items_purchased_type":["Card"],"build_version":"2020-12-22","purchased_purges":0,"victory":false,"max_hp_per_floor":[71,71,71,71,74,74,78,78,78,81,92,99,103,106,106,110,110,111,111,117,117],"card_choices":[{"not_picked":["alterego_mod:Jiggle","alterego_mod:Belts"],"picked":"alterego_mod:ChallengeComplete","floor":1.0},{"not_picked":["alterego_mod:PresenceConcealment","alterego_mod:Swimsuit","alterego_mod:BustOut"],"picked":"SKIP","floor":2.0},{"not_picked":["Laetitia","VoidDream"],"picked":"ShyLook","floor":5.0},{"not_picked":["alterego_mod:BreastValley","alterego_mod:Cycle"],"picked":"alterego_mod:PerceptionDisorder","floor":5.0},{"not_picked":["Laetitia","BeautyBeast"],"picked":"OSAHOGD","floor":7},{"not_picked":["alterego_mod:Nekomimi","alterego_mod:Maid"],"picked":"alterego_mod:Undulate","floor":7},{"not_picked":["UniverseFragment","BigBird"],"picked":"Wellcheers","floor":10},{"not_picked":["alterego_mod:Stockings","alterego_mod:BoobPocket","alterego_mod:DiscoLights"],"picked":"SKIP","floor":10},{"not_picked":["OldLady","SpiderBud"],"picked":"MeatLantern","floor":11},{"not_picked":["alterego_mod:SakuraLabyrinth","alterego_mod:Schoolgirl","alterego_mod:Maid"],"picked":"SKIP","floor":11},{"not_picked":["UniverseFragment","VoidDream","Bloodbath"],"picked":"Singing Bowl","floor":12},{"not_picked":["SpiderBud","HeroicMonk"],"picked":"FieryBird","floor":12},{"not_picked":["alterego_mod:Tantrum","alterego_mod:Lingerie"],"picked":"alterego_mod:BiFurious","floor":12},{"not_picked":["MHz","LittlePrince"],"picked":"OldLady","floor":13},{"not_picked":["alterego_mod:BeGentle","alterego_mod:Valkyrie"],"picked":"alterego_mod:ChallengeComplete","floor":13},{"not_picked":["alterego_mod:BeGentle","alterego_mod:BiFurious"],"picked":"alterego_mod:Bounce","floor":14},{"not_picked":["Murderer","Laetitia","VoidDream"],"picked":"Singing Bowl","floor":16},{"not_picked":["alterego_mod:Antipathy","alterego_mod:InsideBaseball"],"picked":"alterego_mod:AlterEgo","floor":16},{"not_picked":["WhitesApple","BigBadWolf"],"picked":"LittleHelper","floor":18},{"not_picked":["alterego_mod:Cooking","alterego_mod:TrickOrTreatment"],"picked":"alterego_mod:Undulate","floor":18}],"player_experience":616791,"relics_obtained":[{"floor":1.0,"key":"LetterFromLob"},{"floor":7,"key":"Replay:Bottled Snecko"},{"floor":9,"key":"conspire:DeflatedDodgeball"},{"floor":13,"key":"ReplayTheSpireMod:TigerMarble"}],"event_choices":[{"damage_healed":0,"gold_gain":0,"player_choice":"Damaged","damage_taken":11,"max_hp_gain":0,"max_hp_loss":0,"event_name":"Wheel of Change","floor":19,"gold_loss":0}],"is_beta":false,"boss_relics":[{"not_picked":["energizedSpire:StickyHand","hubris:Backtick"],"picked":"hubris:RunicObelisk"}],"items_purged_floors":[],"is_endless":false,"potions_floor_spawned":[1,5,10,13,16,18],"killed_by":"3 Cultists","ascension_level":0}}