{"host":"hwrdjx5eod2cxh09","time":1611684419,"event":{"mods":["AchievementEnabler","BaseMod","Bestiary","Minty Spire (QoL Compilation)","Relic Stats"],"gold_per_floor":[117,117,67,77,47,47,65,65,89,101,127,127,52,66,66,167,167,182,36,36,51,67,67,67,67,67,81,81,104,104,104,104,206,206,221,234,234,86,86,86,101,111,187,204,204,204],"floor_reached":45,"language":"ENG","playtime":1753,"items_purged":["Strike_R","Strike_R","Feel No Pain"],"score":438,"play_id":"ab4166cc-eaac-4412-bef1-4a992984e95a","local_time":"20210127030659","is_ascension_mode":false,"campfire_choices":[{"data":"Bash","floor":6,"key":"SMITH"},{"data":"Iron Wave","floor":8,"key":"SMITH"},{"data":"Demon Form","floor":12,"key":"SMITH"},{"data":"Battle Trance","floor":15,"key":"SMITH"},{"data":"Seeing Red","floor":23,"key":"SMITH"},{"data":"Heavy Blade","floor":25,"key":"SMITH"},{"data":"Shrug It Off","floor":28,"key":"SMITH"},{"data":"Shrug It Off","floor":30,"key":"SMITH"},{"data":"Rampage","floor":32,"key":"SMITH"},{"data":"Limit Break","floor":40,"key":"SMITH"}],"circlet_count":0,"master_deck":["Defend_R+1","Defend_R+1","Defend_R+1","Defend_R+1","Bash+1","Battle Trance+1","Iron Wave+1","Cleave","Demon Form+1","Rampage+1","Reaper","Heavy Blade+1","Shrug It Off+1","Seeing Red+1","Fire Breathing","Shrug It Off+1","Limit Break+1","Clash"],"relics":["Burning Blood"],"acts_visited":["Exordium","TheCity","TheBeyond"],"potions_floor_usage":[],"damage_taken":[{"damage":11,"enemies":"2 Louse","floor":1,"turns":3},{"damage":5,"enemies":"Small Slimes","floor":4,"turns":4},{"damage":3,"enemies":"Cultist","floor":7,"turns":5},{"damage":4,"enemies":"Red Slaver","floor":10,"turns":4},{"damage":25,"enemies":"Gremlin Nob","floor":11,"turns":4},{"damage":13,"enemies":"Exordium Thugs","floor":14,"turns":5},{"damage":34,"enemies":"The Guardian","floor":16,"turns":7},{"damage":12,"enemies":"Spheric Guardian","floor":18,"turns":4},{"damage":17,"enemies":"Shell Parasite","floor":21,"turns":8},{"damage":10,"enemies":"Shelled Parasite and Fungi","floor":22,"turns":12},{"damage":4,"enemies":"Centurion and Healer","floor":27,"turns":8},{"damage":27,"enemies":"Automaton","floor":33,"turns":9},{"damage":33,"enemies":"Orb Walker","floor":35,"turns":7},{"damage":15,"enemies":"3 Shapes","floor":36,"turns":10},{"damage":37,"enemies":"3 Darklings","floor":41,"turns":8},{"damage":65,"enemies":"Maw","floor":42,"turns":9},{"damage":32,"enemies":"Spire Growth","floor":44,"turns":4},{"damage":14,"enemies":"Writhing Mass","floor":45,"turns":2}],"seed_played":"-7274103200725718431","potions_obtained":[{"floor":4,"key":"CultistPotion"},{"floor":5,"key":"SteroidPotion"},{"floor":5,"key":"SpeedPotion"},{"floor":14,"key":"Strength Potion"},{"floor":18,"key":"Weak Potion"},{"floor":35,"key":"AttackPotion"},{"floor":42,"key":"Energy Potion"}],"is_trial":false,"path_per_floor":["M","?","?","M","?","R","M","R","T","M","E","R","$","M","R","B",null,"M","$","?","M","M","R","?","R","T","M","R","T","R","?","R","B",null,"M","M","?","$","?","R","M","M","T","M","M"],"character_chosen":"IRONCLAD","items_purchased":["Shrug It Off","Clash"],"campfire_rested":0,"item_purchase_floors":[19,38],"current_hp_per_floor":[83,83,83,84,84,84,87,87,87,88,69,69,69,62,62,34,88,82,82,82,71,67,67,67,67,67,88,88,88,88,80,80,59,88,61,74,74,74,74,74,68,37,37,11,0,0],"gold":204,"neow_bonus":"TEN_PERCENT_HP_BONUS","is_daily":false,"chose_seed":false,"campfire_upgraded":10,"win_rate":0.0,"timestamp":1611684419,"path_taken":["M","?","?","M","?","R","?","R","T","M","E","R","?","M","R","BOSS","M","$","?","M","M","R","?","R","T","M","R","?","R","?","R","BOSS","M","M","?","$","?","R","M","M","T","M","?"],"items_purchased_type":["Card","Card"],"build_version":"2020-12-22","purchased_purges":3,"victory":false,"max_hp_per_floor":[88,88,88,88,88,88,88,88,88,88,88,88,88,88,88,88,88,88,88,88,88,88,88,88,88,88,88,88,88,88,88,88,88,88,88,88,84,84,84,84,84,84,84,84,84,84],"relic_stats":{"counters":[18,113],"obtain_stats":[{"Burning Blood":0},{"Burning Blood":0},{"Burning Blood":0}],"Burning Blood":100},"card_choices":[{"not_picked":["Headbutt","Heavy Blade","Burning Pact"],"picked":"SKIP","floor":1},{"not_picked":["Anger","Thunderclap"],"picked":"Battle Trance","floor":4},{"not_picked":["Flex","Thunderclap"],"picked":"Iron Wave","floor":7},{"not_picked":["Heavy Blade","Sentinel"],"picked":"Cleave","floor":10},{"not_picked":["Havoc","Juggernaut"],"picked":"Demon Form","floor":11},{"not_picked":["Thunderclap","Perfected Strike"],"picked":"Rampage","floor":14},{"not_picked":["Exhume","Limit Break"],"picked":"Reaper","floor":16},{"not_picked":["Warcry","Flex"],"picked":"Heavy Blade","floor":18},{"not_picked":["Rage+1","Perfected Strike","Armaments"],"picked":"SKIP","floor":21},{"not_picked":["Searing Blow","Armaments"],"picked":"Seeing Red","floor":22},{"not_picked":["Wild Strike","Clash+1"],"picked":"Shrug It Off","floor":27},{"not_picked":["Feed","Brutality"],"picked":"Limit Break","floor":33},{"not_picked":["Feel No Pain","Body Slam","Flex+1"],"picked":"SKIP","floor":35},{"not_picked":["Perfected Strike+1","Iron Wave","Feel No Pain+1"],"picked":"SKIP","floor":36},{"not_picked":["Burning Pact+1","Hemokinesis+1","Rampage"],"picked":"SKIP","floor":41},{"not_picked":["Combust+1","Heavy Blade","Anger+1"],"picked":"SKIP","floor":42},{"not_picked":["Fire Breathing+1","Anger","Second Wind+1"],"picked":"SKIP","floor":44}],"player_experience":318276,"relics_obtained":[],"event_choices":[{"damage_healed":0,"gold_gain":0,"player_choice":"Ignored","damage_taken":0,"max_hp_gain":0,"max_hp_loss":0,"event_name":"Golden Idol","floor":2,"gold_loss":0},{"cards_removed":["Strike_R"],"damage_healed":0,"gold_gain":0,"player_choice":"Card Removal","damage_taken":0,"max_hp_gain":0,"max_hp_loss":0,"event_name":"The Cleric","floor":3,"gold_loss":50},{"damage_healed":0,"gold_gain":0,"player_choice":"Bought 2 Potions","damage_taken":0,"max_hp_gain":0,"max_hp_loss":0,"event_name":"The Woman in Blue","floor":5,"gold_loss":0},{"damage_healed":0,"gold_gain":0,"player_choice":"Simplicity","damage_taken":0,"max_hp_gain":0,"max_hp_loss":0,"event_name":"Back to Basics","floor":20,"gold_loss":0,"cards_upgraded":["Strike_R","Strike_R","Defend_R","Defend_R","Defend_R","Defend_R"]},{"damage_healed":0,"gold_gain":0,"cards_transformed":["Strike_R","Strike_R"],"player_choice":"Became Test Subject","damage_taken":0,"max_hp_gain":0,"max_hp_loss":0,"event_name":"Drug Dealer","floor":24,"gold_loss":0,"cards_obtained":["Fire Breathing","Feel No Pain"]},{"damage_healed":0,"gold_gain":0,"player_choice":"Damaged","damage_taken":8,"max_hp_gain":0,"max_hp_loss":0,"event_name":"Wheel of Change","floor":31,"gold_loss":0},{"damage_healed":0,"gold_gain":0,"player_choice":"Max HP","damage_taken":0,"max_hp_gain":0,"max_hp_loss":4,"event_name":"Winding Halls","floor":37,"gold_loss":0},{"damage_healed":0,"gold_gain":0,"player_choice":"Ignored","damage_taken":0,"max_hp_gain":0,"max_hp_loss":0,"event_name":"SecretPortal","floor":39,"gold_loss":0}],"is_beta":false,"boss_relics":[{"not_picked":["Mark of Pain","Astrolabe","Pandora\u0027s Box"]},{"not_picked":["Sozu","SlaversCollar","Calling Bell"]}],"items_purged_floors":[13,19,38],"is_endless":false,"potions_floor_spawned":[4,7,14,16,18,33,35,42],"killed_by":"Writhing Mass","ascension_level":0}}