{"host":"48dm3tz8j4qwgdv8","time":1611639968,"event":{"mods":["Act Like it!","Aspiration","BaseMod","Bestiary","Better Altar","Better Match","Better Note","Better Sensory Stone","Better Skull","Better Third Choice","Colored Map","Colored Powertips","DeckTracker","Downfall","Energized Spire","Hallownest","Highlight Path","Hubris","Infinite Spire","Mimic Mod","Minty Spire (QoL Compilation)","Permanent Neow","Quick Restart","Relic Sorter","Relic Stats","Replay The Spire","Shop Mod","Spicy Shops","StSLib","SuperFastMode","The Blue Laboratory","Wandering Minibosses"],"gold_per_floor":[99,99,99,99,44,63,63,93,110,26,50,67,98,113,111,111,111,111],"floor_reached":16,"language":"ENG","playtime":1283,"items_purged":[],"score":110,"play_id":"ac586c60-b86e-4d05-9fd7-8a0c0d9dc6d9","local_time":"20210126064608","is_ascension_mode":false,"campfire_choices":[{"data":"bronze:Goto","floor":1,"key":"SMITH"}],"circlet_count":0,"master_deck":["bronze:Strike","bronze:Strike","bronze:Strike","bronze:Strike","bronze:Defend","bronze:Defend","bronze:Defend","bronze:Defend","bronze:Replicate","bronze:Goto+1","bronze:CutThrough+1","bronze:Shell+1","CommonCold","bronze:OilSpill","bronze:Repulsor+1","bronze:BugBarrage","bronze:Turbo","bronze:GetLatest","bronze:GetLatest","bronze:ForLoop","bronze:ChosenStrike","bronze:ChosenStrike","bronze:Frontload","bronze:Boost","bronze:OilSpill","bronze:DarkDash","bronze:CloningBeam"],"relics":["bronze:BronzeCore","downfall:HeartsMalice","aspiration:FrozenJewel","Pet Ghost","Prayer Wheel","Odd Mushroom","hubris:GlazedTorus"],"acts_visited":["Exordium"],"potions_floor_usage":[10,12,16],"damage_taken":[{"damage":0,"enemies":"Small Slimes","floor":2,"turns":1},{"damage":0,"enemies":"infinitespire:Voidling","floor":3,"turns":1},{"damage":0,"enemies":"downfall:FleeingMerchant","floor":5,"turns":1},{"damage":6,"enemies":"Jaw Worm","floor":6,"turns":3},{"damage":13,"enemies":"3 Sentries","floor":8,"turns":8},{"damage":0,"enemies":"2 Fungi Beasts","floor":9,"turns":2},{"damage":3,"enemies":"downfall:FleeingMerchant","floor":10,"turns":4},{"damage":8,"enemies":"The Mushroom Lair","floor":11,"turns":4},{"damage":3,"enemies":"Exordium Thugs","floor":12,"turns":2},{"damage":24,"enemies":"Gremlin Nob","floor":13,"turns":4},{"damage":10,"enemies":"3 Louse","floor":14,"turns":4},{"damage":0,"enemies":"Blue Slaver","floor":15,"turns":5},{"damage":7,"enemies":"DF_ARCHETYPE_STREAMLINE","floor":16,"turns":3}],"seed_played":"-4226990672973965815","potions_obtained":[{"floor":6,"key":"ColorlessPotion"},{"floor":9,"key":"champ:CounterPotion"},{"floor":11,"key":"blueLaboratory:BottleOfRum"},{"floor":13,"key":"Venom Potion"},{"floor":15,"key":"blueLaboratory:BubblePotion"}],"is_trial":false,"path_per_floor":["R","M","M","?","$","M","T","E","M","$","?","M","E","M","M","B"],"character_chosen":"THE_AUTOMATON","items_purchased":["bronze:Repulsor+1","Prayer Wheel"],"campfire_rested":0,"item_purchase_floors":[5,10],"current_hp_per_floor":[70,70,70,70,70,64,64,51,51,48,40,37,13,3,3,0,0,0],"gold":111,"neow_bonus":"THREE_ENEMY_KILL","is_daily":false,"chose_seed":false,"campfire_upgraded":1,"win_rate":0.0,"timestamp":1611639968,"path_taken":["R","M","M","?","$","M","T","E","?","$","?","M","E","M","M","BOSS"],"items_purchased_type":["Card","Relic"],"build_version":"2020-12-22","purchased_purges":0,"victory":false,"max_hp_per_floor":[70,70,70,70,70,70,70,70,70,70,70,70,70,70,70,70,70,70],"relic_stats":{"counters":[13,39],"Prayer Wheel":3,"obtain_stats":[{"bronze:BronzeCore":0,"downfall:HeartsMalice":0,"Prayer Wheel":10,"Odd Mushroom":11,"aspiration:FrozenJewel":7,"Pet Ghost":8,"hubris:GlazedTorus":13},{"bronze:BronzeCore":0,"downfall:HeartsMalice":0,"Prayer Wheel":7,"Odd Mushroom":8,"aspiration:FrozenJewel":4,"Pet Ghost":5,"hubris:GlazedTorus":10},{"bronze:BronzeCore":0,"downfall:HeartsMalice":0,"Prayer Wheel":17,"Odd Mushroom":21,"aspiration:FrozenJewel":3,"Pet Ghost":11,"hubris:GlazedTorus":27}]},"card_choices":[{"not_picked":["bronze:DigitalCarnage","bronze:ItsAFeature"],"picked":"bronze:CutThrough","floor":2},{"not_picked":["bronze:OilSpill","bronze:ItsAFeature"],"picked":"bronze:Shell","floor":3},{"not_picked":["bronze:Branch","bronze:Allocate"],"picked":"bronze:OilSpill","floor":5},{"not_picked":["bronze:BitShift","bronze:Iterate"],"picked":"bronze:BugBarrage","floor":6},{"not_picked":["bronze:DelayedGuard","bronze:Overload"],"picked":"bronze:Turbo","floor":8},{"not_picked":["bronze:WildBeam","bronze:Backtrace"],"picked":"bronze:GetLatest","floor":9},{"not_picked":["bronze:Repulsor","bronze:CleanCode"],"picked":"bronze:GetLatest","floor":10},{"not_picked":["bronze:Turbo","bronze:ItsAFeature"],"picked":"bronze:ForLoop","floor":11},{"not_picked":["bronze:Return","bronze:BuggyMess"],"picked":"bronze:ChosenStrike","floor":12},{"not_picked":["bronze:BuggyMess","bronze:Shield"],"picked":"bronze:ChosenStrike","floor":12},{"not_picked":["bronze:Iterate","bronze:BuggyMess"],"picked":"bronze:Frontload","floor":13},{"not_picked":["bronze:CutThrough","bronze:ForceShield"],"picked":"bronze:Boost","floor":14},{"not_picked":["bronze:Invalidate","bronze:Fortify"],"picked":"bronze:OilSpill","floor":14},{"not_picked":["bronze:CutThrough","bronze:Overload"],"picked":"bronze:DarkDash","floor":15},{"not_picked":["bronze:Shield","bronze:Deprecate"],"picked":"bronze:CloningBeam","floor":15}],"player_experience":457623,"relics_obtained":[{"floor":7,"key":"aspiration:FrozenJewel"},{"floor":8,"key":"Pet Ghost"},{"floor":11,"key":"Odd Mushroom"},{"floor":13,"key":"hubris:GlazedTorus"}],"event_choices":[{"damage_healed":0,"gold_gain":0,"player_choice":"Fought Mushrooms","damage_taken":0,"max_hp_gain":0,"max_hp_loss":0,"event_name":"Mushrooms","floor":11,"gold_loss":0}],"is_beta":false,"boss_relics":[],"items_purged_floors":[],"is_endless":false,"potions_floor_spawned":[6,9,11,13,15],"killed_by":"DF_ARCHETYPE_STREAMLINE","ascension_level":0}}