{"host":"h4qgcirtxz6qax9j","time":1611685394,"event":{"mods":["2.2 Compatiblity","AchievementEnabler","BaseMod","Colored Powertips","Custom Start","Hermit","Marisa£¨Ùöéë¡¡Øª×âÞÞ£©","Minty Spire (QoL Compilation)","Replay The Spire","StSLib","SuperFastMode","The Servant 0.9.4"],"gold_per_floor":[117,117,47,59,7,40,40,69,93,42,42,52,52,76,76,178,178,191,191,45,45,60,92,105,0,0,0,0,16,16,32,32,133,133,148,159,172,172,172,203,203,237,237,256,256,289,289,380,380,380,380],"floor_reached":50,"language":"KOR","playtime":1122,"items_purged":[],"score":607,"play_id":"32ec1ab7-e54a-43a5-8d1b-3f8021fd31f6","local_time":"20210127032314","is_ascension_mode":true,"campfire_choices":[{"floor":7.0,"key":"REST"},{"floor":11.0,"key":"REST"},{"floor":15.0,"key":"REST"},{"floor":28.0,"key":"REST"},{"floor":32.0,"key":"REST"},{"floor":41.0,"key":"REST"},{"floor":45.0,"key":"REST"},{"floor":47,"key":"REST"},{"data":"FinalSpark","floor":49,"key":"SMITH"}],"circlet_count":0,"master_deck":["Strike_MRS","Strike_MRS+1","Strike_MRS","Strike_MRS","Defend_MRS","Defend_MRS","Defend_MRS","Defend_MRS","MasterSpark","UpSweep","IllusionStar","FinalSpark","StarBarrage+1","PulseMagic+1","Parasite","Parasite","Sickly","RefractionSpark+1","FinalSpark+1","EnergyFlow"],"relics":["BewitchedHakkero","Bag of Preparation","Pocketwatch","Replay:Mystery Machine","ShroomBag","Replay:Baseball","Tiny Chest","Nunchaku","Pear","Sozu","Regal Pillow","Kunai","Potion Belt","Whetstone","Boot"],"acts_visited":["Exordium","TheCity","TheBeyond"],"potions_floor_usage":[],"damage_taken":[{"damage":0.0,"enemies":"Small Slimes","floor":1.0,"turns":3.0},{"damage":9.0,"enemies":"Cultist","floor":4.0,"turns":4.0},{"damage":42.0,"enemies":"Gremlin Nob","floor":6.0,"turns":5.0},{"damage":26.0,"enemies":"3 Sentries","floor":8.0,"turns":5.0},{"damage":13.0,"enemies":"Jaw Worm","floor":12.0,"turns":4.0},{"damage":0.0,"enemies":"The Mushroom Lair","floor":14.0,"turns":3.0},{"damage":59.0,"enemies":"The Guardian","floor":16.0,"turns":8.0},{"damage":17.0,"enemies":"Shell Parasite","floor":18.0,"turns":4.0},{"damage":22.0,"enemies":"2 Thieves","floor":22.0,"turns":3.0},{"damage":8.0,"enemies":"Gremlin Leader","floor":23.0,"turns":3.0},{"damage":16.0,"enemies":"Shelled Parasite and Fungi","floor":24.0,"turns":2.0},{"damage":0.0,"enemies":"Cultist and Chosen","floor":29.0,"turns":3.0},{"damage":10.0,"enemies":"Chosen and Byrds","floor":31.0,"turns":3.0},{"damage":88.0,"enemies":"Collector","floor":33.0,"turns":9.0},{"damage":11.0,"enemies":"3 Darklings","floor":35.0,"turns":2.0},{"damage":19.0,"enemies":"3 Shapes","floor":36.0,"turns":3.0},{"damage":35.0,"enemies":"Sphere and 2 Shapes","floor":37.0,"turns":3.0},{"damage":26.0,"enemies":"Reptomancer","floor":40.0,"turns":4.0},{"damage":15.0,"enemies":"R_Hoarder","floor":42.0,"turns":6.0},{"damage":3.0,"enemies":"Jaw Worm Horde","floor":44.0,"turns":2.0},{"damage":23,"enemies":"Nemesis","floor":46,"turns":5},{"damage":92,"enemies":"Replay:Hell Engine","floor":50,"turns":5}],"seed_played":"-3529211238193330254","potions_obtained":[{"floor":1.0,"key":"ColorlessPotion"},{"floor":6.0,"key":"Adrenaline Potion"},{"floor":8.0,"key":"Regen Potion"},{"floor":16.0,"key":"BottledSpark"}],"is_trial":false,"path_per_floor":["M","?","$","M","$","E","R","E","T","$","R","M","?","?","R","B",null,"M","?","$","?","M","E","M","?","T","?","R","M","$","M","R","B",null,"M","M","M","$","T","E","R","E","T","M","R","E","R","?","R","B"],"character_chosen":"MARISA","items_purchased":["FinalSpark","StarBarrage+1","PulseMagic+1","Replay:Baseball"],"campfire_rested":8,"item_purchase_floors":[3,5,10,20],"current_hp_per_floor":[82,82,82,73,73,31,55,29,29,29,53,40,67,67,82,27,82,67,67,67,67,49,45,31,31,31,41,68,72,72,66,92,15,92,81,62,31,31,31,9,51,38,38,37,79,60,92,92,92,0,0],"gold":380,"neow_bonus":"TEN_PERCENT_HP_BONUS","is_daily":false,"chose_seed":false,"campfire_upgraded":1,"win_rate":0.0,"timestamp":1611685394,"path_taken":["M","?","$","?","?","E","R","E","T","$","R","M","?","?","R","BOSS","M","?","$","?","M","E","M","?","T","?","R","M","$","M","R","BOSS","M","M","?","$","?","E","R","E","T","M","R","E","R","?","R","BOSS"],"items_purchased_type":["Card","Card","Card","Relic"],"build_version":"2020-12-22","purchased_purges":0,"victory":false,"max_hp_per_floor":[82,82,82,82,82,82,82,82,82,82,82,82,82,82,82,82,82,82,82,82,82,82,82,82,82,82,92,92,92,92,92,92,92,92,92,92,92,92,92,92,92,92,92,92,92,92,92,92,92,92,92],"card_choices":[{"not_picked":["ManaConvection","SporeBomb","AsteroidBelt"],"picked":"SKIP","floor":1.0},{"not_picked":["PowerUp","WitchOfGreed","DC"],"picked":"SKIP","floor":4.0},{"not_picked":["Singularity","AsteroidBelt","MeteoricShower"],"picked":"SKIP","floor":6.0},{"not_picked":["NonDirectionalLaser","WitchLeyline","PropBag"],"picked":"SKIP","floor":8.0},{"not_picked":["MeteoricShower","UnstableBomb","GravityBeat"],"picked":"SKIP","floor":12.0},{"not_picked":["MysteriousBeam+1","GravityBeat","GalacticHalo"],"picked":"SKIP","floor":18.0},{"not_picked":["ShootingEcho+1","GrandCross","MagicAbsorber"],"picked":"SKIP","floor":22.0},{"not_picked":["GravityBeat","OrrerysSun","StarDustReverie"],"picked":"SKIP","floor":23.0},{"not_picked":["WitchOfGreed","Acceleration","MilkyWay+1"],"picked":"SKIP","floor":24.0},{"not_picked":["PulseMagic+1","OpenUniverse+1"],"picked":"RefractionSpark","floor":29.0},{"not_picked":["Acceleration","OpenUniverse","GrandCross"],"picked":"SKIP","floor":31.0},{"not_picked":["BigCrunch","TreasureHunter"],"picked":"FinalSpark","floor":33.0},{"not_picked":["LuminesStrike+1","MilkyWay+1","MagicChant"],"picked":"SKIP","floor":35.0},{"not_picked":["GravityBeat+1","6A+1","MysteriousBeam"],"picked":"SKIP","floor":36.0},{"not_picked":["Acceleration","MilkyWay","SporeBomb"],"picked":"SKIP","floor":37.0},{"not_picked":["AsteroidBelt+1","Orbital","GalacticHalo"],"picked":"SKIP","floor":40.0},{"not_picked":["AsteroidBelt+1","LuminesStrike+1","BigCrunch"],"picked":"SKIP","floor":42.0},{"not_picked":["Orbital","GasGiant","StarBarrage"],"picked":"SKIP","floor":44.0},{"not_picked":["ChargeUpSpray","EnergyRecoil","Orbital+1"],"picked":"SKIP","floor":46},{"not_picked":["PowerUp+1","MagicAbsorber+1"],"picked":"EnergyFlow","floor":48}],"player_experience":112050,"relics_obtained":[{"floor":6.0,"key":"Bag of Preparation"},{"floor":8.0,"key":"Pocketwatch"},{"floor":9.0,"key":"Replay:Mystery Machine"},{"floor":14.0,"key":"ShroomBag"},{"floor":23.0,"key":"Tiny Chest"},{"floor":26.0,"key":"Nunchaku"},{"floor":39.0,"key":"Regal Pillow"},{"floor":40.0,"key":"Kunai"},{"floor":42.0,"key":"Potion Belt"},{"floor":43.0,"key":"Whetstone"},{"floor":46,"key":"Boot"}],"event_choices":[{"damage_healed":0.0,"max_hp_gain":0.0,"max_hp_loss":0.0,"gold_gain":0.0,"event_name":"Match and Keep!","player_choice":"1 cards matched","floor":2.0,"gold_loss":0.0,"damage_taken":0.0,"cards_obtained":["IllusionStar"]},{"damage_healed":27.0,"max_hp_gain":0.0,"max_hp_loss":0.0,"gold_gain":0.0,"event_name":"Big Fish","player_choice":"Banana","floor":13.0,"gold_loss":0.0,"damage_taken":0.0},{"damage_healed":0.0,"max_hp_gain":0.0,"max_hp_loss":0.0,"gold_gain":0.0,"event_name":"Mushrooms_MRS","player_choice":"Fought Mushrooms","floor":14.0,"gold_loss":0.0,"damage_taken":0.0},{"damage_healed":0.0,"max_hp_gain":0.0,"max_hp_loss":0.0,"gold_gain":0.0,"event_name":"Vampires","player_choice":"Ignored","floor":19.0,"gold_loss":0.0,"damage_taken":0.0},{"damage_healed":0.0,"max_hp_gain":0.0,"max_hp_loss":0.0,"gold_gain":0.0,"event_name":"Masked Bandits","player_choice":"Paid Fearfully","floor":25.0,"gold_loss":105.0,"damage_taken":0.0}],"is_beta":false,"boss_relics":[{"not_picked":["Replay:Drink Me","Replay:Ancient Bell"],"picked":"BewitchedHakkero"},{"not_picked":["RampagingMagicTools","SacredBark"],"picked":"Sozu"}],"items_purged_floors":[],"is_endless":false,"potions_floor_spawned":[1,6,8,16,18,24,37,40,44],"killed_by":"Replay:Hell Engine","ascension_level":1}}