{"host":"tx53bzy9yvi1me7u","time":1611678274,"event":{"mods":["BaseMod","CCEM2","Colored Map","Colored Powertips","Conspire","Highlight Path","Hubris","Mimic Mod","Minty Spire (QoL Compilation)","Permanent Neow","Quick Restart","Replay The Spire","Spicy Shops","StSLib","The Blue Laboratory","Wandering Minibosses"],"gold_per_floor":[117,137,156,231,250,250,262,262,301,301,320,365,378,388,388,486,486,502,517,517,534,550,550,568,67,90,116,128,152,164,191,203,314,326,353,385,22,42,52,52,52],"floor_reached":40,"language":"ENG","playtime":3780,"items_purged":["theextravagant:Fence+1","theextravagant:SlyStrike+1"],"score":518,"play_id":"cfdcd1fc-1342-4f40-a836-1c62f1410a21","local_time":"20210126112434","is_ascension_mode":false,"campfire_choices":[{"data":"theextravagant:Drift","floor":6,"key":"SMITH"},{"data":"theextravagant:Clairvoyance","floor":10,"key":"SMITH"},{"data":"theextravagant:Impulse","floor":15,"key":"SMITH"},{"data":"theextravagant:RisingPhoenix","floor":23,"key":"SMITH"},{"data":"theextravagant:Pluck","floor":30,"key":"SMITH"},{"floor":32,"key":"REST"}],"circlet_count":0,"master_deck":["theextravagant:SlyStrike+1","theextravagant:SlyStrike+1","theextravagant:SlyStrike+1","theextravagant:Fence+1","theextravagant:Fence+1","theextravagant:Fence+1","theextravagant:QuickAttack","theextravagant:Triumph","theextravagant:Drift+1","theextravagant:Impulse+1","theextravagant:Firework","theextravagant:TreasureHunt","theextravagant:Clairvoyance+1","Clumsy","theextravagant:Comeback","theextravagant:CuttingEdge","theextravagant:StepBack","theextravagant:RisingPhoenix+1","theextravagant:SpontaneousStrike","theextravagant:Firework","theextravagant:Comeback","theextravagant:Tension","theextravagant:SharpTalons+1","theextravagant:CuttingEdge","theextravagant:Pluck+1","theextravagant:DAMNATION","theextravagant:Castle+1","theextravagant:Pluck","theextravagant:Vintage","theextravagant:SharpTalons","theextravagant:Vintage","Violence","Flash of Steel","hubris:Ssssneak","theextravagant:Shatter+1","theextravagant:GlyphOfChoice+1"],"relics":["theextravagant:TranslucentFeather","Ring of Peace","ReplayTheSpireMod:Ring of Addiction","Potion Belt","White Beast Statue","Nunchaku","Replay:Baseball","Painkiller Herb","Membership Card","Pantograph","Gremlin Horn","Art of War","MawBank","Philosopher\u0027s Stone","hubris:TenFootPole","ReplayTheSpireMod:ShopPack","DollysMirror"],"acts_visited":["Exordium","TheCity","TheBeyond"],"potions_floor_usage":[9,12,12,12,16,21,21,21,22,27,29,33,35,38,38,39],"damage_taken":[{"damage":0,"enemies":"Small Slimes","floor":1,"turns":3},{"damage":0,"enemies":"2 Louse","floor":2,"turns":2},{"damage":2,"enemies":"Jaw Worm","floor":3,"turns":3},{"damage":12,"enemies":"Gremlin Gang","floor":5,"turns":7},{"damage":0,"enemies":"Exordium Wildlife","floor":7,"turns":2},{"damage":1,"enemies":"3 Louse","floor":9,"turns":5},{"damage":0,"enemies":"3 Louse","floor":11,"turns":3},{"damage":1,"enemies":"3 Sentries","floor":12,"turns":6},{"damage":0,"enemies":"Large Slime","floor":13,"turns":3},{"damage":5,"enemies":"Lots of Slimes","floor":14,"turns":2},{"damage":2,"enemies":"Fading Forest","floor":16,"turns":11},{"damage":1,"enemies":"3 Byrds","floor":18,"turns":5},{"damage":7,"enemies":"Shell Parasite","floor":19,"turns":5},{"damage":25,"enemies":"Snake Plant","floor":21,"turns":5},{"damage":21,"enemies":"Sentry and Sphere","floor":22,"turns":6},{"damage":0,"enemies":"Chosen and Byrds","floor":24,"turns":6},{"damage":18,"enemies":"Book of Stabbing","floor":27,"turns":5},{"damage":5,"enemies":"Snake Plant","floor":29,"turns":4},{"damage":0,"enemies":"3 Cultists","floor":31,"turns":2},{"damage":0,"enemies":"Automaton","floor":33,"turns":8},{"damage":14,"enemies":"3 Shapes","floor":35,"turns":2},{"damage":0,"enemies":"Orb Walker","floor":36,"turns":2},{"damage":8,"enemies":"Writhing Mass","floor":38,"turns":6},{"damage":13,"enemies":"Sphere and 2 Shapes","floor":39,"turns":3},{"damage":40,"enemies":"Reptomancer","floor":40,"turns":2}],"seed_played":"909852329363661384","potions_obtained":[{"floor":2,"key":"blueLaboratory:PolymorphPotion"},{"floor":3,"key":"Elixir"},{"floor":5,"key":"PowerPotion"},{"floor":8,"key":"Energy Potion"},{"floor":8,"key":"conspire:TimeTravelPotion"},{"floor":9,"key":"SkillPotion"},{"floor":12,"key":"blueLaboratory:StoneskinPotion"},{"floor":13,"key":"GamblersBrew"},{"floor":14,"key":"DistilledChaos"},{"floor":16,"key":"FearPotion"},{"floor":21,"key":"ColorlessPotion"},{"floor":22,"key":"SkillPotion"},{"floor":24,"key":"Milkshake"},{"floor":27,"key":"blueLaboratory:EmptyBottle"},{"floor":29,"key":"LifebloodPotion"},{"floor":31,"key":"blueLaboratory:Moonshine"},{"floor":33,"key":"blueLaboratory:LouseDecoction"},{"floor":35,"key":"blueLaboratory:BottleOfVodka"},{"floor":36,"key":"blueLaboratory:EnragingPotion"},{"floor":38,"key":"Strength Potion"},{"floor":39,"key":"blueLaboratory:Moonshine"}],"is_trial":false,"path_per_floor":["M","M","M","?","M","R","M","?","MIM","R","M","E","M","M","R","B",null,"?","?","?","?","?","T","?","T","T","E","?","?","T","?","T","B",null,"?","?","T","?","?","E"],"character_chosen":"THE_EXTRAVAGANT","items_purchased":["Membership Card","theextravagant:SharpTalons+1","Pantograph","Gremlin Horn","hubris:TenFootPole","theextravagant:Pluck","theextravagant:Vintage","theextravagant:SharpTalons","ReplayTheSpireMod:ShopPack","DollysMirror"],"campfire_rested":1,"item_purchase_floors":[25,25,25,25,37,37,37,37,37,37],"current_hp_per_floor":[75,75,73,62,50,50,53,53,52,52,52,51,51,46,46,54,76,75,68,68,53,32,32,32,32,32,14,14,9,9,9,30,55,70,56,56,56,48,35,0,0],"gold":52,"neow_bonus":"THREE_CARDS","is_daily":false,"chose_seed":false,"campfire_upgraded":5,"win_rate":0.0,"timestamp":1611678274,"path_taken":["M","M","M","?","M","R","M","?","MIM","R","?","E","?","M","R","BOSS","?","?","?","?","?","T","?","T","T","E","?","?","T","?","T","BOSS","?","?","T","?","?","E"],"items_purchased_type":["Relic","Card","Relic","Relic","Relic","Card","Card","Card","Relic","Relic"],"build_version":"2020-12-22","purchased_purges":2,"victory":false,"max_hp_per_floor":[75,75,75,75,75,75,78,78,78,78,78,78,78,78,78,76,76,76,76,74,74,74,74,74,74,72,72,72,72,72,72,72,70,70,70,70,70,70,70,70,70],"card_choices":[{"not_picked":["theextravagant:StepBack","theextravagant:IronPlumes"],"picked":"theextravagant:Drift","floor":0},{"not_picked":["theextravagant:PerfectTheBasics","theextravagant:Riot"],"picked":"theextravagant:Impulse","floor":1},{"not_picked":["theextravagant:PerfectTheBasics","theextravagant:PuffUp","theextravagant:ArtisticDisplay"],"picked":"SKIP","floor":2},{"not_picked":["theextravagant:PerfectTheBasics","theextravagant:PuffUp","theextravagant:ArtisticDisplay"],"picked":"SKIP","floor":2},{"not_picked":["theextravagant:StepBack","theextravagant:Ambush"],"picked":"theextravagant:Firework","floor":3},{"not_picked":["theextravagant:Twitch","theextravagant:GarbageCannon"],"picked":"theextravagant:TreasureHunt","floor":5},{"not_picked":["theextravagant:Aggression","theextravagant:ManifestIllusion"],"picked":"theextravagant:Clairvoyance","floor":7},{"not_picked":["theextravagant:Courage","theextravagant:Defy"],"picked":"theextravagant:Comeback","floor":11},{"not_picked":["theextravagant:Pushthrough","theextravagant:SkillfullDodge","theextravagant:HeavyBlows"],"picked":"SKIP","floor":12},{"not_picked":["theextravagant:Firework","theextravagant:Twitch"],"picked":"theextravagant:CuttingEdge","floor":13},{"not_picked":["theextravagant:GustOfWind","theextravagant:Erase"],"picked":"theextravagant:StepBack","floor":14},{"not_picked":["theextravagant:Outrun","theextravagant:RiskyStrike"],"picked":"theextravagant:RisingPhoenix","floor":16},{"not_picked":["theextravagant:Dazzle","theextravagant:Comeback"],"picked":"theextravagant:SpontaneousStrike","floor":18},{"not_picked":["theextravagant:Shove+1","theextravagant:Aggression"],"picked":"theextravagant:Firework","floor":19},{"not_picked":["theextravagant:PerfectTheBasics","theextravagant:Repell"],"picked":"theextravagant:Comeback","floor":21},{"not_picked":["theextravagant:Cutthroat","theextravagant:Shove+1","theextravagant:Firework"],"picked":"SKIP","floor":22},{"not_picked":["theextravagant:Comeback","theextravagant:Masquerade+1"],"picked":"theextravagant:Tension","floor":24},{"not_picked":["theextravagant:GarbageCannon","theextravagant:Meditation"],"picked":"theextravagant:CuttingEdge","floor":27},{"not_picked":["theextravagant:Aggression","theextravagant:Riot+1"],"picked":"theextravagant:DAMNATION","floor":29},{"not_picked":["theextravagant:ShootingStar+1","theextravagant:GlyphOfSight","theextravagant:Shake"],"picked":"SKIP","floor":31},{"not_picked":["theextravagant:Comeback","theextravagant:Firework"],"picked":"theextravagant:Castle+1","floor":35},{"not_picked":["theextravagant:TreasureHunt+1","theextravagant:Tension","theextravagant:RustyBuckler+1"],"picked":"SKIP","floor":36},{"not_picked":["Midas Touch","ReplayTheSpireMod:Brewmster"],"picked":"Violence","floor":37},{"not_picked":["Dark Shackles","Magnetism"],"picked":"Flash of Steel","floor":37},{"not_picked":["ReplayTheSpireMod:Trickstab","Replay:Bootleg Shield Generator"],"picked":"hubris:Ssssneak","floor":37},{"not_picked":["theextravagant:Twitch","theextravagant:Shove"],"picked":"theextravagant:Shatter+1","floor":38},{"not_picked":["theextravagant:StepBack","theextravagant:HeavyBlows+1"],"picked":"theextravagant:GlyphOfChoice+1","floor":39}],"player_experience":478784,"relics_obtained":[{"floor":8,"key":"Ring of Peace"},{"floor":8,"key":"ReplayTheSpireMod:Ring of Addiction"},{"floor":8,"key":"Potion Belt"},{"floor":8,"key":"White Beast Statue"},{"floor":9,"key":"Nunchaku"},{"floor":12,"key":"Replay:Baseball"},{"floor":26,"key":"Art of War"},{"floor":27,"key":"MawBank"}],"event_choices":[{"damage_healed":0,"gold_gain":75,"player_choice":"Gather Gold","damage_taken":11,"max_hp_gain":0,"max_hp_loss":0,"event_name":"World of Goop","floor":4,"gold_loss":0},{"damage_healed":0,"gold_gain":0,"player_choice":"Simplicity","damage_taken":0,"max_hp_gain":0,"max_hp_loss":0,"event_name":"Back to Basics","floor":20,"gold_loss":0,"cards_upgraded":["theextravagant:SlyStrike","theextravagant:SlyStrike","theextravagant:SlyStrike","theextravagant:SlyStrike","theextravagant:Fence","theextravagant:Fence","theextravagant:Fence","theextravagant:Fence"]},{"damage_healed":0,"gold_gain":0,"player_choice":"Read","damage_taken":0,"max_hp_gain":0,"max_hp_loss":0,"event_name":"The Library","floor":28,"gold_loss":0,"cards_obtained":["theextravagant:Pluck"]}],"is_beta":false,"boss_relics":[{"not_picked":["hubris:BlackHole","Tiny House"],"picked":"Painkiller Herb"},{"not_picked":["CCEMRelics:ExpiredCReal","Pandora\u0027s Box"],"picked":"Philosopher\u0027s Stone"}],"items_purged_floors":[25,37],"is_endless":false,"potions_floor_spawned":[2,3,5,9,11,12,13,14,16,18,19,21,22,24,27,29,31,33,35,36,38,39],"killed_by":"Reptomancer","ascension_level":0}}