{"host":"jr9f8lmgw9kaplsw","time":1611625920,"event":{"mods":["AchievementEnabler","BaseMod","BetterRewards","Colored Map","Hubris","Minty Spire (QoL Compilation)","Replay The Spire","Shop Mod","StSLib","The Cursed"],"gold_per_floor":[114,114,129,129,144,174,204,219,219,219,219,219,142,142,142,266,266,295,295,295,295,295,337,39,87,87,112,131,131,179,179,179,291,291,320,320,320,320,320,360,182,229,229,229,250,250,38,82,82,110],"floor_reached":51,"language":"ENG","playtime":3424,"items_purged":[],"score":911,"play_id":"08d6963b-394f-4b39-a2a9-574c64f0b02a","local_time":"20210125205200","daily_mods":["SealedDeck","Flight","Night Terrors"],"is_ascension_mode":false,"campfire_choices":[{"floor":15,"key":"DIG"},{"floor":29,"key":"REST"},{"data":"J.A.X.","floor":46,"key":"SMITH"},{"floor":49,"key":"DIG"}],"circlet_count":0,"master_deck":["Clothesline+1","hubris:ReadiedAction+1","Replay:Undeath\u0027s Touch+1","Rampage","Pommel Strike","Anger","Shrug It Off","Whirlwind","Ghostly Armor","Pain","hubris:CleavingFinish","Impervious","Whirlwind","Rage","Inflame","Spot Weakness","CommonCold","ReplayTheSpireMod:Splinters","Injury","ReplayTheSpireMod:Stacked+1","J.A.X.+1","Inflame+1","Combust+1","Combust+1","Combust+1","Cleave","Limit Break+1","Heavy Blade","hubris:EnhanceAbility+1","Anger","Magnetism+1","Rupture+1","Madness+1"],"relics":["Black Blood","WarpedTongs","TungstenRod","hubris:ToyBattleship","hubris:TinFlute","Replay:Bandana","hubris:IronBody","Replay:Ancient Bell","Blue Doll","Frozen Egg 2","Calipers","Nilry\u0027s Codex","Chameleon Ring","Golden Egg","Mirror","Quantum Egg","Strawberry","Shuriken","MealTicket","hubris:FunFungus","Singing Bowl","ReplayTheSpireMod:Ring of Exchange","Replay:Baseball","hubris:GlazedTorus","Lantern"],"acts_visited":["Exordium","TheCity","TheBeyond"],"potions_floor_usage":[18,23,50],"damage_taken":[{"damage":0,"enemies":"Jaw Worm","floor":1,"turns":3},{"damage":5,"enemies":"Cultist","floor":3,"turns":3},{"damage":3,"enemies":"2 Louse","floor":5,"turns":2},{"damage":5,"enemies":"3 Sentries","floor":6,"turns":4},{"damage":5,"enemies":"Lagavulin","floor":7,"turns":6},{"damage":0,"enemies":"Blue Slaver","floor":8,"turns":3},{"damage":10,"enemies":"Hexaghost","floor":16,"turns":7},{"damage":17,"enemies":"2 Thieves","floor":18,"turns":4},{"damage":8,"enemies":"Book of Stabbing","floor":23,"turns":6},{"damage":40,"enemies":"Slavers","floor":25,"turns":4},{"damage":9,"enemies":"3 Byrds","floor":28,"turns":4},{"damage":3,"enemies":"Gremlin Leader","floor":30,"turns":5},{"damage":57,"enemies":"hubris:MusketHawk","floor":33,"turns":7},{"damage":23,"enemies":"3 Shapes","floor":35,"turns":3},{"damage":6,"enemies":"Giant Head","floor":40,"turns":8},{"damage":17,"enemies":"2 Orb Walkers","floor":42,"turns":4},{"damage":4,"enemies":"3 Darklings","floor":45,"turns":5},{"damage":18,"enemies":"Nemesis","floor":48,"turns":7},{"damage":60,"enemies":"Awakened One","floor":50,"turns":8}],"seed_played":"-4735054310349275430","potions_obtained":[{"floor":5,"key":"BloodPotion"},{"floor":7,"key":"Explosive Potion"},{"floor":16,"key":"Venom Potion"},{"floor":18,"key":"Cursed Concoction"},{"floor":28,"key":"Adrenaline Potion"},{"floor":30,"key":"Explosive Potion"},{"floor":32,"key":"DuplicationPotion"}],"is_trial":false,"path_per_floor":["M","?","M","?","M","E","E","M","T","?","T","?","$","?","R_BF","B",null,"M","?","?","$","?","E","$","E","T","T","M","R","E","?","R_BF","B",null,"M","?","?","?","$","E","$","?","T","?","M","R","$","E","R_BF","B",null],"character_chosen":"IRONCLAD","items_purchased":["Inflame","Golden Egg","Combust+1","Magnetism+1","Replay:Baseball","Madness+1"],"campfire_rested":1,"item_purchase_floors":[13,24,24,41,47,47],"current_hp_per_floor":[80,80,80,80,80,80,80,80,80,65,65,65,65,65,65,61,80,69,69,69,69,57,55,55,21,21,28,25,82,82,82,82,31,82,71,71,71,71,71,77,82,77,77,77,84,84,84,81,81,36],"gold":110,"neow_bonus":"","is_daily":true,"chose_seed":false,"campfire_upgraded":1,"win_rate":0.0,"timestamp":1611625920,"path_taken":["M","?","?","?","M","E","E","?","T","?","?","?","$","?","R_BF","BOSS","M","?","?","?","?","E","$","E","T","?","?","R","E","?","R_BF","BOSS","M","?","?","?","$","E","$","?","T","?","?","R","$","E","R_BF","BOSS"],"items_purchased_type":["Card","Relic","Card","Card","Relic","Card"],"build_version":"2020-12-22","purchased_purges":0,"victory":true,"max_hp_per_floor":[80,80,80,80,80,80,80,80,80,80,80,80,80,80,80,80,80,80,80,80,80,80,80,80,80,80,87,87,82,82,82,82,82,82,82,82,82,82,82,82,82,82,82,82,84,84,84,86,86,86],"card_choices":[{"not_picked":["ReplayTheSpireMod:Corrosion Curse","Clothesline","True Grit"],"picked":"SKIP","floor":1},{"not_picked":["Battle Trance","hubris:SharpeningStone"],"picked":"hubris:CleavingFinish","floor":3},{"not_picked":["hubris:ReadiedAction","Sentinel"],"picked":"Whirlwind","floor":5},{"not_picked":["Burning Pact","Berserk","Heavy Blade"],"picked":"SKIP","floor":6},{"not_picked":["Burning Pact","Evolve"],"picked":"Rage","floor":7},{"not_picked":["hubris:SharpeningStone","Run Through","Pommel Strike"],"picked":"SKIP","floor":8},{"not_picked":["CurseOfTheBell","Delirium"],"picked":"CommonCold","floor":17},{"not_picked":["Amnesia","hubris:Compulsion"],"picked":"ReplayTheSpireMod:Splinters","floor":17},{"not_picked":["Overencumbered","Spreading Infection"],"picked":"Injury","floor":17},{"not_picked":["Iron Wave+1","Clash"],"picked":"ReplayTheSpireMod:Stacked+1","floor":18},{"not_picked":["Havoc","Run Through"],"picked":"Inflame+1","floor":23},{"not_picked":["Havoc","Sword Boomerang"],"picked":"Combust+1","floor":25},{"not_picked":["Shockwave","Sentinel","Brutality+1"],"picked":"SKIP","floor":28},{"not_picked":["Iron Wave","ReplayTheSpireMod:Strike From Hell"],"picked":"Cleave","floor":30},{"not_picked":["Juggernaut+1","hubris:StunningStrike"],"picked":"Limit Break","floor":33},{"not_picked":["Warcry","Shrug It Off"],"picked":"Heavy Blade","floor":35},{"not_picked":["Swift Strike","Deep Breath"],"picked":"hubris:EnhanceAbility+1","floor":36},{"not_picked":["Wild Strike","Battle Trance+1"],"picked":"Anger","floor":40},{"not_picked":["Inflame+1","hubris:CleavingFinish"],"picked":"Rupture+1","floor":42},{"not_picked":["hubris:CleavingFinish","Fire Breathing+1","Sentinel+1"],"picked":"Singing Bowl","floor":45},{"not_picked":["Exhume","Cleave+1","Sword Boomerang"],"picked":"Singing Bowl","floor":48}],"player_experience":2811597,"relics_obtained":[{"floor":6,"key":"TungstenRod"},{"floor":7,"key":"hubris:ToyBattleship"},{"floor":9,"key":"hubris:TinFlute"},{"floor":11,"key":"Replay:Bandana"},{"floor":15,"key":"hubris:IronBody"},{"floor":22,"key":"Nilry\u0027s Codex"},{"floor":23,"key":"Chameleon Ring"},{"floor":25,"key":"Mirror"},{"floor":26,"key":"Quantum Egg"},{"floor":27,"key":"Strawberry"},{"floor":30,"key":"Shuriken"},{"floor":40,"key":"MealTicket"},{"floor":42,"key":"hubris:FunFungus"},{"floor":43,"key":"Singing Bowl"},{"floor":44,"key":"ReplayTheSpireMod:Ring of Exchange"},{"floor":48,"key":"hubris:GlazedTorus"},{"floor":49,"key":"Lantern"}],"event_choices":[{"damage_healed":0,"gold_gain":0,"player_choice":"Rummage","damage_taken":0,"relics_obtained":["WarpedTongs"],"max_hp_gain":0,"max_hp_loss":0,"event_name":"Accursed Blacksmith","floor":2,"gold_loss":0,"cards_obtained":["Pain"]},{"damage_healed":0,"gold_gain":0,"player_choice":"1 cards matched","damage_taken":0,"max_hp_gain":0,"max_hp_loss":0,"event_name":"Match and Keep!","floor":4,"gold_loss":0,"cards_obtained":["Impervious"]},{"damage_healed":0,"gold_gain":0,"player_choice":"Entered Light","damage_taken":16,"max_hp_gain":0,"max_hp_loss":0,"event_name":"Shining Light","floor":10,"gold_loss":0,"cards_upgraded":["Clothesline","hubris:ReadiedAction"]},{"damage_healed":0,"gold_gain":0,"player_choice":"Obtain J.A.X.","damage_taken":0,"max_hp_gain":0,"max_hp_loss":0,"event_name":"Drug Dealer","floor":20,"gold_loss":0,"cards_obtained":["J.A.X."]},{"damage_healed":0,"gold_gain":0,"player_choice":"Obtained Book","damage_taken":16,"max_hp_gain":0,"max_hp_loss":0,"event_name":"Cursed Tome","floor":22,"gold_loss":0},{"damage_healed":0,"gold_gain":0,"player_choice":"Ignored","damage_taken":0,"max_hp_gain":0,"max_hp_loss":0,"event_name":"Vampires","floor":31,"gold_loss":0},{"damage_healed":0,"gold_gain":0,"player_choice":"Memory 1","damage_taken":0,"max_hp_gain":0,"max_hp_loss":0,"event_name":"SensoryStone","floor":36,"gold_loss":0},{"damage_healed":0,"gold_gain":0,"player_choice":"Ignored","damage_taken":0,"max_hp_gain":0,"max_hp_loss":0,"event_name":"Tomb of Lord Red Mask","floor":37,"gold_loss":0},{"cards_removed":["ReplayTheSpireMod:Stacked"],"damage_healed":0,"gold_gain":0,"player_choice":"Removed Skill","damage_taken":0,"max_hp_gain":0,"max_hp_loss":0,"event_name":"Falling","floor":38,"gold_loss":0},{"damage_healed":0,"gold_gain":0,"player_choice":"Fight","damage_taken":0,"max_hp_gain":0,"max_hp_loss":0,"event_name":"Mysterious Sphere","floor":42,"gold_loss":0}],"is_beta":false,"boss_relics":[{"not_picked":["hubris:VirtuousBlindfold","Ooze Armor"],"picked":"Replay:Ancient Bell"},{"not_picked":["Grinning Jar","Blood Vial"],"picked":"Blue Doll"},{"not_picked":["Eternal Feather","Replay:Bottled Snecko"],"picked":"Frozen Egg 2"},{"not_picked":["Magic Flower","hubris:Spice"],"picked":"Calipers"},{"not_picked":["hubris:TerracottaHorce","Runic Dome"],"picked":"Black Blood"}],"items_purged_floors":[],"is_endless":false,"potions_floor_spawned":[5,7,16,18,28,30,35,40,45,48],"ascension_level":0}}