{"host":"0hb9w7uizu7y13wj","time":1611690766,"event":{"mods":["Act Like it!","Aspiration","BaseMod","BetterRewards","Colored Map","Conspire","Downfall","Energized Spire","FTL Soundtrack","Friendly Minions","Halation","Hubris","Infinite Spire","Minty Spire (QoL Compilation)","Quick Restart","Replay The Spire","StSLib","Synergy Search","The Hierophant","The Jungle","The Poker Player","Trackpad","everything is the same but u backflip on backflip"],"gold_per_floor":[117,117,117,140,153,189,189,21,21,21,57,72,110,129,129,222,222,247,58,58,71,95,133,133,133,133,108,139,152,186,209,209,316,316,357,357,357,398,398,468,468,468],"floor_reached":41,"language":"ENG","playtime":2333,"items_purged":["Strike_R","Defend_R","Strike_R"],"score":1773,"play_id":"754182cb-8821-4904-b402-2c210772f3ef","local_time":"20210126195246","is_ascension_mode":true,"campfire_choices":[{"data":"Metallicize","floor":15.0,"key":"SMITH"},{"data":"Demon Form","floor":24.0,"key":"SMITH"},{"data":"Metallicize","floor":32.0,"key":"SMITH"}],"circlet_count":1,"master_deck":["AscendersBane","Strike_R","Strike_R","Strike_R","Defend_R","Defend_R","Defend_R","Bash+1","Metallicize+1","Dramatic Entrance","hubris:StunningStrike","ReplayTheSpireMod:Private Reserves","Finesse","Spot Weakness","infinitespire:OneForAll","Metallicize+1","ReplayTheSpireMod:LeadingStrike","ReplayTheSpireMod:LeadingStrike","Impervious","infinitespire:Gouge","Uppercut","Demon Form+1","Impervious","Juggernaut","Immolate","Reaper","ReplayReversal+1","Trip","infinitespire:Collect","Exhume","Ghostly Armor"],"relics":["Burning Blood","Lee\u0027s Waffle","Turnip","Snack Pack","trackpad:WindUpAutoDealer","Durian","Golden Idol","Quantum Egg","trackpad:SappingStone","aspiration:HummingbirdHeart","Gremlin Food","aspiration:RunicSpoon","Circlet","Philosopher\u0027s Stone","Ancient Tea Set","trackpad:CultistFigurine","trackpad:Compendium","infinitespire:EvilPickle","Toy Ornithopter"],"acts_visited":["Exordium","TheCity","TheBeyond"],"potions_floor_usage":[],"damage_taken":[{"damage":2.0,"enemies":"Jaw Worm","floor":1.0,"turns":3.0},{"damage":6.0,"enemies":"Small Slimes","floor":4.0,"turns":2.0},{"damage":0.0,"enemies":"Cultist","floor":5.0,"turns":4.0},{"damage":35.0,"enemies":"3 Sentries","floor":6.0,"turns":9.0},{"damage":11.0,"enemies":"Lagavulin","floor":11.0,"turns":7.0},{"damage":0.0,"enemies":"2 Fungi Beasts","floor":12.0,"turns":2.0},{"damage":11.0,"enemies":"3 Sentries","floor":13.0,"turns":8.0},{"damage":0.0,"enemies":"3 Louse","floor":14.0,"turns":2.0},{"damage":6.0,"enemies":"Hexaghost","floor":16.0,"turns":10.0},{"damage":9.0,"enemies":"3 Byrds","floor":18.0,"turns":7.0},{"damage":3.0,"enemies":"Chosen","floor":21.0,"turns":3.0},{"damage":0.0,"enemies":"Snake Plant","floor":22.0,"turns":2.0},{"damage":7.0,"enemies":"Book of Stabbing","floor":23.0,"turns":5.0},{"damage":0.0,"enemies":"Gremlin Leader","floor":28.0,"turns":5.0},{"damage":0.0,"enemies":"3 Cultists","floor":29.0,"turns":4.0},{"damage":37.0,"enemies":"Slavers","floor":30.0,"turns":7.0},{"damage":2.0,"enemies":"Shelled Parasite and Fungi","floor":31.0,"turns":4.0},{"damage":5.0,"enemies":"Pondfish","floor":33.0,"turns":8.0},{"damage":0.0,"enemies":"3 Darklings","floor":35.0,"turns":3.0},{"damage":54.0,"enemies":"3 Shapes","floor":38.0,"turns":8.0},{"damage":21.0,"enemies":"R_Hoarder","floor":40.0,"turns":6.0},{"damage":0,"enemies":"Writhing Mass","floor":41,"turns":1}],"seed_played":"-185071207314957265","potions_obtained":[{"floor":5.0,"key":"FearPotion"},{"floor":12.0,"key":"champ:CounterPotion"},{"floor":14.0,"key":"Fruit Juice"},{"floor":16.0,"key":"SteroidPotion"},{"floor":23.0,"key":"Regen Potion"},{"floor":40.0,"key":"Swift Potion"}],"is_trial":false,"path_per_floor":["M","?","$","M","M","E","?","$","T","?","E","M","E","M","R","B",null,"M","$","AVR","M","M","E","R","?","T","?","E","M","E","M","R","B",null,"M","?","?","M","AVR","E","M"],"character_chosen":"IRONCLAD","items_purchased":["Metallicize","Lee\u0027s Waffle","Dramatic Entrance","hubris:StunningStrike","Snack Pack","ReplayTheSpireMod:Private Reserves","Finesse","Fruit Juice","ReplayTheSpireMod:LeadingStrike","Fruit Juice"],"campfire_rested":0,"item_purchase_floors":[0,0,0,0,0,0,0,8,8,19],"current_hp_per_floor":[87,57,57,59,67,38,38,43,43,43,40,50,45,58,58,64,89,90,95,95,102,102,102,102,102,102,102,102,102,71,77,77,82,97,102,102,102,76,76,65,65,65],"gold":468,"neow_bonus":"","is_daily":false,"chose_seed":false,"campfire_upgraded":3,"win_rate":0.0,"timestamp":1611690766,"path_taken":["M","?","$","M","M","E","?","$","T","?","E","M","E","M","R","BOSS","M","?","AVR","M","M","E","R","?","T","?","E","M","E","M","R","BOSS","M","?","?","M","AVR","E","M"],"items_purchased_type":["Card","Relic","Card","Card","Relic","Card","Card","Potion","Card","Potion"],"build_version":"2020-12-22","purchased_purges":3,"victory":false,"max_hp_per_floor":[87,87,87,87,87,87,87,92,92,92,92,92,92,97,97,97,97,97,102,102,102,102,102,102,102,102,102,102,102,102,102,102,102,102,102,102,102,102,102,102,102,102],"card_choices":[{"not_picked":["Clothesline","Hemokinesis"],"picked":"Spot Weakness","floor":1.0},{"not_picked":["Hemokinesis","Pummel"],"picked":"infinitespire:OneForAll","floor":4.0},{"not_picked":["Intimidate","Warcry","Shockwave"],"picked":"SKIP","floor":5.0},{"not_picked":["Massacre","Combust"],"picked":"Metallicize","floor":6.0},{"not_picked":["Thunderclap","Wild Strike","hubris:SharpeningStone"],"picked":"SKIP","floor":11.0},{"not_picked":["Evolve","Searing Blow","Run Through"],"picked":"SKIP","floor":12.0},{"not_picked":["Run Through","hubris:SharpeningStone","Anger"],"picked":"SKIP","floor":13.0},{"not_picked":["Thunderclap","Warcry","Clash"],"picked":"SKIP","floor":14.0},{"not_picked":["conspire:Purge","conspire:HitWhereItHurts"],"picked":"Impervious","floor":16.0},{"not_picked":["Run Through","Reckless Charge","Havoc"],"picked":"SKIP","floor":18.0},{"not_picked":["Dark Embrace","Armaments"],"picked":"Uppercut","floor":21.0},{"not_picked":["Intimidate","Replay:Undeath\u0027s Touch+1","Run Through"],"picked":"SKIP","floor":22.0},{"not_picked":["Corruption","conspire:HitWhereItHurts"],"picked":"Demon Form","floor":23.0},{"not_picked":["Hemokinesis","Feel No Pain","hubris:ReadiedAction"],"picked":"SKIP","floor":23.0},{"not_picked":["Exhume","conspire:HitWhereItHurts"],"picked":"Impervious","floor":28.0},{"not_picked":["Headbutt","Warcry","Hemokinesis"],"picked":"SKIP","floor":28.0},{"not_picked":["hubris:SharpeningStone","Body Slam"],"picked":"Juggernaut","floor":29.0},{"not_picked":["conspire:Purge","Barricade"],"picked":"Immolate","floor":30.0},{"not_picked":["Warcry","Anger+1","Havoc+1"],"picked":"SKIP","floor":30.0},{"not_picked":["ReplayReversal","True Grit+1","Iron Wave"],"picked":"SKIP","floor":31.0},{"not_picked":["Fiend Fire","Demon Form"],"picked":"Reaper","floor":33.0},{"not_picked":["Clothesline","Iron Wave"],"picked":"ReplayReversal+1","floor":35.0},{"not_picked":["Mind Blast","hubris:Insight"],"picked":"Trip","floor":36.0},{"not_picked":["Searing Blow","Hemokinesis","Run Through+1"],"picked":"SKIP","floor":38.0},{"not_picked":["Impervious","Double Tap"],"picked":"Exhume","floor":40.0},{"not_picked":["Demon Form","Clothesline"],"picked":"Ghostly Armor","floor":40.0}],"player_experience":946130,"relics_obtained":[{"floor":6.0,"key":"Quantum Egg"},{"floor":9.0,"key":"trackpad:SappingStone"},{"floor":11.0,"key":"aspiration:HummingbirdHeart"},{"floor":13.0,"key":"Gremlin Food"},{"floor":23.0,"key":"Ancient Tea Set"},{"floor":28.0,"key":"trackpad:CultistFigurine"},{"floor":30.0,"key":"trackpad:Compendium"},{"floor":40.0,"key":"Toy Ornithopter"}],"event_choices":[{"damage_healed":0.0,"max_hp_gain":0.0,"max_hp_loss":0.0,"gold_gain":0.0,"event_name":"Golden Idol","player_choice":"Take Damage","floor":2.0,"gold_loss":0.0,"damage_taken":30.0,"relics_obtained":["Golden Idol"]},{"damage_healed":0.0,"max_hp_gain":0.0,"max_hp_loss":0.0,"gold_gain":0.0,"event_name":"Upgrade Shrine","player_choice":"Upgraded","floor":10.0,"gold_loss":0.0,"damage_taken":0.0,"cards_upgraded":["Bash"]},{"damage_healed":0.0,"max_hp_gain":0.0,"max_hp_loss":0.0,"gold_gain":0.0,"event_name":"SensoryStone","player_choice":"Memory 1","floor":36.0,"gold_loss":0.0,"damage_taken":0.0}],"is_beta":false,"boss_relics":[{"not_picked":["trackpad:StolenKidneys","aspiration:PoetsPen_weak"],"picked":"aspiration:RunicSpoon"},{"not_picked":["halation:Risk","ReplayTheSpireMod:DimensionalGlitch","energizedSpire:DeadBattery"]}],"items_purged_floors":[19,20,39],"is_endless":false,"potions_floor_spawned":[5,12,14,16,18,23,28,40],"killed_by":"Writhing Mass","ascension_level":20}}