{"host":"6ayekdpky30mcb5q","time":1611629165,"event":{"mods":["Act Like it!","BaseMod","Colored Map","GifTheSpireLib","Highlight Path","Minty Spire (QoL Compilation)","StSLib","WoW Paladin Mod"],"gold_per_floor":[112,112,128,141,157,157,170,245,245,245,168,187,187,201,201,303,303,303,303],"floor_reached":18,"language":"ENG","playtime":658,"items_purged":[],"score":154,"play_id":"e031caad-c20f-4294-855d-e16ef7015bf6","local_time":"20210125204605","is_ascension_mode":false,"campfire_choices":[{"data":"Eruption","floor":6.0,"key":"SMITH"},{"data":"SashWhip","floor":10.0,"key":"SMITH"},{"floor":15.0,"key":"REST"}],"circlet_count":0,"master_deck":["Strike_P","Strike_P","Strike_P","Strike_P","Defend_P","Defend_P","Defend_P","Defend_P","Eruption+1","Vigilance","FlurryOfBlows","SashWhip","Prostrate","SashWhip+1","MentalFortress","DeceiveReality","BattleHymn","MentalFortress","DevaForm"],"relics":["PureWater","Regal Pillow","Smiling Mask","Strawberry","Fusion Hammer"],"acts_visited":[],"potions_floor_usage":[],"damage_taken":[{"damage":0.0,"enemies":"Small Slimes","floor":1.0,"turns":3.0},{"damage":0.0,"enemies":"2 Louse","floor":3.0,"turns":2.0},{"damage":3.0,"enemies":"Jaw Worm","floor":4.0,"turns":4.0},{"damage":0.0,"enemies":"Red Slaver","floor":5.0,"turns":5.0},{"damage":20.0,"enemies":"Looter","floor":7.0,"turns":2.0},{"damage":7.0,"enemies":"2 Fungi Beasts","floor":12.0,"turns":4.0},{"damage":15.0,"enemies":"Exordium Thugs","floor":14.0,"turns":2.0},{"damage":25.0,"enemies":"The Guardian","floor":16.0,"turns":10.0},{"damage":0,"enemies":"2 Thieves","floor":18,"turns":1}],"seed_played":"1843344125757692416","potions_obtained":[{"floor":5.0,"key":"Swift Potion"},{"floor":7.0,"key":"SpeedPotion"}],"is_trial":false,"path_per_floor":["M","?","M","M","M","R","M","?","T","R","$","M","?","M","R","B",null,"M"],"character_chosen":"WATCHER","items_purchased":["DeceiveReality"],"campfire_rested":1,"item_purchase_floors":[11],"current_hp_per_floor":[72,65,65,62,62,62,42,31,38,38,38,31,36,21,61,36,84,84,84],"gold":303,"neow_bonus":"RANDOM_COMMON_RELIC","is_daily":false,"chose_seed":false,"campfire_upgraded":2,"win_rate":0.0,"timestamp":1611629165,"path_taken":["M","?","M","M","M","R","M","?","T","R","$","M","?","M","R","BOSS","M"],"items_purchased_type":["Card"],"build_version":"2020-12-22","purchased_purges":0,"victory":false,"max_hp_per_floor":[72,72,72,72,72,72,72,72,79,79,79,79,84,84,84,84,84,84,84],"card_choices":[{"not_picked":["FlyingSleeves","Consecrate"],"picked":"FlurryOfBlows","floor":1.0},{"not_picked":["FlyingSleeves","BowlingBash"],"picked":"SashWhip","floor":3.0},{"not_picked":["FollowUp","Evaluate"],"picked":"Prostrate","floor":4.0},{"not_picked":["FollowUp","Evaluate"],"picked":"SashWhip","floor":5.0},{"not_picked":["Evaluate","PathToVictory"],"picked":"MentalFortress","floor":7.0},{"not_picked":["ConjureBlade","FlyingSleeves"],"picked":"BattleHymn","floor":12.0},{"not_picked":["FollowUp","SashWhip"],"picked":"MentalFortress","floor":14.0},{"not_picked":["ConjureBlade","Omniscience"],"picked":"DevaForm","floor":16.0}],"player_experience":591285,"relics_obtained":[{"floor":9.0,"key":"Strawberry"}],"event_choices":[{"damage_healed":0.0,"max_hp_gain":0.0,"max_hp_loss":0.0,"gold_gain":0.0,"event_name":"Scrap Ooze","player_choice":"Success","floor":2.0,"gold_loss":0.0,"damage_taken":7.0,"relics_obtained":["Smiling Mask"]},{"damage_healed":0.0,"max_hp_gain":0.0,"max_hp_loss":0.0,"gold_gain":75.0,"event_name":"World of Goop","player_choice":"Gather Gold","floor":8.0,"gold_loss":0.0,"damage_taken":11.0},{"damage_healed":0.0,"max_hp_gain":5.0,"max_hp_loss":0.0,"gold_gain":0.0,"event_name":"Big Fish","player_choice":"Donut","floor":13.0,"gold_loss":0.0,"damage_taken":0.0}],"is_beta":false,"boss_relics":[{"not_picked":["Tiny House","Runic Pyramid"],"picked":"Fusion Hammer"}],"items_purged_floors":[],"is_endless":false,"potions_floor_spawned":[5,7],"killed_by":"2 Thieves","ascension_level":0}}