{"host":"va904f3s24glxxej","time":1611672171,"event":{"mods":["AchievementEnabler","BaseMod","Colored Powertips","Downfall","Hubris","Minty Spire (QoL Compilation)","Replay The Spire","StSLib","The Necromancer"],"gold_per_floor":[99,112,112,112,128,157,157,157,170,170,170,170],"floor_reached":10,"language":"ENG","playtime":443,"items_purged":[],"score":69,"play_id":"e1668051-e214-49c9-9f10-a337ee92d439","local_time":"20210126144251","is_ascension_mode":true,"campfire_choices":[{"data":"bronze:CleanCode","floor":1,"key":"SMITH"},{"data":"bronze:Verify","floor":8,"key":"SMITH"}],"circlet_count":0,"master_deck":["bronze:Strike","bronze:Strike","bronze:Strike","bronze:Strike","bronze:Defend","bronze:Defend","bronze:Defend","bronze:Defend","bronze:Replicate+1","bronze:Goto","bronze:CleanCode+1","bronze:DelayedGuard","bronze:Verify+1","bronze:OilSpill"],"relics":["bronze:BronzeCore","Bag of Marbles","Pen Nib"],"acts_visited":["Exordium"],"potions_floor_usage":[6],"damage_taken":[{"damage":4,"enemies":"Jaw Worm","floor":2,"turns":4},{"damage":1,"enemies":"Cultist","floor":5,"turns":3},{"damage":18,"enemies":"Gremlin Nob","floor":6,"turns":4},{"damage":5,"enemies":"2 Louse","floor":9,"turns":3},{"damage":45,"enemies":"3 Sentries","floor":10,"turns":6}],"seed_played":"1426268118237517901","potions_obtained":[{"floor":2,"key":"champ:CounterPotion"},{"floor":9,"key":"SteroidPotion"}],"is_trial":false,"path_per_floor":["R","M","?","?","M","E","T","R","M","E"],"character_chosen":"THE_AUTOMATON","items_purchased":[],"campfire_rested":0,"item_purchase_floors":[],"current_hp_per_floor":[70,66,66,66,65,47,47,47,42,0,0,0],"gold":170,"neow_bonus":"ONE_RANDOM_RARE_CARD","is_daily":false,"chose_seed":false,"campfire_upgraded":2,"win_rate":0.0,"timestamp":1611672171,"path_taken":["R","M","?","?","?","E","T","R","M","E"],"items_purchased_type":[],"build_version":"2020-12-22","purchased_purges":0,"victory":false,"max_hp_per_floor":[70,70,70,70,70,70,70,70,70,70,70,70],"card_choices":[{"not_picked":["bronze:Refactor","bronze:Frontload","bronze:CutThrough"],"picked":"SKIP","floor":2},{"not_picked":["bronze:Branch","bronze:CutThrough"],"picked":"bronze:DelayedGuard","floor":5},{"not_picked":["bronze:FineTuning","bronze:Shield"],"picked":"bronze:Verify","floor":6},{"not_picked":["bronze:WildBeam","bronze:Frontload"],"picked":"bronze:OilSpill","floor":9}],"player_experience":766458,"relics_obtained":[{"floor":6,"key":"Bag of Marbles"},{"floor":7,"key":"Pen Nib"}],"event_choices":[],"is_beta":false,"boss_relics":[],"items_purged_floors":[],"is_endless":false,"potions_floor_spawned":[2,9],"killed_by":"3 Sentries","ascension_level":1}}