{"host":"lzlnscgb2n0l5w2m","time":1611682699,"event":{"mods":["AchievementEnabler","BaseMod","Block Reminder","Colored Powertips","Googly Eyes","Highlight Path","Minty Spire (QoL Compilation)","Permanent Neow","Relic Stats","StSLib"],"gold_per_floor":[16,30,30,205,218,218,259,274,301,332,332,104,104,125,125,244,244,258,258,277,17,35,79,79,110,163,38,76,76,8,51,51,170,170,185,254,16,31,56,56,87,87,87,87,131,145,145,165,165,165,165],"floor_reached":50,"language":"ZHT","playtime":5101,"items_purged":["Doubt","Strike_G","Strike_G","Strike_G"],"score":758,"play_id":"55210826-f15d-42f8-9d15-4c8f6b66431a","local_time":"20210127013819","is_ascension_mode":true,"campfire_choices":[{"data":"Envenom","floor":6.0,"key":"SMITH"},{"floor":11.0,"key":"REST"},{"floor":13.0,"key":"REST"},{"data":"A Thousand Cuts","floor":15.0,"key":"SMITH"},{"data":"After Image","floor":24.0,"key":"SMITH"},{"floor":29.0,"key":"REST"},{"data":"Footwork","floor":32.0,"key":"SMITH"},{"data":"Night Terror","floor":40.0,"key":"SMITH"},{"data":"Storm of Steel","floor":42.0,"key":"SMITH"},{"floor":49,"key":"RECALL"}],"circlet_count":0,"master_deck":["Strike_G","Strike_G+1","Defend_G","Defend_G","Defend_G","Defend_G","Defend_G","Survivor","Neutralize+1","Envenom+1","Slice","Deadly Poison","Crippling Poison","Blur+1","Flying Knee","A Thousand Cuts+1","Bullet Time","After Image+1","Endless Agony","Footwork+1","Storm of Steel+1","Night Terror+1","Mind Blast","Parasite","Bane"],"relics":["Ring of the Snake","Golden Idol","Whetstone","Toy Ornithopter","Oddly Smooth Stone","Bag of Preparation","Busted Crown","Centennial Puzzle","Bag of Marbles","Bottled Flame","Letter Opener","Runic Pyramid","Bird Faced Urn","Eternal Feather","Pen Nib","FossilizedHelix"],"acts_visited":["Exordium","TheCity","TheBeyond"],"potions_floor_usage":[46,46],"damage_taken":[{"damage":2.0,"enemies":"Cultist","floor":1.0,"turns":4.0},{"damage":5.0,"enemies":"Small Slimes","floor":2.0,"turns":4.0},{"damage":0.0,"enemies":"2 Louse","floor":5.0,"turns":3.0},{"damage":44.0,"enemies":"Gremlin Nob","floor":7.0,"turns":5.0},{"damage":0.0,"enemies":"Large Slime","floor":8.0,"turns":8.0},{"damage":7.0,"enemies":"Lagavulin","floor":10.0,"turns":7.0},{"damage":9.0,"enemies":"3 Louse","floor":14.0,"turns":3.0},{"damage":29.0,"enemies":"Slime Boss","floor":16.0,"turns":10.0},{"damage":8.0,"enemies":"2 Thieves","floor":18.0,"turns":4.0},{"damage":8.0,"enemies":"3 Byrds","floor":20.0,"turns":4.0},{"damage":9.0,"enemies":"Centurion and Healer","floor":22.0,"turns":6.0},{"damage":19.0,"enemies":"Slavers","floor":23.0,"turns":5.0},{"damage":1.0,"enemies":"Gremlin Leader","floor":25.0,"turns":5.0},{"damage":4.0,"enemies":"Book of Stabbing","floor":28.0,"turns":5.0},{"damage":2.0,"enemies":"Gremlin Leader","floor":31.0,"turns":7.0},{"damage":24.0,"enemies":"Collector","floor":33.0,"turns":10.0},{"damage":0.0,"enemies":"Orb Walker","floor":35.0,"turns":4.0},{"damage":16.0,"enemies":"2 Orb Walkers","floor":36.0,"turns":4.0},{"damage":0.0,"enemies":"3 Darklings","floor":38.0,"turns":7.0},{"damage":13.0,"enemies":"Writhing Mass","floor":39.0,"turns":8.0},{"damage":32.0,"enemies":"Reptomancer","floor":41.0,"turns":8.0},{"damage":20.0,"enemies":"Giant Head","floor":45.0,"turns":8.0},{"damage":0,"enemies":"Transient","floor":46,"turns":5},{"damage":5,"enemies":"3 Darklings","floor":48,"turns":5},{"damage":83,"enemies":"Donu and Deca","floor":50,"turns":11}],"seed_played":"-126685061707285586","potions_obtained":[{"floor":1.0,"key":"FearPotion"},{"floor":2.0,"key":"EntropicBrew"},{"floor":5.0,"key":"FearPotion"},{"floor":14.0,"key":"AttackPotion"},{"floor":20.0,"key":"DistilledChaos"},{"floor":22.0,"key":"PowerPotion"},{"floor":25.0,"key":"EssenceOfSteel"},{"floor":28.0,"key":"Energy Potion"},{"floor":36.0,"key":"Block Potion"},{"floor":38.0,"key":"SpeedPotion"},{"floor":39.0,"key":"Swift Potion"},{"floor":41.0,"key":"SteroidPotion"}],"is_trial":false,"path_per_floor":["M","M","?","?","M","R","E","M","T","E","R","$","R","M","R","B",null,"M","?","M","$","M","E","R","E","T","$","E","R","$","E","R","B",null,"M","?","$","M","M","R","E","R","T","?","E","M","?","M","R","B"],"character_chosen":"THE_SILENT","items_purchased":["Bag of Preparation","After Image","Footwork","Mind Blast"],"campfire_rested":3,"item_purchase_floors":[12,21,30,37],"current_hp_per_floor":[68,63,46,46,46,46,2,2,2,5,26,26,47,38,38,14,56,48,70,62,62,53,39,39,43,43,43,44,65,65,63,63,39,62,62,51,51,65,61,61,37,49,49,49,48,66,66,65,66,0,0],"gold":165,"neow_bonus":"THREE_RARE_CARDS","is_daily":false,"chose_seed":false,"campfire_upgraded":6,"win_rate":0.0,"timestamp":1611682699,"path_taken":["M","M","?","?","M","R","E","M","T","E","R","$","R","M","R","BOSS","M","?","?","$","M","E","R","E","T","?","E","R","$","E","R","BOSS","M","?","$","M","M","R","E","R","T","?","E","M","?","?","R","BOSS"],"items_purchased_type":["Relic","Card","Card","Card"],"build_version":"2020-12-22","purchased_purges":4,"victory":false,"max_hp_per_floor":[70,70,70,70,70,70,70,70,70,70,70,70,70,70,70,70,70,70,70,70,70,70,70,70,70,70,70,70,70,70,70,70,70,70,70,70,70,70,70,70,70,70,70,66,66,66,66,66,66,66,66],"relic_stats":{"counters":[25,150],"Golden Idol":162,"Eternal Feather":13,"Pen Nib":[7],"Bag of Preparation":[38],"Whetstone":["Strike_G","Neutralize"],"Letter Opener":[163],"Centennial Puzzle":[32],"Busted Crown":32,"Bird Faced Urn":[65],"obtain_stats":[{"Golden Idol":3,"Oddly Smooth Stone":10,"Eternal Feather":41,"Pen Nib":43,"Bag of Preparation":12,"Whetstone":7,"Letter Opener":31,"Centennial Puzzle":23,"Bottled Flame":28,"Busted Crown":17,"Bird Faced Urn":36,"Bag of Marbles":25,"Toy Ornithopter":9,"FossilizedHelix":45,"Ring of the Snake":0,"Runic Pyramid":34},{"Golden Idol":2,"Oddly Smooth Stone":6,"Eternal Feather":21,"Pen Nib":21,"Bag of Preparation":6,"Whetstone":4,"Letter Opener":15,"Centennial Puzzle":12,"Bottled Flame":14,"Busted Crown":8,"Bird Faced Urn":18,"Bag of Marbles":13,"Toy Ornithopter":5,"FossilizedHelix":22,"Ring of the Snake":0,"Runic Pyramid":16},{"Golden Idol":8,"Oddly Smooth Stone":31,"Eternal Feather":121,"Pen Nib":121,"Bag of Preparation":31,"Whetstone":16,"Letter Opener":80,"Centennial Puzzle":63,"Bottled Flame":73,"Busted Crown":44,"Bird Faced Urn":98,"Bag of Marbles":68,"Toy Ornithopter":24,"FossilizedHelix":129,"Ring of the Snake":0,"Runic Pyramid":90}],"Toy Ornithopter":50,"Ring of the Snake":[51]},"card_choices":[{"not_picked":["A Thousand Cuts","Tools of the Trade"],"picked":"Envenom","floor":0.0},{"not_picked":["Expertise","Distraction"],"picked":"Slice","floor":1.0},{"not_picked":["Backflip","Flying Knee"],"picked":"Deadly Poison","floor":2.0},{"not_picked":["All Out Attack","Sucker Punch"],"picked":"Crippling Poison","floor":5.0},{"not_picked":["Accuracy","Dodge and Roll"],"picked":"Blur","floor":7.0},{"not_picked":["All Out Attack","Underhanded Strike"],"picked":"Flying Knee","floor":8.0},{"not_picked":["Sucker Punch","Eviscerate"],"picked":"A Thousand Cuts","floor":10.0},{"not_picked":["Choke","Finisher","Backflip"],"picked":"SKIP","floor":14.0},{"not_picked":["Corpse Explosion","Unload"],"picked":"Bullet Time","floor":16.0},{"not_picked":["Quick Slash"],"picked":"SKIP","floor":18.0},{"not_picked":["Sucker Punch"],"picked":"SKIP","floor":20.0},{"not_picked":[],"picked":"Endless Agony","floor":22.0},{"not_picked":["Poisoned Stab+1"],"picked":"SKIP","floor":23.0},{"not_picked":["PiercingWail"],"picked":"SKIP","floor":25.0},{"not_picked":["Deflect+1"],"picked":"SKIP","floor":28.0},{"not_picked":[],"picked":"Storm of Steel","floor":31.0},{"not_picked":[],"picked":"Night Terror","floor":33.0},{"not_picked":["Endless Agony+1"],"picked":"SKIP","floor":35.0},{"not_picked":["Underhanded Strike+1"],"picked":"SKIP","floor":38.0},{"not_picked":["Underhanded Strike"],"picked":"SKIP","floor":39.0},{"not_picked":["Underhanded Strike"],"picked":"SKIP","floor":39.0},{"not_picked":["Sucker Punch+1"],"picked":"SKIP","floor":41.0},{"not_picked":[],"picked":"Bane","floor":45.0},{"not_picked":["Sucker Punch+1"],"picked":"SKIP","floor":46},{"not_picked":["Riddle With Holes"],"picked":"SKIP","floor":48}],"player_experience":248000,"relics_obtained":[{"floor":7.0,"key":"Whetstone"},{"floor":9.0,"key":"Toy Ornithopter"},{"floor":10.0,"key":"Oddly Smooth Stone"},{"floor":23.0,"key":"Centennial Puzzle"},{"floor":25.0,"key":"Bag of Marbles"},{"floor":28.0,"key":"Bottled Flame"},{"floor":31.0,"key":"Letter Opener"},{"floor":36.0,"key":"Bird Faced Urn"},{"floor":41.0,"key":"Eternal Feather"},{"floor":43.0,"key":"Pen Nib"},{"floor":45.0,"key":"FossilizedHelix"}],"event_choices":[{"damage_healed":0.0,"max_hp_gain":0.0,"max_hp_loss":0.0,"gold_gain":0.0,"event_name":"Golden Idol","player_choice":"Take Damage","floor":3.0,"gold_loss":0.0,"damage_taken":17.0,"relics_obtained":["Golden Idol"]},{"damage_healed":0.0,"max_hp_gain":0.0,"max_hp_loss":0.0,"gold_gain":175.0,"event_name":"Liars Game","player_choice":"AGREE","floor":4.0,"gold_loss":0.0,"damage_taken":0.0,"cards_obtained":["Doubt"]},{"damage_healed":22.0,"max_hp_gain":0.0,"max_hp_loss":0.0,"gold_gain":0.0,"event_name":"Wheel of Change","player_choice":"Full Heal","floor":19.0,"gold_loss":0.0,"damage_taken":0.0},{"damage_healed":0.0,"max_hp_gain":0.0,"max_hp_loss":0.0,"gold_gain":0.0,"event_name":"Mysterious Sphere","player_choice":"Fight","floor":36.0,"gold_loss":0.0,"damage_taken":0.0},{"damage_healed":0.0,"max_hp_gain":0.0,"max_hp_loss":4.0,"gold_gain":0.0,"event_name":"Winding Halls","player_choice":"Max HP","floor":44.0,"gold_loss":0.0,"damage_taken":0.0},{"damage_healed":0,"gold_gain":0,"player_choice":"Forge","damage_taken":0,"max_hp_gain":0,"max_hp_loss":0,"event_name":"Accursed Blacksmith","floor":47,"gold_loss":0,"cards_upgraded":["Blur"]}],"is_beta":false,"boss_relics":[{"not_picked":["Calling Bell","Coffee Dripper"],"picked":"Busted Crown"},{"not_picked":["Black Star","Pandora\u0027s Box"],"picked":"Runic Pyramid"}],"items_purged_floors":[12,21,27,37],"is_endless":false,"potions_floor_spawned":[1,2,5,14,20,22,25,28,36,38,39,41],"killed_by":"Donu and Deca","ascension_level":5}}