{"host":"1pwde2j81wdvsae3","time":1611638171,"event":{"mods":["BaseMod","Minty Spire (QoL Compilation)","Replay The Spire","Shop Mod","StSLib"],"gold_per_floor":[111,130,130,149,162,187,187,31,56,70,81,81,81,156,156,156,156],"floor_reached":16,"language":"ZHS","playtime":434,"items_purged":[],"score":179,"play_id":"20e2c869-9530-4272-a032-56a535eca994","local_time":"20210126131611","is_ascension_mode":true,"campfire_choices":[{"floor":7,"key":"REST"},{"floor":12,"key":"REST"},{"floor":15,"key":"REST"}],"circlet_count":0,"master_deck":["AscendersBane","Strike_R","Strike_R","Strike_R","Strike_R","Defend_R","Defend_R","Defend_R","Defend_R","Bash","Battle Trance","Twin Strike","Pummel","Rupture","Bloodletting","Clash","Armaments","ReplayTheSpireMod:Strike From Hell"],"relics":["Burning Blood","ReplayTheSpireMod:Spearhead","Juzu Bracelet","Bronze Scales","Blue Doll","ReplayTheSpireMod:Ring of Addiction","White Beast Statue","Chameleon Ring"],"acts_visited":["Exordium"],"potions_floor_usage":[6,6,16,16],"damage_taken":[{"damage":13,"enemies":"Jaw Worm","floor":1,"turns":4},{"damage":4,"enemies":"2 Louse","floor":2,"turns":3},{"damage":15,"enemies":"Small Slimes","floor":4,"turns":3},{"damage":16,"enemies":"2 Fungi Beasts","floor":5,"turns":4},{"damage":23,"enemies":"3 Sentries","floor":6,"turns":5},{"damage":16,"enemies":"3 Louse","floor":10,"turns":4},{"damage":6,"enemies":"Large Slime","floor":11,"turns":5},{"damage":62,"enemies":"Slime Boss","floor":16,"turns":10}],"seed_played":"8761552921590664972","potions_obtained":[{"floor":4,"key":"Strength Potion"},{"floor":5,"key":"Explosive Potion"},{"floor":11,"key":"Languid Potion"},{"floor":13,"key":"LiquidBronze"}],"is_trial":false,"path_per_floor":["M","M","?","M","M","E","R","$","T","M","M","R","?","?","R","B"],"character_chosen":"IRONCLAD","items_purchased":["Bronze Scales"],"campfire_rested":3,"item_purchase_floors":[8],"current_hp_per_floor":[61,63,52,43,33,16,38,38,38,28,28,50,50,39,61,0,0],"gold":156,"neow_bonus":"TRANSFORM_CARD","is_daily":false,"chose_seed":false,"campfire_upgraded":0,"win_rate":0.0,"timestamp":1611638171,"path_taken":["M","M","?","M","M","E","R","$","T","M","M","R","?","?","R","BOSS"],"items_purchased_type":["Relic"],"build_version":"2020-12-22","purchased_purges":0,"victory":false,"max_hp_per_floor":[75,75,75,75,75,75,75,75,75,75,75,75,75,75,75,75,75],"card_choices":[{"not_picked":["Replay:Undeath\u0027s Touch","Dropkick"],"picked":"Twin Strike","floor":1},{"not_picked":["Heavy Blade","ReplayTheSpireMod:Limb From Limb"],"picked":"Pummel","floor":2},{"not_picked":["ReplayTheSpireMod:Limb From Limb","Shockwave"],"picked":"Rupture","floor":4},{"not_picked":["Heavy Blade","Run Through"],"picked":"Bloodletting","floor":5},{"not_picked":["Blood for Blood","Body Slam"],"picked":"Clash","floor":6},{"not_picked":["Body Slam","Demonic Infusion"],"picked":"Armaments","floor":10},{"not_picked":["Combust","Armaments"],"picked":"ReplayTheSpireMod:Strike From Hell","floor":11}],"player_experience":242345,"relics_obtained":[{"floor":6,"key":"Juzu Bracelet"},{"floor":9,"key":"Blue Doll"},{"floor":13,"key":"ReplayTheSpireMod:Ring of Addiction"},{"floor":13,"key":"White Beast Statue"},{"floor":13,"key":"Chameleon Ring"}],"event_choices":[{"damage_healed":0,"gold_gain":0,"player_choice":"Success","damage_taken":11,"relics_obtained":["ReplayTheSpireMod:Spearhead"],"max_hp_gain":0,"max_hp_loss":0,"event_name":"Scrap Ooze","floor":3,"gold_loss":0},{"damage_healed":0,"gold_gain":75,"player_choice":"Gather Gold","damage_taken":11,"max_hp_gain":0,"max_hp_loss":0,"event_name":"World of Goop","floor":14,"gold_loss":0}],"is_beta":false,"boss_relics":[],"items_purged_floors":[],"is_endless":false,"potions_floor_spawned":[4,5,11],"killed_by":"Slime Boss","ascension_level":15}}