{"host":"c3lc60y5x60jlt1y","time":1611673601,"event":{"mods":["AchievementEnabler","BaseMod","Bestiary","Colored Map","Minty Spire (QoL Compilation)","Quick Restart","StSLib","ojb\u0027s Info Mod"],"gold_per_floor":[114,114,114,133,148,148,183,183,209,48,63,63,128,13,13,13,13],"floor_reached":16,"language":"ENG","playtime":487,"items_purged":["Strike_R"],"score":196,"play_id":"0e6a9c59-bb2b-409b-9e0a-f4d811c540c2","local_time":"20210126170641","is_ascension_mode":true,"campfire_choices":[{"data":"Double Tap","floor":6,"key":"SMITH"},{"data":"Limit Break","floor":15,"key":"SMITH"}],"circlet_count":0,"master_deck":["AscendersBane","Strike_R","Strike_R","Strike_R","Strike_R","Defend_R","Defend_R","Defend_R","Defend_R","Bash","Anger","Double Tap+1","Thunderclap","Pommel Strike","Flex","Limit Break+1","Combust"],"relics":["Burning Blood","NeowsBlessing","Centennial Puzzle","Nunchaku","Oddly Smooth Stone","Omamori"],"acts_visited":["Exordium"],"potions_floor_usage":[16,16],"damage_taken":[{"damage":0,"enemies":"2 Louse","floor":1,"turns":1},{"damage":1,"enemies":"Small Slimes","floor":4,"turns":2},{"damage":0,"enemies":"Cultist","floor":5,"turns":1},{"damage":20,"enemies":"Lagavulin","floor":7,"turns":5},{"damage":4,"enemies":"Blue Slaver","floor":11,"turns":4},{"damage":22,"enemies":"3 Sentries","floor":13,"turns":7},{"damage":49,"enemies":"Hexaghost","floor":16,"turns":7}],"seed_played":"8299007621264988154","potions_obtained":[{"floor":5,"key":"BloodPotion"},{"floor":7,"key":"SkillPotion"}],"is_trial":false,"path_per_floor":["M","?","?","M","M","R","E","?","T","$","M","$","?","$","R","B"],"character_chosen":"IRONCLAD","items_purchased":["Limit Break","Combust"],"campfire_rested":0,"item_purchase_floors":[10,14],"current_hp_per_floor":[74,48,48,53,59,59,45,45,45,45,47,47,31,31,31,0,0],"gold":13,"neow_bonus":"THREE_ENEMY_KILL","is_daily":false,"chose_seed":false,"campfire_upgraded":2,"win_rate":0.0,"timestamp":1611673601,"path_taken":["M","?","?","?","M","R","E","?","T","$","M","$","?","$","R","BOSS"],"items_purchased_type":["Card","Card"],"build_version":"2020-12-22","purchased_purges":1,"victory":false,"max_hp_per_floor":[75,75,75,75,75,75,75,75,75,75,75,75,75,75,75,75,75],"card_choices":[{"not_picked":["Perfected Strike","Dark Embrace"],"picked":"Anger","floor":1},{"not_picked":["Cleave","Havoc"],"picked":"Thunderclap","floor":4},{"not_picked":["Rampage","Bloodletting"],"picked":"Pommel Strike","floor":5},{"not_picked":["Feel No Pain","Combust"],"picked":"Flex","floor":7},{"not_picked":["Body Slam","Dropkick","True Grit"],"picked":"SKIP","floor":11}],"player_experience":8590937,"relics_obtained":[{"floor":7,"key":"Nunchaku"},{"floor":9,"key":"Oddly Smooth Stone"},{"floor":13,"key":"Omamori"}],"event_choices":[{"damage_healed":0,"gold_gain":0,"player_choice":"Success","damage_taken":26,"relics_obtained":["Centennial Puzzle"],"max_hp_gain":0,"max_hp_loss":0,"event_name":"Scrap Ooze","floor":2,"gold_loss":0},{"damage_healed":0,"gold_gain":0,"player_choice":"1 cards matched","damage_taken":0,"max_hp_gain":0,"max_hp_loss":0,"event_name":"Match and Keep!","floor":3,"gold_loss":0,"cards_obtained":["Double Tap"]},{"damage_healed":0,"gold_gain":0,"player_choice":"Ignored","damage_taken":0,"max_hp_gain":0,"max_hp_loss":0,"event_name":"Liars Game","floor":8,"gold_loss":0},{"damage_healed":0,"gold_gain":0,"player_choice":"Searched \u00271\u0027 times","damage_taken":0,"max_hp_gain":0,"max_hp_loss":0,"event_name":"Dead Adventurer","floor":13,"gold_loss":0}],"is_beta":false,"boss_relics":[],"items_purged_floors":[14],"is_endless":false,"potions_floor_spawned":[5,7],"killed_by":"Hexaghost","ascension_level":20}}