{"host":"rwmcmr2m88k7tuzm","time":1611699043,"event":{"mods":["BaseMod","BetterRewards","Conspire","Downfall","Hubris","Infinite Spire","Minty Spire (QoL Compilation)","Quick Restart","Replay The Spire","Shop Mod","StSLib","SuperFastMode"],"gold_per_floor":[117,0,0,19,19,29,49,49,121,150,150,165,165,165,165,269,269,279,279,315,302,158,158,158,158],"floor_reached":24,"language":"ENG","playtime":615,"items_purged":[],"score":292,"play_id":"a8aae3e8-86a2-4fd1-a6a3-a7e2db33895a","local_time":"20210126221043","is_ascension_mode":false,"campfire_choices":[{"floor":8,"key":"REST"},{"data":"Capacitor","floor":13,"key":"SMITH"},{"floor":15,"key":"REST"},{"floor":23,"key":"REST"}],"circlet_count":0,"master_deck":["Strike_B","Strike_B","Strike_B","Defend_B","Defend_B","Defend_B","Defend_B","Zap","Dualcast","Zap","Ball Lightning","Go for the Eyes","Capacitor+1","Conserve Battery","Go for the Eyes","Defragment","Sweeping Beam","Buffer","Conserve Battery+1","Ball Lightning"],"relics":["Cracked Core","DollysMirror","Shuriken","MerchantsRug","Sling","Prayer Wheel","Odd Mushroom","Darkstone Periapt","Anchor","Kunai","hubris:Towel","Incense Burner","Regal Pillow"],"acts_visited":["Exordium","TheCity"],"potions_floor_usage":[7,10,16],"damage_taken":[{"damage":3,"enemies":"Jaw Worm","floor":1,"turns":3},{"damage":6,"enemies":"Cultist","floor":4,"turns":3},{"damage":10,"enemies":"2 Louse","floor":6,"turns":2},{"damage":23,"enemies":"The Mushroom Lair","floor":7,"turns":4},{"damage":10,"enemies":"Replay:BlueRogue","floor":10,"turns":5},{"damage":9,"enemies":"Blue Slaver","floor":12,"turns":4},{"damage":31,"enemies":"Hexaghost","floor":16,"turns":9},{"damage":20,"enemies":"Spheric Guardian","floor":18,"turns":4},{"damage":32,"enemies":"conspire:MimicChest","floor":20,"turns":8},{"damage":20,"enemies":"2 Thieves","floor":21,"turns":4},{"damage":49,"enemies":"Slavers","floor":24,"turns":4}],"seed_played":"5340533862741458315","potions_obtained":[{"floor":4,"key":"Languid Potion"},{"floor":6,"key":"AttackPotion"},{"floor":7,"key":"Energy Potion"},{"floor":20,"key":"Weak Potion"}],"is_trial":false,"path_per_floor":["M","$","?","M","?","M","?","R","T","E","T","M","R","?","R","B",null,"M","?","?","M","$","R","E"],"character_chosen":"DEFECT","items_purchased":["DollysMirror","Shuriken","MerchantsRug","Explosive Potion","Energy Potion","Sling","Regal Pillow"],"campfire_rested":3,"item_purchase_floors":[0,0,0,0,0,2,22],"current_hp_per_floor":[56,56,56,50,75,65,42,64,64,54,54,45,45,45,67,36,75,55,55,23,3,3,40,0,0],"gold":158,"neow_bonus":"","is_daily":false,"chose_seed":false,"campfire_upgraded":1,"win_rate":0.0,"timestamp":1611699043,"path_taken":["M","$","?","?","?","M","?","R","T","E","?","?","R","?","R","BOSS","M","?","?","?","?","R","E"],"items_purchased_type":["Relic","Relic","Relic","Potion","Potion","Relic","Relic"],"build_version":"2020-12-22","purchased_purges":0,"victory":false,"max_hp_per_floor":[75,75,75,75,75,75,75,75,75,75,75,75,75,75,75,75,75,75,75,75,75,75,75,75,75],"card_choices":[{"not_picked":["Genetic Algorithm","Redo"],"picked":"Ball Lightning","floor":1},{"not_picked":["Turbo","Streamline"],"picked":"Go for the Eyes","floor":4},{"not_picked":["Reprogram","Steam","BasicCrystalCard"],"picked":"SKIP","floor":4},{"not_picked":["Meteor Strike","Redo"],"picked":"Capacitor","floor":6},{"not_picked":["Gash","Streamline"],"picked":"Conserve Battery","floor":6},{"not_picked":["Panic Button","Meteor Strike"],"picked":"Go for the Eyes","floor":7},{"not_picked":["Static Discharge","Panic Button"],"picked":"Defragment","floor":10},{"not_picked":["FTL","Barrage"],"picked":"Sweeping Beam","floor":12},{"not_picked":["Force Field","Redo","Leap"],"picked":"SKIP","floor":12},{"not_picked":["hubris:SpecializedCircuitry","Fission"],"picked":"Buffer","floor":16},{"not_picked":["Steam Power","Streamline","Barrage"],"picked":"SKIP","floor":18},{"not_picked":["Biased Cognition","Rebound","ReplayTheSpireMod:Reroute Power"],"picked":"SKIP","floor":18},{"not_picked":["Cold Snap","ReplayTheSpireMod:Dual Polarity"],"picked":"Conserve Battery+1","floor":20},{"not_picked":["Beam Cell+1","Steam"],"picked":"Ball Lightning","floor":21},{"not_picked":["Stack","Turbo","Crystallizer"],"picked":"SKIP","floor":21}],"player_experience":163817,"relics_obtained":[{"floor":7,"key":"Odd Mushroom"},{"floor":9,"key":"Darkstone Periapt"},{"floor":10,"key":"Anchor"},{"floor":11,"key":"Kunai"},{"floor":20,"key":"Incense Burner"}],"event_choices":[{"damage_healed":0,"gold_gain":0,"cards_transformed":["Strike_B"],"player_choice":"Transformed","damage_taken":0,"max_hp_gain":0,"max_hp_loss":0,"event_name":"Transmorgrifier","floor":3,"gold_loss":0,"cards_obtained":["ReplayTheSpireMod:Fabricate Wheel"]},{"damage_healed":25,"gold_gain":0,"player_choice":"Banana","damage_taken":0,"max_hp_gain":0,"max_hp_loss":0,"event_name":"Big Fish","floor":5,"gold_loss":0},{"damage_healed":0,"gold_gain":0,"player_choice":"Fought Mushrooms","damage_taken":0,"max_hp_gain":0,"max_hp_loss":0,"event_name":"Mushrooms","floor":7,"gold_loss":0}],"is_beta":false,"boss_relics":[{"not_picked":["bronze:MakeshiftBattery","Snecko Eye","hubris:BlackHole"]}],"items_purged_floors":[],"is_endless":false,"potions_floor_spawned":[4,6,7,20],"killed_by":"Slavers","ascension_level":0}}