{"host":"3azvxbhvx7nk2p5g","time":1611647854,"event":{"mods":["BaseMod","Minty Spire (QoL Compilation)","StSLib","WarShipGirlsR/’ΩΩ¢…Ÿ≈ÆR mod"],"gold_per_floor":[109,125,137,153,205,205,58,83,106,117,117,117,130,145,145,242,242,262,274,274,292,305,339,354,254,254,306,339,339,374,436,436,574,574,585,622,291,304,304,361,377,377,377,405,21,52,112,112,112,146],"floor_reached":51,"language":"ZHS","playtime":4862,"items_purged":["rmod:strick","rmod:basicallowance","rmod:defend"],"score":855,"play_id":"4406dbef-e48a-40b3-bc72-c949b31d8059","local_time":"20210126155734","is_ascension_mode":false,"campfire_choices":[{"data":"rmod:expeditionaryescort","floor":6.0,"key":"SMITH"},{"data":"rmod:diamondstrike","floor":12.0,"key":"SMITH"},{"data":"rmod:secretscript","floor":15.0,"key":"SMITH"},{"data":"rmod:ridicule","floor":29,"key":"SMITH"},{"floor":32,"key":"REST"},{"floor":42,"key":"REST"},{"floor":49,"key":"RECALL"}],"circlet_count":0,"master_deck":["rmod:defend","rmod:maingunfire","rmod:lastglory","rmod:expeditionaryescort+1","rmod:overbreakdown","rmod:firesupport","rmod:diamondstrike+1","rmod:firesupport","rmod:smokecover","rmod:maintain","rmod:secretscript+1","Blind","rmod:secretscript","rmod:chargemoney","rmod:ridicule+1","rmod:fuelsupply+1","rmod:wife","rmod:firesupport","Discovery","rmod:steelsupply","rmod:aluminumsupply","rmod:spoils","rmod:royalracing+1","rmod:generalist","rmod:diamondstrike+1","rmod:desperatesituation","rmod:expedition+1","rmod:auspiciousomen","rmod:mineteam","rmod:diaomin+1","rmod:gendarmerie+1","rmod:overbreakdown","Bandage Up","rmod:diamondstrike+1"],"relics":["rmod:firstchargereward","Odd Mushroom","Nunchaku","Empty Cage","Bronze Scales","Pear","Dream Catcher","rmod:monthlycard","Boot","Bottled Tornado","Pen Nib","CaptainsWheel","Mummified Hand"],"acts_visited":["Exordium","TheCity","TheBeyond"],"potions_floor_usage":[46,46,46],"damage_taken":[{"damage":2.0,"enemies":"Cultist","floor":1.0,"turns":4.0},{"damage":0.0,"enemies":"2 Louse","floor":2.0,"turns":3.0},{"damage":0.0,"enemies":"Small Slimes","floor":3.0,"turns":3.0},{"damage":0.0,"enemies":"Exordium Thugs","floor":4.0,"turns":5.0},{"damage":3.0,"enemies":"The Mushroom Lair","floor":8.0,"turns":5.0},{"damage":1.0,"enemies":"Exordium Wildlife","floor":10.0,"turns":4.0},{"damage":0.0,"enemies":"Gremlin Gang","floor":13.0,"turns":4.0},{"damage":1.0,"enemies":"2 Fungi Beasts","floor":14.0,"turns":4.0},{"damage":4.0,"enemies":"Slime Boss","floor":16.0,"turns":7.0},{"damage":0.0,"enemies":"Shell Parasite","floor":18.0,"turns":6.0},{"damage":0.0,"enemies":"3 Byrds","floor":19.0,"turns":6.0},{"damage":13,"enemies":"Cultist and Chosen","floor":21,"turns":6},{"damage":1,"enemies":"Shelled Parasite and Fungi","floor":22,"turns":5},{"damage":37,"enemies":"Slavers","floor":23,"turns":7},{"damage":0,"enemies":"Centurion and Healer","floor":24,"turns":5},{"damage":0,"enemies":"Snecko","floor":28,"turns":6},{"damage":0,"enemies":"Snake Plant","floor":30,"turns":5},{"damage":0,"enemies":"Centurion and Healer","floor":31,"turns":5},{"damage":0,"enemies":"Automaton","floor":33,"turns":5},{"damage":0,"enemies":"3 Shapes","floor":35,"turns":3},{"damage":8,"enemies":"3 Darklings","floor":36,"turns":6},{"damage":0,"enemies":"Spire Growth","floor":38,"turns":5},{"damage":22,"enemies":"Giant Head","floor":40,"turns":7},{"damage":28,"enemies":"Sphere and 2 Shapes","floor":41,"turns":5},{"damage":0,"enemies":"Reptomancer","floor":44,"turns":3},{"damage":0,"enemies":"4 Shapes","floor":46,"turns":5},{"damage":0,"enemies":"Nemesis","floor":47,"turns":3},{"damage":33,"enemies":"Awakened One","floor":50,"turns":7}],"seed_played":"-2812218608167007763","potions_obtained":[{"floor":3.0,"key":"Fire Potion"},{"floor":4.0,"key":"Block Potion"},{"floor":13.0,"key":"EssenceOfSteel"},{"floor":46,"key":"Strength Potion"}],"is_trial":false,"path_per_floor":["M","M","M","M","?","R","$","?","T","M","?","R","M","M","R","B",null,"M","M","?","M","M","E","M","$","T","T","M","R","M","M","R","B",null,"M","M","$","M","?","E","M","R","T","E","$","M","E","?","R","B",null],"character_chosen":"PRAEFECT","items_purchased":["rmod:firesupport","rmod:diamondstrike","rmod:auspiciousomen","rmod:mineteam","Bandage Up","CaptainsWheel"],"campfire_rested":2,"item_purchase_floors":[7,7,37,37,45,45],"current_hp_per_floor":[52,52,52,52,52,52,52,49,49,48,48,48,48,47,47,43,75,75,75,75,62,61,24,24,24,34,34,34,34,34,34,59,59,85,85,77,77,77,77,55,27,52,52,52,52,58,64,64,64,37],"gold":146,"neow_bonus":"TRANSFORM_TWO_CARDS","is_daily":false,"chose_seed":false,"campfire_upgraded":4,"win_rate":0.0,"timestamp":1611647854,"path_taken":["M","M","?","M","?","R","$","?","T","M","?","R","?","M","R","BOSS","M","M","?","M","?","E","M","$","T","?","M","R","M","M","R","BOSS","M","M","$","M","?","E","M","R","T","E","$","?","E","?","R","BOSS"],"items_purchased_type":["Card","Card","Card","Card","Card","Relic"],"build_version":"2020-12-22","purchased_purges":3,"victory":true,"max_hp_per_floor":[75,75,75,75,75,75,75,75,75,75,75,75,75,75,75,75,75,75,75,75,75,75,75,75,75,85,85,85,85,85,85,85,85,85,85,85,85,85,85,85,85,85,85,85,85,85,85,85,85,85],"card_choices":[{"not_picked":["rmod:combined","rmod:unsinkable","rmod:generalist"],"picked":"SKIP","floor":1.0},{"not_picked":["rmod:unsinkable","rmod:fuelsupply"],"picked":"rmod:overbreakdown","floor":2.0},{"not_picked":["rmod:supportescort","rmod:tearstotiara","rmod:luckystar"],"picked":"SKIP","floor":3.0},{"not_picked":["rmod:shuttlebombing","rmod:tearstotiara","rmod:victimresponsibility"],"picked":"SKIP","floor":4.0},{"not_picked":["rmod:unsinkable","rmod:aluminumsupply"],"picked":"rmod:firesupport","floor":8.0},{"not_picked":["rmod:rockthrower","rmod:garrisonisland"],"picked":"rmod:smokecover","floor":10.0},{"not_picked":["rmod:smokecover","rmod:chargemoney"],"picked":"rmod:secretscript","floor":13.0},{"not_picked":["rmod:tearstotiara","rmod:sl"],"picked":"rmod:chargemoney","floor":14.0},{"not_picked":["rmod:timeschanged","rmod:supriseattacks"],"picked":"rmod:ridicule","floor":16.0},{"not_picked":["rmod:firesupport","rmod:supportescort"],"picked":"rmod:fuelsupply+1","floor":18.0},{"not_picked":["rmod:aviationdawn+1","rmod:spoils"],"picked":"rmod:wife","floor":19.0},{"not_picked":["rmod:tearstotiara","rmod:selfconfidence+1","rmod:luckystar"],"picked":"SKIP","floor":21},{"not_picked":["rmod:goodfighter","rmod:victimresponsibility"],"picked":"rmod:steelsupply","floor":22},{"not_picked":["rmod:firesupport","rmod:steelsupply"],"picked":"rmod:aluminumsupply","floor":23},{"not_picked":["rmod:aluminumsupply","rmod:firesupport"],"picked":"rmod:spoils","floor":24},{"not_picked":["rmod:selfconfidence","rmod:expeditionaryescort"],"picked":"rmod:royalracing+1","floor":28},{"not_picked":["rmod:aviationdawn","rmod:overbreakdown","rmod:fletcherpendant"],"picked":"SKIP","floor":30},{"not_picked":["rmod:ammunitionsupply+1","rmod:salvage"],"picked":"rmod:generalist","floor":31},{"not_picked":["rmod:steelsupply","rmod:intelligenceanalysis"],"picked":"rmod:diamondstrike+1","floor":32},{"not_picked":["rmod:timeschanged","rmod:stealaluminum"],"picked":"rmod:desperatesituation","floor":33},{"not_picked":["rmod:intelligenceanalysis","rmod:aluminumsupply+1","rmod:unsinkable+1"],"picked":"SKIP","floor":35},{"not_picked":["rmod:shuttlebombing+1","rmod:ammunitionsupply+1"],"picked":"rmod:expedition+1","floor":36},{"not_picked":["rmod:ammunitionsupply+1","rmod:slowdown+1","rmod:bulid+1"],"picked":"SKIP","floor":38},{"not_picked":["rmod:steelsupply+1","rmod:supriseattacks"],"picked":"rmod:diaomin+1","floor":40},{"not_picked":["rmod:intelligenceanalysis","rmod:unsinkable","rmod:expedition+1"],"picked":"SKIP","floor":41},{"not_picked":["rmod:firesupport+1","rmod:combined"],"picked":"rmod:gendarmerie+1","floor":42},{"not_picked":["rmod:supportescort","rmod:aggressivemary","rmod:overbreakdown"],"picked":"SKIP","floor":44},{"not_picked":["rmod:supportescort","rmod:aggressivemary"],"picked":"rmod:overbreakdown","floor":44},{"not_picked":["rmod:tearstotiara+1","rmod:aluminumsupply","rmod:luckystar+1"],"picked":"SKIP","floor":46},{"not_picked":["rmod:chargemoney+1","rmod:combined"],"picked":"rmod:diamondstrike+1","floor":47}],"player_experience":44072,"relics_obtained":[{"floor":8.0,"key":"Odd Mushroom"},{"floor":9.0,"key":"Nunchaku"},{"floor":23,"key":"Bronze Scales"},{"floor":26,"key":"Pear"},{"floor":27,"key":"Dream Catcher"},{"floor":40,"key":"Boot"},{"floor":43,"key":"Bottled Tornado"},{"floor":44,"key":"Pen Nib"},{"floor":47,"key":"Mummified Hand"}],"event_choices":[{"damage_healed":0.0,"max_hp_gain":0.0,"max_hp_loss":0.0,"gold_gain":52.0,"event_name":"Golden Wing","player_choice":"Gained Gold","floor":5.0,"gold_loss":0.0,"damage_taken":0.0},{"damage_healed":0.0,"max_hp_gain":0.0,"max_hp_loss":0.0,"gold_gain":0.0,"event_name":"Mushrooms","player_choice":"Fought Mushrooms","floor":8.0,"gold_loss":0.0,"damage_taken":0.0},{"damage_healed":0.0,"max_hp_gain":0.0,"max_hp_loss":0.0,"gold_gain":0.0,"event_name":"Match and Keep!","player_choice":"3 cards matched","floor":11.0,"gold_loss":0.0,"damage_taken":0.0,"cards_obtained":["rmod:maintain","rmod:secretscript","Blind"]},{"damage_healed":0.0,"max_hp_gain":0.0,"max_hp_loss":0.0,"gold_gain":0.0,"event_name":"Match and Keep!","player_choice":"3 cards matched","floor":11.0,"gold_loss":0.0,"damage_taken":0.0,"cards_obtained":["rmod:maintain","rmod:secretscript","Blind"]},{"damage_healed":0.0,"max_hp_gain":0.0,"max_hp_loss":0.0,"gold_gain":0.0,"event_name":"Match and Keep!","player_choice":"3 cards matched","floor":11.0,"gold_loss":0.0,"damage_taken":0.0,"cards_obtained":["rmod:maintain","rmod:secretscript","Blind"]},{"damage_healed":0,"gold_gain":0,"player_choice":"2 cards matched","damage_taken":0,"max_hp_gain":0,"max_hp_loss":0,"event_name":"Match and Keep!","floor":20,"gold_loss":0,"cards_obtained":["rmod:firesupport","Discovery"]},{"cards_removed":["rmod:defend"],"damage_healed":0,"gold_gain":0,"player_choice":"Card Removal","damage_taken":0,"max_hp_gain":0,"max_hp_loss":0,"event_name":"Wheel of Change","floor":39,"gold_loss":0},{"damage_healed":0,"gold_gain":0,"player_choice":"Ignored","damage_taken":0,"max_hp_gain":0,"max_hp_loss":0,"event_name":"NoteForYourself","floor":48,"gold_loss":0}],"is_beta":false,"boss_relics":[{"not_picked":["SacredBark","Runic Dome"],"picked":"Empty Cage"},{"not_picked":["Snecko Eye","Philosopher\u0027s Stone"],"picked":"rmod:monthlycard"}],"items_purged_floors":[7,25,37],"is_endless":false,"potions_floor_spawned":[3,4,13,18,23,28,33,35,36,44,46],"ascension_level":0}}