{"host":"3qsmo3lm67voi999","time":1611678221,"event":{"mods":["BaseMod","Minty Spire (QoL Compilation)"],"gold_per_floor":[17,17,36,46,0,31,31,31,31,31,46,65,81,114,114,185,185,202,212,127,138,138,178,190,202,214,253,285,308,320,347,359,371,371],"floor_reached":33,"language":"ENG","playtime":1349,"items_purged":[],"score":553,"play_id":"87d85737-ba5f-4e34-8940-c3902e85acc1","local_time":"20210126172341","is_ascension_mode":true,"campfire_choices":[{"data":"Strike_R","floor":7.0,"key":"PURGE"},{"data":"Defend_R","floor":10.0,"key":"PURGE"},{"data":"Armaments","floor":15,"key":"SMITH"},{"floor":25,"key":"REST"},{"floor":30,"key":"REST"},{"floor":32,"key":"REST"}],"circlet_count":0,"master_deck":["AscendersBane","Strike_R","Strike_R","Strike_R","Defend_R","Defend_R","Defend_R","Bash+1","Disarm","Armaments+1","Bludgeon","Reaper","Heavy Blade","Whirlwind","Seeing Red","Havoc+1","Impervious+1","Armaments+1","Body Slam","Writhe","Uppercut","Exhume+1","Spot Weakness+1","Entrench+1"],"relics":["Burning Blood","Peace Pipe","Ornamental Fan","Shuriken","Toxic Egg 2","Philosopher\u0027s Stone","CaptainsWheel","MawBank","Bag of Marbles","Self Forming Clay","Sundial"],"acts_visited":["Exordium","TheCity"],"potions_floor_usage":[14,23,27,29,33],"damage_taken":[{"damage":4.0,"enemies":"Small Slimes","floor":1.0,"turns":4.0},{"damage":6.0,"enemies":"2 Louse","floor":3.0,"turns":4.0},{"damage":7.0,"enemies":"Cultist","floor":4.0,"turns":4.0},{"damage":35.0,"enemies":"Lagavulin","floor":6.0,"turns":6.0},{"damage":0.0,"enemies":"Large Slime","floor":11.0,"turns":4.0},{"damage":14,"enemies":"3 Louse","floor":12,"turns":4},{"damage":21,"enemies":"Exordium Thugs","floor":13,"turns":5},{"damage":35,"enemies":"3 Sentries","floor":14,"turns":7},{"damage":32,"enemies":"The Guardian","floor":16,"turns":10},{"damage":7,"enemies":"3 Byrds","floor":18,"turns":5},{"damage":0,"enemies":"Chosen","floor":19,"turns":3},{"damage":15,"enemies":"3 Cultists","floor":21,"turns":5},{"damage":69,"enemies":"Book of Stabbing","floor":23,"turns":6},{"damage":20,"enemies":"Gremlin Leader","floor":27,"turns":8},{"damage":41,"enemies":"Cultist and Chosen","floor":28,"turns":6},{"damage":22,"enemies":"Snecko","floor":29,"turns":5},{"damage":22,"enemies":"Snake Plant","floor":31,"turns":4},{"damage":60,"enemies":"Automaton","floor":33,"turns":10}],"seed_played":"-5634770763248508558","potions_obtained":[{"floor":4.0,"key":"SteroidPotion"},{"floor":12,"key":"FearPotion"},{"floor":23,"key":"DuplicationPotion"},{"floor":27,"key":"Dexterity Potion"},{"floor":28,"key":"AttackPotion"},{"floor":31,"key":"SneckoOil"}],"is_trial":false,"path_per_floor":["M","?","M","M","?","E","R","?","T","R","M","M","M","E","R","B",null,"M","M","?","M","?","E","?","R","T","E","M","M","R","M","R","B"],"character_chosen":"IRONCLAD","items_purchased":[],"campfire_rested":3,"item_purchase_floors":[],"current_hp_per_floor":[70,70,70,69,69,40,40,40,40,40,46,44,33,31,31,12,59,70,75,75,70,70,14,14,36,36,30,18,8,30,14,36,0,0],"gold":371,"neow_bonus":"ONE_RARE_RELIC","is_daily":false,"chose_seed":false,"campfire_upgraded":1,"win_rate":0.0,"timestamp":1611678221,"path_taken":["M","?","M","M","?","E","R","?","T","R","M","?","M","E","R","BOSS","M","M","?","M","?","E","?","R","T","E","M","M","R","M","R","BOSS"],"items_purchased_type":[],"build_version":"2020-12-22","purchased_purges":0,"victory":false,"max_hp_per_floor":[75,75,75,75,75,75,75,75,75,75,75,75,75,75,75,75,75,75,75,75,75,75,75,75,75,75,75,75,75,75,75,75,75,75],"card_choices":[{"not_picked":["Twin Strike","Clothesline"],"picked":"Disarm","floor":1.0},{"not_picked":["Sword Boomerang","Flex"],"picked":"Armaments","floor":3.0},{"not_picked":["Flex","Clash"],"picked":"Bludgeon","floor":4.0},{"not_picked":["Dual Wield","Twin Strike"],"picked":"Reaper","floor":6.0},{"not_picked":["Flex","Cleave"],"picked":"Heavy Blade","floor":11.0},{"not_picked":["Body Slam","Warcry"],"picked":"Whirlwind","floor":12},{"not_picked":["Thunderclap","Clash"],"picked":"Seeing Red","floor":13},{"not_picked":["Bludgeon","Entrench+1"],"picked":"Havoc+1","floor":14},{"not_picked":["Feed","Berserk"],"picked":"Impervious+1","floor":16},{"not_picked":["Havoc+1","Clash"],"picked":"Armaments+1","floor":18},{"not_picked":["Clothesline","Havoc+1"],"picked":"Body Slam","floor":19},{"not_picked":["Clash","Clothesline","Anger"],"picked":"SKIP","floor":21},{"not_picked":["Metallicize","Pommel Strike"],"picked":"Uppercut","floor":23},{"not_picked":["Carnage","Body Slam+1"],"picked":"Exhume+1","floor":27},{"not_picked":["Anger","Pummel","True Grit+1"],"picked":"SKIP","floor":28},{"not_picked":["Thunderclap","Armaments+1"],"picked":"Spot Weakness+1","floor":29},{"not_picked":["Headbutt","Twin Strike"],"picked":"Entrench+1","floor":31}],"player_experience":348333,"relics_obtained":[{"floor":6.0,"key":"Ornamental Fan"},{"floor":9.0,"key":"Shuriken"},{"floor":14,"key":"Toxic Egg 2"},{"floor":23,"key":"Bag of Marbles"},{"floor":26,"key":"Self Forming Clay"},{"floor":27,"key":"Sundial"}],"event_choices":[{"damage_healed":0.0,"max_hp_gain":0.0,"max_hp_loss":0.0,"gold_gain":0.0,"event_name":"Living Wall","player_choice":"Grow","floor":2.0,"gold_loss":0.0,"damage_taken":0.0,"cards_upgraded":["Bash"]},{"damage_healed":0.0,"max_hp_gain":0.0,"max_hp_loss":0.0,"gold_gain":0.0,"event_name":"World of Goop","player_choice":"Left Gold","floor":5.0,"gold_loss":46.0,"damage_taken":0.0},{"cards_removed":["Strike_R"],"damage_healed":0.0,"max_hp_gain":0.0,"max_hp_loss":0.0,"gold_gain":0.0,"event_name":"Purifier","player_choice":"Purged","floor":8.0,"gold_loss":0.0,"damage_taken":0.0},{"damage_healed":0,"gold_gain":0,"player_choice":"Obtained Relic","damage_taken":0,"relics_obtained":["CaptainsWheel"],"max_hp_gain":0,"max_hp_loss":0,"event_name":"Addict","floor":20,"gold_loss":85},{"damage_healed":0,"gold_gain":0,"player_choice":"Opened","damage_taken":0,"relics_obtained":["MawBank"],"max_hp_gain":0,"max_hp_loss":0,"event_name":"The Mausoleum","floor":22,"gold_loss":0,"cards_obtained":["Writhe"]},{"damage_healed":0,"gold_gain":0,"player_choice":"Ignored","damage_taken":0,"max_hp_gain":0,"max_hp_loss":0,"event_name":"Cursed Tome","floor":24,"gold_loss":0}],"is_beta":false,"boss_relics":[{"not_picked":["Black Blood","Calling Bell"],"picked":"Philosopher\u0027s Stone"}],"items_purged_floors":[],"is_endless":false,"potions_floor_spawned":[4,12,13,23,27,28,31],"killed_by":"Automaton","ascension_level":17}}