{"host":"vyjryxuuuxkt43k4","time":1611674802,"event":{"mods":["AchievementEnabler","BaseMod","Colored Map","DeckTracker","Keyboard Shortcuts","Minty Spire (QoL Compilation)","Permanent Neow","Quick Restart","Rare Cards Sparkle","StSLib","SuperFastMode","everything is the same but u backflip on backflip"],"gold_per_floor":[110,130,149,114,19,19,46,46,46,59,59,59,88,88,88,161,161,180,191,28,38,38,38,57,83,157,172,199,199,199],"floor_reached":29,"language":"KOR","playtime":925,"items_purged":[],"score":546,"play_id":"09e24d09-c1ab-4b7f-bfcf-b14720ac7545","local_time":"20210127002642","is_ascension_mode":true,"campfire_choices":[{"data":"Perfected Strike","floor":6.0,"key":"SMITH"},{"data":"Double Tap","floor":8.0,"key":"SMITH"},{"data":"Battle Trance","floor":11.0,"key":"SMITH"},{"data":"Disarm","floor":15.0,"key":"SMITH"},{"floor":23.0,"key":"REST"}],"circlet_count":0,"master_deck":["AscendersBane","Strike_R","Strike_R","Strike_R","Strike_R","Strike_R","Defend_R","Defend_R","Defend_R","Defend_R","Bash","Double Tap+1","Battle Trance+1","Perfected Strike+1","Disarm+1","Feel No Pain","Wild Strike","Pommel Strike","Infernal Blade+1","Limit Break+1","Cleave+1","Perfected Strike","Pommel Strike","Disarm+1","Decay","Perfected Strike","Wild Strike"],"relics":["Burning Blood","Peace Pipe","Matryoshka","Regal Pillow","Du-Vu Doll","Toxic Egg 2","Cursed Key","Medical Kit","Girya","Bag of Marbles","Shuriken","Toy Ornithopter"],"acts_visited":["Exordium","TheCity"],"potions_floor_usage":[29,29],"damage_taken":[{"damage":7.0,"enemies":"Small Slimes","floor":1.0,"turns":4.0},{"damage":21.0,"enemies":"Jaw Worm","floor":2.0,"turns":5.0},{"damage":7.0,"enemies":"2 Louse","floor":3.0,"turns":6.0},{"damage":13.0,"enemies":"Lagavulin","floor":7.0,"turns":4.0},{"damage":20.0,"enemies":"Lots of Slimes","floor":10.0,"turns":4.0},{"damage":8.0,"enemies":"Gremlin Nob","floor":13.0,"turns":3.0},{"damage":50.0,"enemies":"Slime Boss","floor":16.0,"turns":9.0},{"damage":25.0,"enemies":"2 Thieves","floor":18.0,"turns":4.0},{"damage":29.0,"enemies":"Shell Parasite","floor":19.0,"turns":3.0},{"damage":14.0,"enemies":"Centurion and Healer","floor":21.0,"turns":3.0},{"damage":0.0,"enemies":"Snake Plant","floor":24.0,"turns":1.0},{"damage":48.0,"enemies":"Gremlin Leader","floor":25.0,"turns":4.0},{"damage":12.0,"enemies":"3 Cultists","floor":27.0,"turns":4.0},{"damage":13.0,"enemies":"Book of Stabbing","floor":28.0,"turns":2.0},{"damage":19,"enemies":"Shelled Parasite and Fungi","floor":29,"turns":2}],"seed_played":"311504455065676365","potions_obtained":[{"floor":1.0,"key":"SkillPotion"},{"floor":10.0,"key":"Fruit Juice"},{"floor":13.0,"key":"Ancient Potion"},{"floor":24.0,"key":"Strength Potion"},{"floor":25.0,"key":"SneckoOil"},{"floor":28.0,"key":"PowerPotion"}],"is_trial":false,"path_per_floor":["M","M","M","?","$","R","E","R","T","M","R","T","E","?","R","B",null,"M","M","$","M","$","R","M","E","T","M","E","M"],"character_chosen":"IRONCLAD","items_purchased":["Feel No Pain","Wild Strike","Medical Kit"],"campfire_rested":1,"item_purchase_floors":[5,5,20],"current_hp_per_floor":[49,34,33,51,51,51,44,44,44,35,35,35,33,80,80,36,69,50,27,27,19,19,58,64,22,22,16,9,0,0],"gold":199,"neow_bonus":"THREE_RARE_CARDS","is_daily":false,"chose_seed":false,"campfire_upgraded":4,"win_rate":0.0,"timestamp":1611674802,"path_taken":["M","M","M","?","$","R","E","R","T","M","R","?","E","?","R","BOSS","M","M","$","M","?","R","M","E","T","M","E","M"],"items_purchased_type":["Card","Card","Relic"],"build_version":"2020-12-22","purchased_purges":0,"victory":false,"max_hp_per_floor":[75,75,75,75,75,75,75,75,75,80,80,80,80,80,80,80,80,80,80,80,80,80,80,80,80,80,80,80,80,80],"card_choices":[{"not_picked":["Offering","Corruption"],"picked":"Double Tap","floor":0.0},{"not_picked":["Reckless Charge","Twin Strike"],"picked":"Battle Trance","floor":1.0},{"not_picked":["Thunderclap","Whirlwind"],"picked":"Perfected Strike","floor":2.0},{"not_picked":["Evolve","Headbutt"],"picked":"Disarm","floor":3.0},{"not_picked":["Infernal Blade","Dark Embrace"],"picked":"Pommel Strike","floor":7.0},{"not_picked":["Clash","Rampage","Uppercut"],"picked":"SKIP","floor":10.0},{"not_picked":["Pummel","Thunderclap"],"picked":"Infernal Blade+1","floor":13.0},{"not_picked":["Fiend Fire","Berserk"],"picked":"Limit Break+1","floor":16.0},{"not_picked":["Body Slam","Combust"],"picked":"Cleave+1","floor":18.0},{"not_picked":["Cleave","Searing Blow","Iron Wave"],"picked":"SKIP","floor":19.0},{"not_picked":["Armaments+1","Havoc+1"],"picked":"Perfected Strike","floor":21.0},{"not_picked":["Disarm+1","Entrench+1"],"picked":"Pommel Strike","floor":24.0},{"not_picked":["Clash+1","Headbutt"],"picked":"Disarm+1","floor":25.0},{"not_picked":["Headbutt","Armaments+1"],"picked":"Perfected Strike","floor":27.0},{"not_picked":["Whirlwind","Reckless Charge"],"picked":"Wild Strike","floor":28.0}],"player_experience":383572,"relics_obtained":[{"floor":7.0,"key":"Peace Pipe"},{"floor":9.0,"key":"Matryoshka"},{"floor":12.0,"key":"Regal Pillow"},{"floor":12.0,"key":"Du-Vu Doll"},{"floor":13.0,"key":"Toxic Egg 2"},{"floor":25.0,"key":"Girya"},{"floor":26.0,"key":"Bag of Marbles"},{"floor":26.0,"key":"Shuriken"},{"floor":28.0,"key":"Toy Ornithopter"}],"event_choices":[{"damage_healed":18.0,"max_hp_gain":0.0,"max_hp_loss":0.0,"gold_gain":0.0,"event_name":"The Cleric","player_choice":"Healed","floor":4.0,"gold_loss":35.0,"damage_taken":0.0},{"damage_healed":47.0,"max_hp_gain":0.0,"max_hp_loss":0.0,"gold_gain":0.0,"event_name":"Wheel of Change","player_choice":"Full Heal","floor":14.0,"gold_loss":0.0,"damage_taken":0.0}],"is_beta":false,"boss_relics":[{"not_picked":["Astrolabe","Tiny House"],"picked":"Cursed Key"}],"items_purged_floors":[],"is_endless":false,"potions_floor_spawned":[1,10,13,24,25,28],"killed_by":"Shelled Parasite and Fungi","ascension_level":20}}