{"host":"o3nki8hvugtioqst","time":1611678465,"event":{"mods":["AchievementEnabler","BaseMod","Colored Powertips","Downfall","Minty Spire (QoL Compilation)","Quick Restart","Rare Cards Sparkle","StSLib","SuperFastMode"],"gold_per_floor":[116,130,140,150,161,161,239,339,339,359,359,125,139,169,169,267,267,284,299,299,299,299,299,299,309,309,323,323,323,323,153,173,272,272,272,284,301,316,328,328,373,389,415,215,226,30,30,42,57,57],"floor_reached":51,"language":"ENG","playtime":2723,"items_purged":["champ:Defend"],"score":730,"play_id":"c78cba2e-f93f-436c-b3f9-e2766665b902","local_time":"20210126182745","is_ascension_mode":false,"campfire_choices":[{"data":"champ:Execute","floor":6.0,"key":"SMITH"},{"data":"Heavy Blade","floor":15.0,"key":"SMITH"},{"floor":26,"key":"REST"},{"data":"Feed","floor":28,"key":"SMITH"},{"data":"champ:EnragedBash","floor":30,"key":"SMITH"},{"floor":35,"key":"RECALL"},{"floor":44,"key":"REST"}],"circlet_count":1,"master_deck":["champ:Strike+1","champ:Strike+1","champ:Strike+1","champ:Strike+1","champ:Defend+1","champ:Defend+1","champ:Defend+1","champ:Execute+1","champ:Taunt","champ:Duel","champ:DeathBlow","champ:AdrenalArmor","champ:Shatter","champ:CrownThrow","Feed+1","Heavy Blade+1","champ:MurderStrike","champ:EnGarde+1","champ:CrownThrow+1","downfall:Bewildered","champ:EnragedBash+1","champ:CrookedStrike","champ:CheapShot","champ:BladeFlurry","champ:ArenaPreparation+1","champ:FanOfKnives+1","champ:StanceDance+1","champ:GladiatorStyle","champ:ShieldWall","expansioncontent:YouAreMine","expansioncontent:Hexaburn","expansioncontent:HyperBeam","champ:RapidStrikes+1","Parasite","champ:DeathBlow+1","champ:ShieldWall+1","expansioncontent:QuickStudy","champ:ShieldWall+1","champ:PreemptiveStrike+1","champ:TornadoPunch+1"],"relics":["Pantograph","CloakClasp","Circlet","Lee\u0027s Waffle","Prayer Wheel","SlaversCollar","sneckomod:BabySnecko","champ:FightingForDummies","Mercury Hourglass","Orichalcum","Fusion Hammer","Toy Ornithopter","downfall:HeartBlessingBlue","downfall:HeartBlessingRed"],"acts_visited":["Exordium","TheCity","TheBeyond"],"potions_floor_usage":[33,48,50,50,50],"damage_taken":[{"damage":24.0,"enemies":"Cultist","floor":1.0,"turns":4.0},{"damage":12.0,"enemies":"2 Louse","floor":2.0,"turns":3.0},{"damage":16.0,"enemies":"Jaw Worm","floor":3.0,"turns":3.0},{"damage":41.0,"enemies":"Large Slime","floor":4.0,"turns":5.0},{"damage":20.0,"enemies":"Lots of Slimes","floor":5.0,"turns":4.0},{"damage":54.0,"enemies":"Lots of Slimes","floor":8.0,"turns":6.0},{"damage":28.0,"enemies":"Exordium Thugs","floor":10.0,"turns":5.0},{"damage":23.0,"enemies":"downfall:FleeingMerchant","floor":12.0,"turns":4.0},{"damage":30.0,"enemies":"Large Slime","floor":13.0,"turns":4.0},{"damage":41.0,"enemies":"Gremlin Nob","floor":14.0,"turns":5.0},{"damage":71.0,"enemies":"DF_ARCHETYPE_STREAMLINE","floor":16.0,"turns":11.0},{"damage":33.0,"enemies":"3 Byrds","floor":18.0,"turns":8.0},{"damage":93.0,"enemies":"Centurion and Healer","floor":19.0,"turns":10.0},{"damage":18,"enemies":"Snake Plant","floor":25,"turns":4},{"damage":27,"enemies":"Sentry and Sphere","floor":27,"turns":5},{"damage":25,"enemies":"downfall:FleeingMerchant","floor":31,"turns":4},{"damage":25,"enemies":"Centurion and Healer","floor":32,"turns":5},{"damage":46,"enemies":"SI_MIRROR_ARCHETYPE","floor":33,"turns":8},{"damage":41,"enemies":"3 Darklings","floor":36,"turns":11},{"damage":10,"enemies":"3 Shapes","floor":37,"turns":5},{"damage":82,"enemies":"Writhing Mass","floor":38,"turns":10},{"damage":95,"enemies":"Spire Growth","floor":39,"turns":4},{"damage":20,"enemies":"Transient","floor":42,"turns":5},{"damage":33,"enemies":"Writhing Mass","floor":45,"turns":7},{"damage":30,"enemies":"downfall:FleeingMerchant","floor":46,"turns":4},{"damage":16,"enemies":"3 Darklings","floor":48,"turns":3},{"damage":16,"enemies":"Spire Growth","floor":49,"turns":4},{"damage":68,"enemies":"IC_BLOCK_ARCHETYPE","floor":50,"turns":9}],"seed_played":"8138716897484681001","potions_obtained":[{"floor":1.0,"key":"Elixir"},{"floor":3.0,"key":"hexamod:SoulburnPotion"},{"floor":4.0,"key":"Milkshake"},{"floor":5.0,"key":"BlessingOfTheForge"},{"floor":14.0,"key":"hexamod:SoulburnPotion"},{"floor":32,"key":"Energy Potion"},{"floor":36,"key":"BlessingOfTheForge"},{"floor":42,"key":"DistilledChaos"},{"floor":48,"key":"CultistPotion"}],"is_trial":false,"path_per_floor":["M","M","M","M","M","R","T","?","?","M","?","$","M","E","R","B",null,"M","M","?","?","?","?","T","M","R","M","R","?","R","$","M","B",null,"R","M","M","M","M","?","T","M","?","R","M","$","?","M","M","B",null],"character_chosen":"THE_CHAMP","items_purchased":["Lee\u0027s Waffle","Orichalcum","expansioncontent:QuickStudy"],"campfire_rested":2,"item_purchase_floors":[12,31,46],"current_hp_per_floor":[95,93,87,76,66,66,66,32,32,30,30,106,109,94,94,89,109,105,76,52,52,52,52,52,47,83,76,76,76,76,76,76,94,127,127,120,120,73,48,38,38,38,38,90,77,77,77,85,84,86],"gold":57,"neow_bonus":"TEN_PERCENT_HP_BONUS","is_daily":false,"chose_seed":false,"campfire_upgraded":4,"win_rate":0.0,"timestamp":1611678465,"path_taken":["M","M","M","M","?","R","T","?","?","?","?","$","?","E","R","BOSS","M","M","?","?","?","?","T","?","R","?","R","?","R","?","M","BOSS","R","M","M","M","?","?","T","M","?","R","M","$","?","?","M","BOSS"],"items_purchased_type":["Relic","Relic","Card"],"build_version":"2020-12-22","purchased_purges":1,"victory":true,"max_hp_per_floor":[99,99,99,99,99,99,99,99,99,99,99,106,109,109,109,109,109,112,115,120,120,120,120,120,123,123,123,123,123,123,123,123,127,127,127,131,131,131,131,131,131,131,131,141,141,141,138,142,142,142],"card_choices":[{"not_picked":["champ:FanOfKnives","champ:Encircle"],"picked":"champ:Duel","floor":1.0},{"not_picked":["champ:FocusedDefense","champ:FocusedBerserking"],"picked":"champ:DeathBlow","floor":2.0},{"not_picked":["champ:Circumvent","champ:FlashCut"],"picked":"champ:AdrenalArmor","floor":3.0},{"not_picked":["champ:DefensiveShout","champ:FanOfKnives"],"picked":"champ:Shatter","floor":4.0},{"not_picked":["champ:RecklessLeap","champ:Circumvent","champ:PerfectedStrike"],"picked":"SKIP","floor":5.0},{"not_picked":["champ:StanceDance","champ:FanOfKnives"],"picked":"champ:CrownThrow","floor":8.0},{"not_picked":["champ:RecklessLeap","champ:StanceDance"],"picked":"Feed","floor":10.0},{"not_picked":["champ:Shatter","champ:DeathBlow"],"picked":"Heavy Blade","floor":12.0},{"not_picked":["champ:Shatter","Twin Strike","champ:StanceDance"],"picked":"SKIP","floor":13.0},{"not_picked":["champ:FaceSlap","champ:VampiricStrike"],"picked":"champ:MurderStrike","floor":14.0},{"not_picked":["champ:PreciseThrust","champ:HeartStrike"],"picked":"champ:EnGarde+1","floor":18.0},{"not_picked":["champ:BringItOn","champ:FlashCut"],"picked":"champ:CrownThrow+1","floor":18.0},{"not_picked":["champ:TornadoPunch","champ:PreciseThrust+1","champ:Haymaker"],"picked":"SKIP","floor":19.0},{"not_picked":["champ:CrownThrow","champ:Backstep","champ:Shatter"],"picked":"SKIP","floor":19.0},{"not_picked":["champ:FlashCut","champ:Devastate","champ:PreemptiveStrike"],"picked":"SKIP","floor":25},{"not_picked":["champ:CrownThrow","champ:FocusedDefense","champ:DefensiveShout"],"picked":"SKIP","floor":25},{"not_picked":["champ:Shatter","champ:EnGarde+1"],"picked":"champ:EnragedBash","floor":27},{"not_picked":["champ:Haymaker","champ:RisingSlash","champ:CrownThrow+1"],"picked":"SKIP","floor":27},{"not_picked":["champ:DefensiveShout","champ:FanOfKnives"],"picked":"champ:CrookedStrike","floor":31},{"not_picked":["champ:BringItOn","champ:DeathBlow","champ:CrownThrow"],"picked":"SKIP","floor":32},{"not_picked":["champ:Shatter","champ:Circumvent","champ:HeavySlash"],"picked":"SKIP","floor":32},{"not_picked":["champ:GladiatorForm","champ:TripleStrike"],"picked":"champ:CheapShot","floor":33},{"not_picked":["champ:StanceDance","champ:Haymaker+1"],"picked":"champ:BladeFlurry","floor":36},{"not_picked":["champ:EnragedBash","champ:AdrenalArmor"],"picked":"champ:ArenaPreparation+1","floor":36},{"not_picked":["champ:Shatter+1","champ:BladeFlurry+1"],"picked":"champ:FanOfKnives+1","floor":37},{"not_picked":["champ:Improvising","champ:PreemptiveStrike","champ:BladeFlurry+1"],"picked":"SKIP","floor":37},{"not_picked":["champ:CrownThrow","champ:PreciseThrust"],"picked":"champ:StanceDance+1","floor":38},{"not_picked":["champ:Lariat","champ:AdrenalArmor+1","champ:DefensiveShout+1"],"picked":"SKIP","floor":38},{"not_picked":["champ:PerfectedStrike","champ:Duel"],"picked":"champ:GladiatorStyle","floor":39},{"not_picked":["champ:GutPunch","champ:PerfectedStrike+1"],"picked":"champ:ShieldWall","floor":39},{"not_picked":["expansioncontent:PrepareCrush","expansioncontent:PolyBeam"],"picked":"expansioncontent:YouAreMine","floor":40},{"not_picked":["expansioncontent:AwakenDeath","expansioncontent:Chronoboost"],"picked":"expansioncontent:Hexaburn","floor":40},{"not_picked":["expansioncontent:PrepareCrush","expansioncontent:Hexaburn"],"picked":"expansioncontent:HyperBeam","floor":40},{"not_picked":["champ:GutPunch+1","champ:EnragedBash"],"picked":"champ:RapidStrikes+1","floor":42},{"not_picked":["champ:CrookedStrike","champ:FaceSlap+1","champ:PreemptiveStrike+1"],"picked":"SKIP","floor":42},{"not_picked":["champ:FaceSlap+1","champ:Endure"],"picked":"champ:DeathBlow+1","floor":45},{"not_picked":["champ:RisingSlash+1","champ:BladeFlurry"],"picked":"champ:ShieldWall+1","floor":45},{"not_picked":["champ:Backstep","champ:CrownThrow","champ:PreciseThrust"],"picked":"SKIP","floor":46},{"not_picked":["champ:Backstep+1","champ:Shatter"],"picked":"champ:ShieldWall+1","floor":48},{"not_picked":["champ:Encircle","champ:DeathBlow"],"picked":"champ:PreemptiveStrike+1","floor":48},{"not_picked":["champ:RisingSlash","champ:RapidStrikes"],"picked":"champ:TornadoPunch+1","floor":49},{"not_picked":["champ:Haymaker","champ:DancingMaster","champ:FanOfKnives"],"picked":"SKIP","floor":49}],"player_experience":253229,"relics_obtained":[{"floor":7.0,"key":"Pantograph"},{"floor":8.0,"key":"CloakClasp"},{"floor":14.0,"key":"Prayer Wheel"},{"floor":24,"key":"Mercury Hourglass"},{"floor":43,"key":"Toy Ornithopter"}],"event_choices":[],"is_beta":false,"boss_relics":[{"not_picked":["Calling Bell","Kintsugi"],"picked":"SlaversCollar"},{"not_picked":["Circlet","Circlet"],"picked":"Fusion Hammer"}],"items_purged_floors":[12],"is_endless":false,"potions_floor_spawned":[1,3,4,5,14,18,27,32,36,42,48],"ascension_level":0}}