{"host":"4evnc443c98ww2zl","time":1611629411,"event":{"mods":["BaseMod","Better Third Choice","Hermit","Koishi","Luminous","Minty Spire (QoL Compilation)","Remilia??????","Robot Space Explorer","StSLib","The Administrix","The Bug Knight","The Cursed","TheSwordswoman"],"gold_per_floor":[115,131,131,131,150,188,188,222,245,245,268,308,334,382,382,520,520,538,572,265,265,79,112,211,252,279,302,302,302],"floor_reached":28,"language":"ENG","playtime":1843,"items_purged":[],"score":334,"play_id":"f9dc7a17-fe3b-4e83-a6cd-65cfbf272ccf","local_time":"20210125205011","daily_mods":["SealedDeck","Diverse","Colorless Cards","Heirloom","DeadlyEvents","Elite Swarm"],"is_ascension_mode":false,"campfire_choices":[{"floor":7,"key":"RECALL"},{"floor":10,"key":"REST"},{"floor":15,"key":"REST"}],"circlet_count":0,"master_deck":["AdministrixMod:PlateOfAntiquity","Dodge and Roll","hermit:WideOpen","HollowMod:SoulStrike","AdministrixMod:RebukeDesires","Luminous:Light_Track","hermit:Dive","Flying Knee","TheCursedMod:SmokeScreen","Stigmanizer","Dramatic Entrance","TheCursedMod:FleshFromBone+1","Injury","Cleave","blazmod:AlmightyPassage","RobotSpaceExplorer:StunGrenade","Judgement","Adrenaline","Magnetism","hermit:HighCaliber","Prostrate+1","TheCursedMod:Stigma","Poisoned Stab"],"relics":["AdministrixMod:ConductorRitualBaton","StoneCalendar","Toy Ornithopter","Golden Idol","ScarletDevilRocket","Mummified Hand","HollowMod:PaleOreRelic","CeramicFish","Lantern","Busted Crown","Lee\u0027s Waffle","AdministrixMod:PrescriptionBottle","Membership Card","Strawberry","Mercury Hourglass","War Paint"],"acts_visited":["Exordium","TheCity"],"potions_floor_usage":[6,6,8,16,19],"damage_taken":[{"damage":12,"enemies":"2 Louse","floor":1,"turns":3},{"damage":0,"enemies":"Small Slimes","floor":2,"turns":2},{"damage":3,"enemies":"Jaw Worm","floor":5,"turns":3},{"damage":15,"enemies":"Lagavulin","floor":6,"turns":5},{"damage":4,"enemies":"HollowMod:MossKnight","floor":8,"turns":4},{"damage":3,"enemies":"Large Slime","floor":11,"turns":4},{"damage":11,"enemies":"Lagavulin","floor":12,"turns":7},{"damage":9,"enemies":"Gremlin Nob","floor":14,"turns":3},{"damage":0,"enemies":"Slime Boss","floor":16,"turns":6},{"damage":7,"enemies":"Shell Parasite","floor":18,"turns":2},{"damage":0,"enemies":"2 Thieves","floor":19,"turns":1},{"damage":28,"enemies":"Slavers","floor":23,"turns":5},{"damage":32,"enemies":"Book of Stabbing","floor":25,"turns":4},{"damage":11,"enemies":"Snake Plant","floor":27,"turns":3},{"damage":14,"enemies":"Slavers","floor":28,"turns":1}],"seed_played":"-3714023586427006440","potions_obtained":[{"floor":2,"key":"BlessingOfTheForge"},{"floor":5,"key":"Fire Potion"},{"floor":6,"key":"Energy Potion"},{"floor":14,"key":"SteroidPotion"},{"floor":16,"key":"Explosive Potion"},{"floor":23,"key":"AdministrixMod:AttunementTonic"}],"is_trial":true,"path_per_floor":["M","M","?","?","M","E","R","E","T","R","M","E","T","E","R","B",null,"M","M","$","?","$","E","?","E","T","M","E"],"character_chosen":"TheAdministrix","items_purchased":["Lee\u0027s Waffle","AdministrixMod:PrescriptionBottle","Membership Card","Prostrate","TheCursedMod:Stigma"],"campfire_rested":2,"item_purchase_floors":[20,20,22,22,22],"current_hp_per_floor":[53,53,46,46,43,38,38,39,39,58,55,44,44,35,54,59,65,58,63,72,72,72,51,51,19,19,8,0,0],"gold":302,"neow_bonus":"","is_daily":false,"chose_seed":false,"campfire_upgraded":0,"win_rate":0.0,"timestamp":1611629411,"path_taken":["M","M","?","?","M","E","R","E","T","R","M","E","?","?","R","BOSS","M","M","$","?","$","E","?","E","T","?","?"],"items_purchased_type":["Relic","Relic","Relic","Card","Card"],"build_version":"2020-12-22","purchased_purges":0,"victory":false,"max_hp_per_floor":[65,65,65,65,65,65,65,65,65,65,65,65,65,65,65,65,65,65,65,72,72,72,79,79,79,79,79,79,79],"card_choices":[{"not_picked":["Deflect","Body Slam"],"picked":"Dramatic Entrance","floor":1},{"not_picked":["blazmod:FleetOfFoot","Backflip"],"picked":"TheCursedMod:FleshFromBone","floor":2},{"not_picked":["hermit:Vantage","Turbo"],"picked":"Cleave","floor":5},{"not_picked":["blazmod:MindAtPeace","hermit:RoundhouseKick"],"picked":"blazmod:AlmightyPassage","floor":6},{"not_picked":["Koishi:RollingInRichesHeart","blazmod:NaturesBeauty","TheCursedMod:UltimatePain"],"picked":"SKIP","floor":8},{"not_picked":["hermit:SprayPray","RobotSpaceExplorer:MiniBoosters"],"picked":"RobotSpaceExplorer:StunGrenade","floor":11},{"not_picked":["Luminous:Chaos_Field_Luminous","hermit:EternalForm"],"picked":"Judgement","floor":12},{"not_picked":["Luminous:Balance_Aether_Conduit","BatForm"],"picked":"Adrenaline","floor":14},{"not_picked":["AdministrixMod:FearOfDeath","Koishi:ConfinedInnocent"],"picked":"Magnetism","floor":16},{"not_picked":["TheCursedMod:Evocation"],"picked":"SKIP","floor":18},{"not_picked":[],"picked":"hermit:HighCaliber","floor":19},{"not_picked":["TransientEternity"],"picked":"SKIP","floor":23},{"not_picked":["HollowMod:HerrahsAnger"],"picked":"SKIP","floor":25},{"not_picked":[],"picked":"Poisoned Stab","floor":27}],"player_experience":1109309,"relics_obtained":[{"floor":6,"key":"ScarletDevilRocket"},{"floor":8,"key":"Mummified Hand"},{"floor":12,"key":"HollowMod:PaleOreRelic"},{"floor":13,"key":"CeramicFish"},{"floor":14,"key":"Lantern"},{"floor":23,"key":"Strawberry"},{"floor":25,"key":"Mercury Hourglass"},{"floor":26,"key":"War Paint"}],"event_choices":[{"damage_healed":0,"gold_gain":0,"player_choice":"Relic ","damage_taken":7,"max_hp_gain":0,"max_hp_loss":0,"event_name":"betterThird:BetterScrap","floor":3,"gold_loss":0,"cards_obtained":["Melter"]},{"damage_healed":0,"gold_gain":0,"player_choice":"Take Wound","damage_taken":0,"relics_obtained":["Golden Idol"],"max_hp_gain":0,"max_hp_loss":0,"event_name":"Golden Idol","floor":4,"gold_loss":0,"cards_obtained":["Injury"]},{"damage_healed":0,"gold_gain":99,"player_choice":"Steal","damage_taken":0,"max_hp_gain":0,"max_hp_loss":0,"event_name":"betterThird:BetterNest","floor":24,"gold_loss":0}],"is_beta":false,"boss_relics":[{"not_picked":["Empty Cage","Black Star"],"picked":"Busted Crown"}],"items_purged_floors":[],"is_endless":false,"potions_floor_spawned":[2,5,6,14,16,23],"killed_by":"Slavers","ascension_level":0}}