{"host":"vhkb6vx6yafo1fpa","time":1611633907,"event":{"mods":["BaseMod","Colored Map","Custom Start","Minty Spire (QoL Compilation)","Quick Restart","StSLib","SuperFastMode"],"gold_per_floor":[111,261,261,261,30,66,66,102,102,146,146,162,178,25,25,114,114,127,140,120,139,139,139],"floor_reached":22,"language":"KOR","playtime":517,"items_purged":["Doubt"],"score":441,"play_id":"83618023-b6e3-4726-a7a6-7c348717819f","local_time":"20210126130506","is_ascension_mode":true,"campfire_choices":[{"data":"Darkness","floor":7.0,"key":"SMITH"},{"data":"Dualcast","floor":11.0,"key":"SMITH"},{"data":"Glacier","floor":15.0,"key":"SMITH"}],"circlet_count":0,"master_deck":["AscendersBane","Strike_B","Strike_B","Strike_B","Strike_B","Defend_B","Defend_B","Defend_B","Defend_B","Zap","Dualcast+1","Darkness+1","Compile Driver","Doom and Gloom","Glacier+1","Core Surge"],"relics":["Cracked Core","NeowsBlessing","Golden Idol","DataDisk","Shuriken","Pear","Singing Bowl","Lantern","Membership Card","SacredBark"],"acts_visited":["Exordium","TheCity"],"potions_floor_usage":[],"damage_taken":[{"damage":0.0,"enemies":"Jaw Worm","floor":1.0,"turns":1.0},{"damage":0.0,"enemies":"Gremlin Nob","floor":6.0,"turns":1.0},{"damage":0.0,"enemies":"3 Sentries","floor":8.0,"turns":1.0},{"damage":25.0,"enemies":"Lagavulin","floor":10.0,"turns":7.0},{"damage":6.0,"enemies":"2 Louse","floor":12.0,"turns":2.0},{"damage":0.0,"enemies":"Cultist","floor":13.0,"turns":2.0},{"damage":22.0,"enemies":"The Guardian","floor":16.0,"turns":14.0},{"damage":21.0,"enemies":"3 Byrds","floor":18.0,"turns":5.0},{"damage":18,"enemies":"Shell Parasite","floor":19,"turns":7},{"damage":21,"enemies":"3 Cultists","floor":21,"turns":5},{"damage":20,"enemies":"Shelled Parasite and Fungi","floor":22,"turns":1}],"seed_played":"7404230308099487666","potions_obtained":[{"floor":1.0,"key":"EntropicBrew"},{"floor":6.0,"key":"Dexterity Potion"}],"is_trial":false,"path_per_floor":["M","?","?","?","$","E","R","E","T","E","R","M","M","$","R","B",null,"M","M","?","M","M"],"character_chosen":"DEFECT","items_purchased":["DataDisk","Membership Card"],"campfire_rested":0,"item_purchase_floors":[5,14],"current_hp_per_floor":[64,64,64,64,64,64,64,74,74,51,51,47,47,47,47,25,65,46,30,30,11,0,0],"gold":139,"neow_bonus":"THREE_ENEMY_KILL","is_daily":false,"chose_seed":false,"campfire_upgraded":3,"win_rate":0.0,"timestamp":1611633906,"path_taken":["M","?","?","?","?","E","R","E","T","E","R","M","M","$","R","BOSS","M","M","?","M","?"],"items_purchased_type":["Relic","Relic"],"build_version":"2020-12-22","purchased_purges":1,"victory":false,"max_hp_per_floor":[71,71,64,64,64,64,64,74,74,76,76,78,78,78,78,78,78,80,82,82,84,84,84],"card_choices":[{"not_picked":["Auto Shields","Rebound"],"picked":"Darkness","floor":1.0},{"not_picked":["Stack","Storm"],"picked":"Compile Driver","floor":6.0},{"not_picked":["Chill","Storm"],"picked":"Doom and Gloom","floor":8.0},{"not_picked":["Gash","Ball Lightning","Go for the Eyes"],"picked":"Singing Bowl","floor":10.0},{"not_picked":["Rebound","Gash","Sweeping Beam"],"picked":"Singing Bowl","floor":12.0},{"not_picked":["Reprogram","Coolheaded"],"picked":"Glacier","floor":13.0},{"not_picked":["All For One","Echo Form"],"picked":"Core Surge","floor":16.0},{"not_picked":["Go for the Eyes","Cold Snap+1","Leap"],"picked":"Singing Bowl","floor":18.0},{"not_picked":["Compile Driver","Auto Shields","Conserve Battery"],"picked":"Singing Bowl","floor":19},{"not_picked":["BootSequence","Double Energy","Fission"],"picked":"Singing Bowl","floor":21}],"player_experience":331816,"relics_obtained":[{"floor":6.0,"key":"Shuriken"},{"floor":8.0,"key":"Pear"},{"floor":9.0,"key":"Singing Bowl"},{"floor":10.0,"key":"Lantern"}],"event_choices":[{"damage_healed":0.0,"max_hp_gain":0.0,"max_hp_loss":0.0,"gold_gain":150.0,"event_name":"Liars Game","player_choice":"AGREE","floor":2.0,"gold_loss":0.0,"damage_taken":0.0,"cards_obtained":["Doubt"]},{"damage_healed":0.0,"max_hp_gain":0.0,"max_hp_loss":7.0,"gold_gain":0.0,"event_name":"Golden Idol","player_choice":"Lose Max HP","floor":3.0,"gold_loss":0.0,"damage_taken":0.0,"relics_obtained":["Golden Idol"]},{"damage_healed":0.0,"max_hp_gain":0.0,"max_hp_loss":0.0,"gold_gain":0.0,"event_name":"Scrap Ooze","player_choice":"Fled","floor":4.0,"gold_loss":0.0,"damage_taken":0.0},{"damage_healed":0,"gold_gain":0,"player_choice":"Bought 1 Potion","damage_taken":0,"max_hp_gain":0,"max_hp_loss":0,"event_name":"The Woman in Blue","floor":20,"gold_loss":0}],"is_beta":false,"boss_relics":[{"not_picked":["Busted Crown","Philosopher\u0027s Stone"],"picked":"SacredBark"}],"items_purged_floors":[5],"is_endless":false,"potions_floor_spawned":[1,6,12,21],"killed_by":"Shelled Parasite and Fungi","ascension_level":15}}