{"host":"1u5b8mzv927aru3b","time":1611663223,"event":{"mods":["AchievementEnabler","BaseMod","Colored Map","Colored Powertips","Downfall","GifTheSpireLib","Googly Eyes","Minty Spire (QoL Compilation)","Quick Restart","Relic Sorter","StSLib","The IronCluck","Unceasing Turn Reminder"],"gold_per_floor":[114,62,77,92,92,92,102,130,130,130,146,165,177,202,202,202,202],"floor_reached":16,"language":"ENG","playtime":463,"items_purged":[],"score":114,"play_id":"85eac9f5-3aee-47a7-a286-dcd996c808db","local_time":"20210126161343","is_ascension_mode":false,"campfire_choices":[{"floor":6.0,"key":"REST"},{"floor":15,"key":"REST"}],"circlet_count":0,"master_deck":["Strike_P","Strike_P","Strike_P","Defend_P","Defend_P","Defend_P","Defend_P","Eruption","Vigilance","WindmillStrike","FlurryOfBlows","ClearTheMind","Conclude","FearNoEvil","LikeWater+1","ForeignInfluence","MentalFortress+1"],"relics":["Fusion Hammer","Centennial Puzzle","Du-Vu Doll","Frozen Egg 2","Toxic Egg 2"],"acts_visited":[],"potions_floor_usage":[16],"damage_taken":[{"damage":0.0,"enemies":"Cultist","floor":1.0,"turns":2.0},{"damage":10.0,"enemies":"2 Louse","floor":3.0,"turns":3.0},{"damage":2.0,"enemies":"Jaw Worm","floor":4.0,"turns":3.0},{"damage":16.0,"enemies":"Lots of Slimes","floor":7.0,"turns":4.0},{"damage":22.0,"enemies":"Lagavulin","floor":8.0,"turns":7.0},{"damage":0.0,"enemies":"3 Louse","floor":11.0,"turns":2.0},{"damage":16.0,"enemies":"Blue Slaver","floor":12.0,"turns":2.0},{"damage":0,"enemies":"Large Slime","floor":13,"turns":3},{"damage":11,"enemies":"3 Sentries","floor":14,"turns":7},{"damage":28,"enemies":"The Guardian","floor":16,"turns":6}],"seed_played":"8889524181436469218","potions_obtained":[{"floor":1.0,"key":"SmokeBomb"},{"floor":8.0,"key":"Swift Potion"},{"floor":11.0,"key":"Energy Potion"}],"is_trial":false,"path_per_floor":["M","$","M","M","?","R","M","E","T","?","M","M","M","E","R","B"],"character_chosen":"WATCHER","items_purchased":["FlurryOfBlows"],"campfire_rested":2,"item_purchase_floors":[2],"current_hp_per_floor":[72,72,62,60,53,72,56,34,34,34,34,18,18,7,28,0,0],"gold":202,"neow_bonus":"BOSS_RELIC","is_daily":false,"chose_seed":false,"campfire_upgraded":0,"win_rate":0.0,"timestamp":1611663223,"path_taken":["M","$","M","?","?","R","M","E","T","?","M","?","M","E","R","BOSS"],"items_purchased_type":["Card"],"build_version":"2020-12-22","purchased_purges":0,"victory":false,"max_hp_per_floor":[72,72,72,72,72,72,72,72,72,72,72,72,72,72,72,72,72],"card_choices":[{"not_picked":["FollowUp","FlurryOfBlows"],"picked":"WindmillStrike","floor":1.0},{"not_picked":["FollowUp","ThirdEye"],"picked":"ClearTheMind","floor":3.0},{"not_picked":["Sanctity","ClearTheMind","JustLucky"],"picked":"SKIP","floor":4.0},{"not_picked":["CrushJoints","BowlingBash","InnerPeace"],"picked":"SKIP","floor":7.0},{"not_picked":["Evaluate","JustLucky"],"picked":"Conclude","floor":8.0},{"not_picked":["Halt","SashWhip","Adaptation+1"],"picked":"SKIP","floor":11.0},{"not_picked":["ThirdEye","EmptyFist"],"picked":"LikeWater+1","floor":12.0},{"not_picked":["Halt","Wireheading+1"],"picked":"ForeignInfluence","floor":13},{"not_picked":["ThirdEye+1","Indignation+1"],"picked":"MentalFortress+1","floor":14}],"player_experience":168137,"relics_obtained":[{"floor":8.0,"key":"Du-Vu Doll"},{"floor":9.0,"key":"Frozen Egg 2"},{"floor":14,"key":"Toxic Egg 2"}],"event_choices":[{"damage_healed":0.0,"max_hp_gain":0.0,"max_hp_loss":0.0,"gold_gain":0.0,"event_name":"Scrap Ooze","player_choice":"Success","floor":5.0,"gold_loss":0.0,"damage_taken":7.0,"relics_obtained":["Centennial Puzzle"]},{"damage_healed":0.0,"max_hp_gain":0.0,"max_hp_loss":0.0,"gold_gain":0.0,"cards_transformed":["Strike_P"],"event_name":"Transmorgrifier","player_choice":"Transformed","floor":10.0,"gold_loss":0.0,"damage_taken":0.0,"cards_obtained":["FearNoEvil"]}],"is_beta":false,"boss_relics":[],"items_purged_floors":[],"is_endless":false,"potions_floor_spawned":[1,8,11,14],"killed_by":"The Guardian","ascension_level":0}}