{"host":"y89x8uui45kcjy42","time":1611654930,"event":{"mods":["2.2 Compatiblity","BaseMod","CapriCore","Colored Map","Colored Powertips","Custom Start","Friendly Minions","Keyboard Shortcuts","Minty Spire (QoL Compilation)","Relic Stats","Slay the Relics Exporter","StSLib","SuperFastMode","Uncapped"],"gold_per_floor":[109,109,125,140,65,94,94,94,94],"floor_reached":8,"language":"KOR","playtime":221,"items_purged":[],"score":187,"play_id":"11a8d0ea-bc87-4700-92d4-fd130448e137","local_time":"20210126185530","is_ascension_mode":true,"campfire_choices":[{"data":"LikeWater","floor":7,"key":"SMITH"}],"circlet_count":0,"master_deck":["Defend_P","Vigilance","Alpha+1","Alpha","Alpha","Alpha","InnerPeace","Meditate","WaveOfTheHand","LikeWater+1"],"relics":["PureWater"],"acts_visited":["Exordium"],"potions_floor_usage":[6],"damage_taken":[{"damage":8,"enemies":"2 Louse","floor":1,"turns":3},{"damage":17,"enemies":"Cultist","floor":3,"turns":4},{"damage":13,"enemies":"Small Slimes","floor":4,"turns":3},{"damage":22,"enemies":"3 Sentries","floor":6,"turns":3},{"damage":5,"enemies":"Lagavulin","floor":8,"turns":4}],"seed_played":"8059644731897576669","potions_obtained":[{"floor":1,"key":"SteroidPotion"},{"floor":3,"key":"DuplicationPotion"}],"is_trial":false,"path_per_floor":["M","?","M","M","?","E","R","E"],"character_chosen":"WATCHER","items_purchased":[],"campfire_rested":0,"item_purchase_floors":[],"current_hp_per_floor":[53,53,36,23,23,1,1,0,0],"gold":94,"neow_bonus":"TRANSFORM_TWO_CARDS","is_daily":false,"chose_seed":false,"campfire_upgraded":1,"win_rate":0.0,"timestamp":1611654930,"path_taken":["M","?","M","?","?","E","R","E"],"items_purchased_type":[],"build_version":"2020-12-22","purchased_purges":0,"victory":false,"max_hp_per_floor":[62,62,62,62,62,62,62,62,62],"relic_stats":{"counters":[5,17],"obtain_stats":[{"PureWater":0},{"PureWater":0},{"PureWater":0}]},"card_choices":[{"not_picked":["ForeignInfluence","Consecrate","Protect"],"picked":"SKIP","floor":1},{"not_picked":["Protect","Halt","Crescendo"],"picked":"SKIP","floor":3},{"not_picked":["Halt","MasterReality"],"picked":"WaveOfTheHand","floor":4},{"not_picked":["Wallop","WheelKick"],"picked":"LikeWater","floor":6}],"player_experience":658180,"relics_obtained":[],"event_choices":[{"damage_healed":0,"gold_gain":0,"player_choice":"Upgraded","damage_taken":0,"max_hp_gain":0,"max_hp_loss":0,"event_name":"Upgrade Shrine","floor":2,"gold_loss":0,"cards_upgraded":["Alpha"]},{"cards_removed":["Defend_P"],"damage_healed":0,"gold_gain":0,"player_choice":"Card Removal","damage_taken":0,"max_hp_gain":0,"max_hp_loss":0,"event_name":"The Cleric","floor":5,"gold_loss":75}],"is_beta":false,"boss_relics":[],"items_purged_floors":[],"is_endless":false,"potions_floor_spawned":[1,3],"killed_by":"Lagavulin","ascension_level":20}}