{"host":"kw4o7b3ro2ktmmbe","time":1611632901,"event":{"mods":["BaseMod","Evolution","Minty Spire (QoL Compilation)","StSLib","The Druid"],"gold_per_floor":[112,112,112,124,199,199,228,228,228,228,260,260,274,287,287,392,392,407,118,130,14,14,14,42,42,42,42,68,83,83,109,109,213,213,233,233,253,18,70,101,101,127,127,159,159,159],"floor_reached":45,"language":"ENG","playtime":3650,"items_purged":["theDruid:Defend_O"],"score":811,"play_id":"c438997d-6b38-4f39-895f-e3d1a3f3862c","local_time":"20210126164821","is_ascension_mode":true,"campfire_choices":[{"data":"theDruid:PrimalStrength","floor":6.0,"key":"SMITH"},{"data":"theDruid:BriarArmor","floor":8.0,"key":"SMITH"},{"data":"theDruid:FuriousSlash","floor":10.0,"key":"SMITH"},{"data":"theDruid:FuriousSlash","floor":12.0,"key":"SMITH"},{"data":"theDruid:SerratedFlesh","floor":15.0,"key":"SMITH"},{"floor":23.0,"key":"REST"},{"data":"theDruid:HerbalismKit","floor":25.0,"key":"SMITH"},{"floor":27.0,"key":"REST"},{"floor":30.0,"key":"REST"},{"floor":32.0,"key":"REST"},{"data":"theDruid:Defend_O","floor":41,"key":"SMITH"}],"circlet_count":0,"master_deck":["theDruid:FuriousSlash+1","theDruid:FuriousSlash+1","theDruid:Strike_O","theDruid:Strike_O+1","theDruid:Defend_O+1","theDruid:Defend_O","theDruid:BriarArmor+1","theDruid:WildSlash+1","theDruid:PrimalStrength+1","theDruid:ForestGuard+1","theDruid:PouncingStrike","theDruid:Resourcefulness+1","theDruid:SerratedFlesh+1","theDruid:HerbalismKit+1","CurseOfTheBell","theDruid:ForestGuard+1","theDruid:MysticBarrier+1","theDruid:SpiritCall+1","theDruid:IronbarkArmor+1","Clumsy","theDruid:BristlingDefense+1","Pain","theDruid:PlagueClaw+1"],"relics":["EVO:Axolotl","SlaversCollar","Akabeko","Frozen Egg 2","Singing Bowl","Shuriken","Calling Bell","Smiling Mask","The Courier","theDruid:PlagueMask","Bag of Preparation","Lantern","Sling","Pear","Matryoshka","Tiny Chest","Pen Nib","Cursed Key","Strawberry","Whetstone","Happy Flower","Art of War","Question Card","Orichalcum","InkBottle","Calipers","theDruid:TigersClaw"],"acts_visited":["Exordium","TheCity","TheBeyond"],"potions_floor_usage":[40,42,42,42,44,44,44,44,45,45],"damage_taken":[{"damage":1.0,"enemies":"2 Louse","floor":1.0,"turns":2.0},{"damage":0.0,"enemies":"Small Slimes","floor":4.0,"turns":2.0},{"damage":13.0,"enemies":"3 Sentries","floor":7.0,"turns":6.0},{"damage":10.0,"enemies":"Lagavulin","floor":11.0,"turns":6.0},{"damage":0.0,"enemies":"Cultist","floor":13.0,"turns":2.0},{"damage":2.0,"enemies":"Gremlin Gang","floor":14.0,"turns":3.0},{"damage":18.0,"enemies":"Hexaghost","floor":16.0,"turns":4.0},{"damage":43.0,"enemies":"2 Thieves","floor":18.0,"turns":5.0},{"damage":22.0,"enemies":"Spheric Guardian","floor":20.0,"turns":5.0},{"damage":36.0,"enemies":"Gremlin Leader","floor":24.0,"turns":8.0},{"damage":44.0,"enemies":"Slavers","floor":28.0,"turns":3.0},{"damage":2.0,"enemies":"Centurion and Healer","floor":29.0,"turns":8.0},{"damage":12.0,"enemies":"Book of Stabbing","floor":31.0,"turns":4.0},{"damage":66.0,"enemies":"Collector","floor":33.0,"turns":8.0},{"damage":8.0,"enemies":"Orb Walker","floor":35.0,"turns":2.0},{"damage":4.0,"enemies":"3 Darklings","floor":37.0,"turns":6.0},{"damage":0,"enemies":"Nemesis","floor":40,"turns":7},{"damage":0,"enemies":"Giant Head","floor":42,"turns":8},{"damage":73,"enemies":"Reptomancer","floor":44,"turns":9},{"damage":19,"enemies":"Sphere and 2 Shapes","floor":45,"turns":3}],"seed_played":"-5974212936607625136","potions_obtained":[{"floor":1.0,"key":"Fire Potion"},{"floor":13.0,"key":"Block Potion"},{"floor":14.0,"key":"Energy Potion"},{"floor":16.0,"key":"GamblersBrew"},{"floor":20.0,"key":"DuplicationPotion"},{"floor":22.0,"key":"Regen Potion"},{"floor":24.0,"key":"Energy Potion"},{"floor":29.0,"key":"BlessingOfTheForge"},{"floor":35.0,"key":"Block Potion"},{"floor":40,"key":"Block Potion"},{"floor":44,"key":"Dexterity Potion"}],"is_trial":false,"path_per_floor":["M","?","?","M","?","R","E","R","T","R","E","R","M","M","R","B",null,"M","$","M","$","?","R","E","R","T","R","E","M","R","E","R","B",null,"M","?","M","$","T","E","R","E","T","E","M"],"character_chosen":"DRUID","items_purchased":["Bag of Preparation","Lantern","Sling","Strawberry","Whetstone"],"campfire_rested":4,"item_purchase_floors":[19,19,21,38,38],"current_hp_per_floor":[74,67,60,60,53,53,40,40,40,40,30,30,30,28,28,10,75,32,32,10,10,10,32,21,21,21,46,4,4,30,20,47,27,91,85,85,83,90,90,92,92,92,92,19,0,0],"gold":159,"neow_bonus":"BOSS_RELIC","is_daily":false,"chose_seed":false,"campfire_upgraded":7,"win_rate":0.0,"timestamp":1611632901,"path_taken":["M","?","?","M","?","R","E","R","T","R","E","R","M","?","R","BOSS","M","$","?","$","?","R","E","R","T","R","E","M","R","E","R","BOSS","M","?","?","?","?","E","R","E","T","E","M"],"items_purchased_type":["Relic","Relic","Relic","Relic","Relic"],"build_version":"2020-12-22","purchased_purges":1,"victory":false,"max_hp_per_floor":[75,75,75,75,75,75,75,75,75,75,75,75,75,75,75,75,75,75,75,75,75,75,75,85,85,85,85,87,89,89,91,91,91,91,93,93,95,102,102,104,104,104,104,104,104,104],"card_choices":[{"not_picked":["theDruid:BrambleLash","theDruid:IronClaw"],"picked":"theDruid:PrimalStrength","floor":1.0},{"not_picked":["theDruid:ExposingSlash","theDruid:FuriousSlash","theDruid:Eclipse"],"picked":"SKIP","floor":4.0},{"not_picked":["theDruid:Swipe","theDruid:MysticBarrier"],"picked":"theDruid:ForestGuard+1","floor":7.0},{"not_picked":["theDruid:TwilightsCall","theDruid:IronClaw"],"picked":"theDruid:PouncingStrike","floor":11.0},{"not_picked":["theDruid:ExposingSlash","theDruid:Guidance"],"picked":"theDruid:Resourcefulness+1","floor":13.0},{"not_picked":["theDruid:PlagueClaw","theDruid:BagofTricks"],"picked":"theDruid:SerratedFlesh","floor":14.0},{"not_picked":["theDruid:Earthquake","theDruid:SpiritCall"],"picked":"theDruid:HerbalismKit","floor":16.0},{"not_picked":["theDruid:ThornStrike","theDruid:FaerieFire+1"],"picked":"theDruid:ForestGuard+1","floor":18.0},{"not_picked":["theDruid:Starburst","theDruid:Resupply"],"picked":"theDruid:MysticBarrier+1","floor":20.0},{"not_picked":["theDruid:BloodiedFur","theDruid:ThornStrike"],"picked":"theDruid:SpiritCall","floor":24.0},{"not_picked":["theDruid:Gore","theDruid:Guidance","theDruid:Mutilate"],"picked":"Singing Bowl","floor":28.0},{"not_picked":["theDruid:Rummage","theDruid:Swipe+1","theDruid:LunarScythe+1"],"picked":"Singing Bowl","floor":29.0},{"not_picked":["theDruid:BloodiedFur","theDruid:BlessedStrike+1","theDruid:FelineGrace+1"],"picked":"Singing Bowl","floor":31.0},{"not_picked":["theDruid:CelestialSurge","theDruid:SpiritCall"],"picked":"theDruid:IronbarkArmor+1","floor":33.0},{"not_picked":["theDruid:BlessedStrike","theDruid:ThornStrike+1","theDruid:BagofTricks+1"],"picked":"Singing Bowl","floor":35.0},{"not_picked":["theDruid:ForestsSoul+1","theDruid:BloodiedFur","theDruid:BrambleLash+1"],"picked":"Singing Bowl","floor":37.0},{"not_picked":["theDruid:FuriousSlash","theDruid:ForestsSoul","theDruid:BackupSupplies+1"],"picked":"Singing Bowl","floor":40},{"not_picked":["theDruid:WallofRoots+1","theDruid:Eclipse+1","theDruid:Entangle+1"],"picked":"theDruid:BristlingDefense+1","floor":42},{"not_picked":["theDruid:Prowl","theDruid:AstralShield","theDruid:MysticBarrier+1"],"picked":"theDruid:PlagueClaw+1","floor":44}],"player_experience":1878205,"relics_obtained":[{"floor":7.0,"key":"Frozen Egg 2"},{"floor":9.0,"key":"Singing Bowl"},{"floor":11.0,"key":"Shuriken"},{"floor":17.0,"key":"Smiling Mask"},{"floor":17.0,"key":"The Courier"},{"floor":17.0,"key":"theDruid:PlagueMask"},{"floor":24.0,"key":"Pear"},{"floor":26.0,"key":"Matryoshka"},{"floor":28.0,"key":"Tiny Chest"},{"floor":31.0,"key":"Pen Nib"},{"floor":39.0,"key":"Happy Flower"},{"floor":39.0,"key":"Art of War"},{"floor":40,"key":"Question Card"},{"floor":42,"key":"Orichalcum"},{"floor":43,"key":"InkBottle"},{"floor":43,"key":"Calipers"},{"floor":44,"key":"theDruid:TigersClaw"}],"event_choices":[{"cards_removed":["theDruid:Defend_O"],"damage_healed":0.0,"max_hp_gain":0.0,"max_hp_loss":0.0,"gold_gain":0.0,"event_name":"Golden Wing","player_choice":"Card Removal","floor":2.0,"gold_loss":0.0,"damage_taken":7.0},{"damage_healed":0.0,"max_hp_gain":0.0,"max_hp_loss":0.0,"gold_gain":0.0,"event_name":"Scrap Ooze","player_choice":"Success","floor":3.0,"gold_loss":0.0,"damage_taken":7.0,"relics_obtained":["Akabeko"]},{"damage_healed":0.0,"max_hp_gain":0.0,"max_hp_loss":0.0,"gold_gain":75.0,"event_name":"FaceTrader","player_choice":"Touch","floor":5.0,"gold_loss":0.0,"damage_taken":7.0},{"damage_healed":0.0,"max_hp_gain":0.0,"max_hp_loss":0.0,"gold_gain":0.0,"event_name":"Lab","player_choice":"Got Potions","floor":22.0,"gold_loss":0.0,"damage_taken":0.0},{"damage_healed":0.0,"max_hp_gain":0.0,"max_hp_loss":0.0,"gold_gain":0.0,"event_name":"Upgrade Shrine","player_choice":"Upgraded","floor":36.0,"gold_loss":0.0,"damage_taken":0.0,"cards_upgraded":["theDruid:SpiritCall"]}],"is_beta":false,"boss_relics":[{"not_picked":["Snecko Eye","Velvet Choker"],"picked":"Calling Bell"},{"not_picked":["Tiny House","Runic Pyramid"],"picked":"Cursed Key"}],"items_purged_floors":[19],"is_endless":false,"potions_floor_spawned":[1,13,14,16,20,24,29,35,40,44],"killed_by":"Sphere and 2 Shapes","ascension_level":4}}