{"host":"5gc11emcm5chfr5t","time":1611693580,"event":{"mods":["2.2 Compatiblity","AchievementEnabler","BaseMod","Bestiary","Better Note","Colored Map","Colored Powertips","Downfall","Googly Eyes","Minty Spire (QoL Compilation)","Rare Cards Sparkle","StSLib"],"gold_per_floor":[99,99,99,99,249,249,275,175,175,207,207,227,19,35,53,129,129,129,145,55,55,55,84,156,156,56,66,107,68,114,149,181,190,190,190],"floor_reached":33,"language":"ENG","playtime":1213,"items_purged":["Doubt"],"score":698,"play_id":"223d3e8f-170b-4994-8c68-9bcc2b5d4618","local_time":"20210126153940","is_ascension_mode":true,"campfire_choices":[{"floor":1,"key":"RECALL"},{"floor":8,"key":"REST"},{"data":"sneckomod:TailWhip","floor":11,"key":"SMITH"},{"data":"sneckomod:MorePower","floor":18,"key":"SMITH"},{"floor":26,"key":"REST"}],"circlet_count":0,"master_deck":["AscendersBane","sneckomod:Strike+1","sneckomod:Strike","sneckomod:Strike","sneckomod:Defend+1","sneckomod:Defend","sneckomod:Defend","sneckomod:TailWhip+1","sneckomod:SnekBite+1","sneckomod:Unknown","sneckomod:Unknown","sneckomod:UnknownExhaust","sneckomod:UnknownStrength","sneckomod:QuickBite","sneckomod:UnknownWeak","sneckomod:UnknownBoss","sneckomod:RainOfDice","sneckomod:QuickBite","sneckomod:MorePower+1","sneckomod:Unknown3Cost+1","sneckomod:UnknownClassRED","sneckomod:SnakeSap+1","sneckomod:WideSting+1","sneckomod:Restock+1","sneckomod:MasterEye+1","sneckomod:QuickMove+1","sneckomod:UnknownRareSkill+1","sneckomod:UnknownClassBLUE","sneckomod:RainOfDice+1","sneckomod:Mudshield","HandOfGreed","Panacea","sneckomod:DangerNoodle+1","sneckomod:Unknown3Cost","sneckomod:QuickBite+1","sneckomod:UnknownClassGREEN+1","sneckomod:UnknownUncommonAttack+1","sneckomod:UnknownClassRED+1","Heel Hook"],"relics":["sneckomod:SneckoSoul","downfall:HeartsMalice","Bag of Marbles","Toy Ornithopter","downfall:HeartBlessingRed","Thread and Needle","bronze:DonusWashers","expansioncontent:StudyCardRelic","MutagenicStrength","Nunchaku","downfall:HeartBlessingBlue","CeramicFish","Membership Card","PreservedInsect","Turnip"],"acts_visited":["Exordium","TheCity"],"potions_floor_usage":[13,16,16,19,28,28,32],"damage_taken":[{"damage":0,"enemies":"Small Slimes","floor":4,"turns":1},{"damage":0,"enemies":"Jaw Worm","floor":9,"turns":1},{"damage":0,"enemies":"Gremlin Nob","floor":10,"turns":1},{"damage":0,"enemies":"2 Louse","floor":12,"turns":2},{"damage":0,"enemies":"downfall:FleeingMerchant","floor":13,"turns":4},{"damage":0,"enemies":"2 Fungi Beasts","floor":14,"turns":4},{"damage":0,"enemies":"Exordium Wildlife","floor":15,"turns":2},{"damage":67,"enemies":"DF_ARCHETYPE_STREAMLINE","floor":16,"turns":8},{"damage":0,"enemies":"Shell Parasite","floor":19,"turns":4},{"damage":0,"enemies":"downfall:FleeingMerchant","floor":20,"turns":4},{"damage":60,"enemies":"Slavers","floor":23,"turns":4},{"damage":0,"enemies":"Chosen","floor":27,"turns":2},{"damage":10,"enemies":"Gremlin Leader","floor":28,"turns":3},{"damage":6,"enemies":"downfall:FleeingMerchant","floor":29,"turns":5},{"damage":8,"enemies":"Slavers","floor":30,"turns":3},{"damage":2,"enemies":"Sentry and Sphere","floor":31,"turns":3},{"damage":37,"enemies":"Shelled Parasite and Fungi","floor":32,"turns":4},{"damage":15,"enemies":"IC_MUSHROOM_ARCHETYPE","floor":33,"turns":5}],"seed_played":"-1170787710153892243","potions_obtained":[{"floor":12,"key":"FearPotion"},{"floor":14,"key":"Weak Potion"},{"floor":15,"key":"SneckoOil"},{"floor":16,"key":"Weak Potion"},{"floor":23,"key":"ColorlessPotion"},{"floor":27,"key":"ColorlessPotion"},{"floor":31,"key":"Fire Potion"}],"is_trial":false,"path_per_floor":["R","?","?","M","?","?","T","R","M","E","R","M","$","M","M","B",null,"R","M","$","?","?","E","T","?","R","M","E","$","E","M","M","B"],"character_chosen":"THE_SNECKO","items_purchased":["bronze:DonusWashers","sneckomod:RainOfDice","Membership Card","PreservedInsect","HandOfGreed","Panacea"],"campfire_rested":2,"item_purchase_floors":[13,13,29,29,29,29],"current_hp_per_floor":[75,75,75,75,75,57,57,81,81,81,81,81,83,83,83,16,66,66,71,71,71,71,11,11,28,62,62,62,56,48,46,14,0,0,0],"gold":190,"neow_bonus":"THREE_ENEMY_KILL","is_daily":false,"chose_seed":false,"campfire_upgraded":2,"win_rate":0.0,"timestamp":1611693580,"path_taken":["R","?","?","M","?","?","T","R","?","E","R","M","$","M","M","BOSS","R","M","?","?","?","E","T","?","R","?","E","?","E","M","M","BOSS"],"items_purchased_type":["Relic","Card","Relic","Relic","Card","Card"],"build_version":"2020-12-22","purchased_purges":1,"victory":false,"max_hp_per_floor":[83,83,83,83,83,83,83,83,83,83,83,83,83,83,83,83,83,83,83,83,83,83,83,83,83,93,93,93,93,93,93,93,93,93,93],"card_choices":[{"not_picked":["sneckomod:Nope","sneckomod:MixItUp"],"picked":"sneckomod:UnknownExhaust","floor":4},{"not_picked":["sneckomod:UnknownClassGREEN","sneckomod:UnendingSupply"],"picked":"sneckomod:UnknownStrength","floor":9},{"not_picked":["sneckomod:Cheat","sneckomod:SoulRoll"],"picked":"sneckomod:QuickBite","floor":10},{"not_picked":["sneckomod:UnknownClassSLIMEBOUND","sneckomod:SoulDraw"],"picked":"sneckomod:UnknownWeak","floor":12},{"not_picked":["sneckomod:UnknownDraw","sneckomod:PureSnecko"],"picked":"sneckomod:UnknownBoss","floor":13},{"not_picked":["sneckomod:UnknownStrike","sneckomod:DiceCrush"],"picked":"sneckomod:QuickBite","floor":14},{"not_picked":["sneckomod:SoulRoll","sneckomod:UnknownClassSLIMEBOUND"],"picked":"sneckomod:UnknownWeak","floor":15},{"not_picked":["sneckomod:UnknownBoss","sneckomod:Restock"],"picked":"sneckomod:MorePower","floor":16},{"not_picked":["sneckomod:SoulCleanse+1","sneckomod:ImprovisedAttack+1"],"picked":"sneckomod:Unknown3Cost+1","floor":19},{"not_picked":["sneckomod:Unknown1Cost","sneckomod:UnknownClassHEXA_GHOST_PURPLE"],"picked":"sneckomod:UnknownClassRED","floor":19},{"not_picked":["sneckomod:UnknownDraw+1","sneckomod:UnknownCommonSkill+1"],"picked":"sneckomod:SnakeSap+1","floor":20},{"not_picked":["sneckomod:Rotation+1","sneckomod:DiceBlock"],"picked":"sneckomod:WideSting+1","floor":20},{"not_picked":["sneckomod:Memorize+1","sneckomod:UnknownClassTHE_BRONZE_AUTOMATON+1"],"picked":"sneckomod:Restock+1","floor":23},{"not_picked":["sneckomod:SoulDraw","sneckomod:UnknownUncommonSkill"],"picked":"sneckomod:MasterEye+1","floor":23},{"not_picked":["sneckomod:UnknownClassGREEN","sneckomod:Unknown1Cost"],"picked":"sneckomod:QuickMove+1","floor":27},{"not_picked":["sneckomod:UnknownUncommonAttack+1","sneckomod:Unknown1Cost+1"],"picked":"sneckomod:UnknownRareSkill+1","floor":28},{"not_picked":["sneckomod:SoulDraw","sneckomod:RainOfDice"],"picked":"sneckomod:UnknownClassBLUE","floor":28},{"not_picked":["sneckomod:MasterEye+1","sneckomod:SnakeSap+1"],"picked":"sneckomod:RainOfDice+1","floor":29},{"not_picked":["sneckomod:DiceCrush","sneckomod:UnknownStrike+1"],"picked":"sneckomod:Mudshield","floor":29},{"not_picked":["sneckomod:DefensiveFlair+1","sneckomod:UnknownCommonAttack+1"],"picked":"sneckomod:DangerNoodle+1","floor":30},{"not_picked":["sneckomod:UnknownClassGUARDIAN","sneckomod:QuickMove"],"picked":"sneckomod:Unknown3Cost","floor":30},{"not_picked":["sneckomod:UnknownVulnerable+1","sneckomod:UnknownX+1"],"picked":"sneckomod:QuickBite+1","floor":31},{"not_picked":["sneckomod:Rotation","sneckomod:QuickMove"],"picked":"sneckomod:UnknownClassGREEN+1","floor":31},{"not_picked":["sneckomod:UnknownClassGREEN+1","sneckomod:Unknown0Cost+1"],"picked":"sneckomod:UnknownUncommonAttack+1","floor":32},{"not_picked":["sneckomod:UnknownCommonAttack","sneckomod:QuickBite"],"picked":"sneckomod:UnknownClassRED+1","floor":32}],"player_experience":569402,"relics_obtained":[{"floor":7,"key":"Toy Ornithopter"},{"floor":10,"key":"Thread and Needle"},{"floor":23,"key":"Nunchaku"},{"floor":28,"key":"CeramicFish"},{"floor":30,"key":"Turnip"}],"event_choices":[{"cards_removed":["downfall:Malfunctioning"],"damage_healed":0,"gold_gain":0,"player_choice":"Card Removal","damage_taken":0,"max_hp_gain":0,"max_hp_loss":0,"event_name":"The Cleric","floor":3,"gold_loss":0},{"damage_healed":0,"gold_gain":0,"player_choice":"Success","damage_taken":18,"relics_obtained":["Bag of Marbles"],"max_hp_gain":0,"max_hp_loss":0,"event_name":"Scrap Ooze","floor":6,"gold_loss":0},{"damage_healed":0,"gold_gain":0,"player_choice":"Ignored","damage_taken":0,"max_hp_gain":0,"max_hp_loss":0,"event_name":"Vampires","floor":21,"gold_loss":0},{"damage_healed":0,"gold_gain":0,"player_choice":"Inject Mutagens","damage_taken":0,"relics_obtained":["MutagenicStrength"],"max_hp_gain":0,"max_hp_loss":0,"event_name":"Drug Dealer","floor":22,"gold_loss":0},{"damage_healed":17,"gold_gain":0,"player_choice":"Heal","damage_taken":0,"max_hp_gain":0,"max_hp_loss":0,"event_name":"The Library","floor":25,"gold_loss":0}],"is_beta":false,"boss_relics":[{"not_picked":["Runic Pyramid","sneckomod:SneckoBoss"],"picked":"expansioncontent:StudyCardRelic"}],"items_purged_floors":[20],"is_endless":false,"potions_floor_spawned":[12,14,15,16,23,27,31],"killed_by":"IC_MUSHROOM_ARCHETYPE","ascension_level":20}}