{"host":"cxn6tbf67hppzwy1","time":1611639442,"event":{"mods":["BaseMod","Minty Spire (QoL Compilation)","Replay The Spire","Shop Mod","StSLib","Waifu the Spire","¡¾ÒÅÎï¿¨ÅÆ¡¿REMEMod"],"gold_per_floor":[115,126,51,51,75,102,102,2,2,19,32,32,57,126,126,282,282,212,212,230,286,305,337,337,262,338,438,154,154,154,172,207,223,223,328,328,347,362,50,79,95,95,148,247,247,270,280,313,330,330,330,365,365],"floor_reached":52,"language":"ZHS","playtime":2265,"items_purged":["Strike_P","Strike_P","Defend_P","Replay:AtTheReady"],"score":842,"play_id":"75d3e71e-ead2-4272-932d-45bef4d5b21b","local_time":"20210126133722","is_ascension_mode":true,"campfire_choices":[{"data":"Eruption","floor":7.0,"key":"SMITH"},{"data":"Feed","floor":12.0,"key":"SMITH"},{"data":"REME_CRH","floor":15.0,"key":"SMITH"},{"data":"Omniscience","floor":24.0,"key":"SMITH"},{"data":"Pray","floor":42.0,"key":"SMITH"},{"floor":51,"key":"RECALL"}],"circlet_count":0,"master_deck":["Eruption+1","Vigilance","Feed+1","ForeignInfluence","REME_CRH+1","Omniscience+1","Ragnarok+1","CarveReality","Vault","Indignation+1","Pray+1","Finesse","SpiritShield"],"relics":["PureWater","REME_ComplimentaryCards","NeowsBlessing","TungstenRod","Oddly Smooth Stone","REME_ArchaeologicalTools","Kintsugi","StrikeDummy","Ginger","Divine Protection","Gremlin Horn","Painkiller Herb","Incense Burner","Potion Belt","Happy Flower","Yang"],"acts_visited":["Exordium","TheCity","TheBeyond"],"potions_floor_usage":[52,52],"damage_taken":[{"damage":0.0,"enemies":"Jaw Worm","floor":1.0,"turns":1.0},{"damage":0.0,"enemies":"Small Slimes","floor":2.0,"turns":1.0},{"damage":0.0,"enemies":"3 Sentries","floor":6.0,"turns":1.0},{"damage":0.0,"enemies":"2 Louse","floor":10.0,"turns":1.0},{"damage":0.0,"enemies":"Exordium Wildlife","floor":11.0,"turns":2.0},{"damage":46.0,"enemies":"Lagavulin","floor":13.0,"turns":4.0},{"damage":0.0,"enemies":"Gremlin Gang","floor":14.0,"turns":2.0},{"damage":28.0,"enemies":"Fading Forest","floor":16.0,"turns":11.0},{"damage":0.0,"enemies":"Shell Parasite","floor":18.0,"turns":1.0},{"damage":0.0,"enemies":"Spheric Guardian","floor":20.0,"turns":1.0},{"damage":0.0,"enemies":"Snake Plant","floor":22.0,"turns":1.0},{"damage":13.0,"enemies":"REME_1_Revenger","floor":23.0,"turns":3.0},{"damage":0.0,"enemies":"3 Cultists","floor":31.0,"turns":2.0},{"damage":11.0,"enemies":"Gremlin Leader","floor":32.0,"turns":2.0},{"damage":0.0,"enemies":"Chosen and Byrds","floor":33.0,"turns":1.0},{"damage":21.0,"enemies":"Automaton","floor":35.0,"turns":4.0},{"damage":0.0,"enemies":"3 Darklings","floor":37.0,"turns":2.0},{"damage":0.0,"enemies":"Orb Walker","floor":38.0,"turns":2.0},{"damage":1.0,"enemies":"Spire Growth","floor":40.0,"turns":3.0},{"damage":0.0,"enemies":"Jaw Worm Horde","floor":41.0,"turns":2.0},{"damage":0.0,"enemies":"2 Orb Walkers","floor":43.0,"turns":2.0},{"damage":29.0,"enemies":"R_Hoarder","floor":44.0,"turns":7.0},{"damage":9,"enemies":"Writhing Mass","floor":46,"turns":3},{"damage":31,"enemies":"4 Shapes","floor":47,"turns":2},{"damage":0,"enemies":"Reptomancer","floor":48,"turns":1},{"damage":0,"enemies":"Spire Growth","floor":49,"turns":2},{"damage":124,"enemies":"Donu and Deca","floor":52,"turns":7}],"seed_played":"6016204260101597985","potions_obtained":[{"floor":6.0,"key":"Dexterity Potion"},{"floor":10.0,"key":"Strength Potion"},{"floor":11.0,"key":"Fire Potion"},{"floor":18.0,"key":"SpeedPotion"},{"floor":21.0,"key":"FairyPotion"},{"floor":40.0,"key":"Weak Potion"},{"floor":48,"key":"Weak Potion"},{"floor":49,"key":"Swift Potion"}],"is_trial":false,"path_per_floor":["M","M","$","?","T","E","R","$","T","M","M","R","E","M","R","B",null,"M","?","M","?","M","E","R","?","T","?","$","PTL","PTL","M","E","M","R","B",null,"?","?","T","?","?","T","?","E","T","?","?","E","?","?","T","B"],"character_chosen":"WATCHER","items_purchased":["Ragnarok","Pray","Finesse"],"campfire_rested":0,"item_purchase_floors":[28,39,39],"current_hp_per_floor":[75,78,78,75,75,78,78,78,78,81,84,84,42,46,46,18,95,95,95,99,61,65,56,56,56,56,56,56,56,56,60,49,53,53,32,115,115,119,119,118,122,122,126,101,101,92,61,65,65,65,65,0,0],"gold":365,"neow_bonus":"THREE_ENEMY_KILL","is_daily":false,"chose_seed":false,"campfire_upgraded":5,"win_rate":0.0,"timestamp":1611639442,"path_taken":["M","M","$","?","?","E","R","$","T","M","M","R","E","M","R","BOSS","M","?","M","?","?","E","R","?","T","?","$","PTL","PTL","M","E","M","R","BOSS","?","?","T","?","?","T","?","E","T","?","?","E","?","?","T","BOSS"],"items_purchased_type":["Card","Card","Card"],"build_version":"2020-12-22","purchased_purges":4,"victory":false,"max_hp_per_floor":[75,78,78,78,78,81,81,81,81,84,87,87,91,95,95,95,95,95,95,99,99,103,107,107,107,107,107,107,107,107,111,111,115,115,115,115,115,119,119,119,123,123,127,131,131,131,131,135,135,135,135,135,135],"card_choices":[{"not_picked":["FlurryOfBlows","Crescendo"],"picked":"ForeignInfluence","floor":1.0},{"not_picked":["Worship","Halt","Replay:BluntJabs"],"picked":"SKIP","floor":2.0},{"not_picked":["Protect","Replay:DivineShield","BowlingBash"],"picked":"SKIP","floor":6.0},{"not_picked":["REME_Repentance","ConjureBlade","FollowUp"],"picked":"SKIP","floor":10.0},{"not_picked":["BowlingBash","Sanctity","Protect"],"picked":"SKIP","floor":11.0},{"not_picked":["BowlingBash","Replay:Battleflow"],"picked":"REME_CRH","floor":13.0},{"not_picked":["CutThroughFate","Replay:AtTheReady","WaveOfTheHand"],"picked":"SKIP","floor":14.0},{"not_picked":["CutThroughFate","WaveOfTheHand"],"picked":"Replay:AtTheReady","floor":14.0},{"not_picked":["Judgement","Scrawl"],"picked":"Omniscience","floor":16.0},{"not_picked":["ThirdEye+1","Swivel","BowlingBash+1"],"picked":"SKIP","floor":18.0},{"not_picked":["Indignation","ClearTheMind","Replay:Anticipation+1"],"picked":"SKIP","floor":20.0},{"not_picked":["Protect","Replay:AtTheReady","REME_Repentance"],"picked":"SKIP","floor":22.0},{"not_picked":["Vengeance+1","REME_Repentance+1","FlurryOfBlows"],"picked":"SKIP","floor":23.0},{"not_picked":["Replay:BluntJabs+1","DeusExMachina"],"picked":"CarveReality","floor":31.0},{"not_picked":["FlyingSleeves","CrushJoints","FearNoEvil"],"picked":"SKIP","floor":32.0},{"not_picked":["FlyingSleeves+1","Halt","Adaptation"],"picked":"SKIP","floor":33.0},{"not_picked":["Replay:LoomingThreat","Replay:AllIn"],"picked":"Vault","floor":35.0},{"not_picked":["Evaluate","FlurryOfBlows","MentalFortress"],"picked":"SKIP","floor":37.0},{"not_picked":["FollowUp+1","Swivel+1"],"picked":"Indignation+1","floor":38.0},{"not_picked":["EmptyBody+1","Replay:ManipulateFuture+1","Replay:AtTheReady+1"],"picked":"SKIP","floor":40.0},{"not_picked":["FlyingSleeves","EmptyMind","EmptyBody+1"],"picked":"SKIP","floor":41.0},{"not_picked":["ThirdEye","Evaluate+1"],"picked":"SpiritShield","floor":43.0},{"not_picked":["Replay:Anticipation","FlurryOfBlows+1","EmptyFist"],"picked":"SKIP","floor":44.0},{"not_picked":["Replay:BluntJabs","Protect","CutThroughFate+1"],"picked":"SKIP","floor":46},{"not_picked":["Wireheading+1","Crescendo","EmptyFist"],"picked":"SKIP","floor":47},{"not_picked":["JustLucky+1","ClearTheMind","REME_WorshipGod"],"picked":"SKIP","floor":48},{"not_picked":["SashWhip+1","Worship+1","Halt+1"],"picked":"SKIP","floor":49}],"player_experience":38060,"relics_obtained":[{"floor":9.0,"key":"Oddly Smooth Stone"},{"floor":13.0,"key":"REME_ArchaeologicalTools"},{"floor":21.0,"key":"StrikeDummy"},{"floor":23.0,"key":"Ginger"},{"floor":26.0,"key":"Divine Protection"},{"floor":32.0,"key":"Gremlin Horn"},{"floor":43.0,"key":"Incense Burner"},{"floor":44.0,"key":"Potion Belt"},{"floor":45.0,"key":"Happy Flower"},{"floor":48,"key":"Yang"}],"event_choices":[{"damage_healed":0.0,"max_hp_gain":0.0,"max_hp_loss":0.0,"gold_gain":0.0,"event_name":"Scrap Ooze","player_choice":"Success","floor":4.0,"gold_loss":0.0,"damage_taken":3.0,"relics_obtained":["TungstenRod"]},{"cards_removed":["Clumsy"],"damage_healed":0.0,"max_hp_gain":0.0,"max_hp_loss":0.0,"gold_gain":0.0,"event_name":"Beggar","player_choice":"Gave Gold","floor":25.0,"gold_loss":75.0,"damage_taken":0.0},{"damage_healed":0.0,"max_hp_gain":0.0,"max_hp_loss":0.0,"gold_gain":100.0,"event_name":"Golden Shrine","player_choice":"Pray","floor":27.0,"gold_loss":0.0,"damage_taken":0.0},{"damage_healed":0.0,"max_hp_gain":0.0,"max_hp_loss":0.0,"gold_gain":0.0,"event_name":"Upgrade Shrine","player_choice":"Upgraded","floor":34.0,"gold_loss":0.0,"damage_taken":0.0,"cards_upgraded":["Ragnarok"]},{"damage_healed":0.0,"max_hp_gain":0.0,"max_hp_loss":0.0,"gold_gain":0.0,"event_name":"Mysterious Sphere","player_choice":"Fight","floor":43.0,"gold_loss":0.0,"damage_taken":0.0},{"damage_healed":0,"gold_gain":0,"player_choice":"Bought 0 Potions","damage_taken":0,"max_hp_gain":0,"max_hp_loss":0,"event_name":"The Woman in Blue","floor":50,"gold_loss":0}],"is_beta":false,"boss_relics":[{"not_picked":["Runic Pyramid","Replay:Drink Me"],"picked":"Kintsugi"},{"not_picked":["REME_LowDesire","Tiny House"],"picked":"Painkiller Herb"}],"items_purged_floors":[3,8,28,39],"is_endless":false,"potions_floor_spawned":[6,10,11,18,22,32,40,41,43,48,49],"killed_by":"Donu and Deca","ascension_level":4}}