{"host":"vpaavrwbmey593fx","time":1611693856,"event":{"mods":["AchievementEnabler","BaseMod","Bestiary","Colored Map","Colored Powertips","DeckTracker","Minty Spire (QoL Compilation)","Relic Sorter"],"gold_per_floor":[112,112,131,142,154,154,180,180,180,210,227,237,257,275,275,371,371,387,387,406,406,406],"floor_reached":21,"language":"ENG","playtime":1872,"items_purged":[],"score":319,"play_id":"c5e9e76f-d5fa-47cb-88ee-bc9f32b41f32","local_time":"20210126124416","is_ascension_mode":true,"campfire_choices":[{"data":"Wallop","floor":6,"key":"SMITH"},{"data":"Ragnarok","floor":8,"key":"SMITH"},{"data":"ThirdEye","floor":15,"key":"SMITH"}],"circlet_count":0,"master_deck":["Defend_P","Defend_P","Defend_P","Defend_P","Eruption+1","Vigilance","Halt","FlurryOfBlows","Consecrate","Wallop+1","Ragnarok+1","ThirdEye+1","Blasphemy","Bite","Bite","Bite","Bite","Bite","Vengeance"],"relics":["PureWater","Ornamental Fan","HornCleat","Eternal Feather","Cursed Key"],"acts_visited":["Exordium","TheCity"],"potions_floor_usage":[7,10,16,16],"damage_taken":[{"damage":2,"enemies":"Jaw Worm","floor":1,"turns":5},{"damage":2,"enemies":"Cultist","floor":3,"turns":3},{"damage":0,"enemies":"Small Slimes","floor":4,"turns":2},{"damage":0,"enemies":"2 Fungi Beasts","floor":5,"turns":2},{"damage":18,"enemies":"3 Sentries","floor":7,"turns":5},{"damage":7,"enemies":"Lagavulin","floor":10,"turns":4},{"damage":0,"enemies":"Lots of Slimes","floor":11,"turns":3},{"damage":0,"enemies":"Red Slaver","floor":12,"turns":2},{"damage":10,"enemies":"3 Louse","floor":13,"turns":2},{"damage":2,"enemies":"Gremlin Gang","floor":14,"turns":4},{"damage":0,"enemies":"Slime Boss","floor":16,"turns":3},{"damage":5,"enemies":"Shell Parasite","floor":18,"turns":5},{"damage":0,"enemies":"Chosen","floor":20,"turns":4},{"damage":100006,"enemies":"Centurion and Healer","floor":21,"turns":4}],"seed_played":"1778277326454817282","potions_obtained":[{"floor":2,"key":"Ancient Potion"},{"floor":2,"key":"AttackPotion"},{"floor":2,"key":"DuplicationPotion"},{"floor":3,"key":"GamblersBrew"},{"floor":13,"key":"SkillPotion"},{"floor":14,"key":"AttackPotion"},{"floor":20,"key":"SteroidPotion"}],"is_trial":false,"path_per_floor":["M","?","M","M","M","R","E","R","T","E","M","M","M","M","R","B",null,"M","?","M","M"],"character_chosen":"WATCHER","items_purchased":[],"campfire_rested":0,"item_purchase_floors":[],"current_hp_per_floor":[70,70,68,68,68,68,50,50,50,43,43,43,33,31,40,40,72,67,50,50,0,0],"gold":406,"neow_bonus":"UPGRADE_CARD","is_daily":false,"chose_seed":false,"campfire_upgraded":3,"win_rate":0.0,"timestamp":1611693856,"path_taken":["M","?","?","M","M","R","E","R","T","E","M","M","M","M","R","BOSS","M","?","M","M"],"items_purchased_type":[],"build_version":"2020-12-22","purchased_purges":0,"victory":false,"max_hp_per_floor":[72,72,72,72,72,72,72,72,72,72,72,72,72,72,72,72,72,72,50,50,50,50],"card_choices":[{"not_picked":["ThirdEye","InnerPeace"],"picked":"Halt","floor":1},{"not_picked":["SandsOfTime","Wireheading"],"picked":"FlurryOfBlows","floor":3},{"not_picked":["FollowUp","BattleHymn"],"picked":"Consecrate","floor":4},{"not_picked":["LikeWater","ForeignInfluence"],"picked":"Wallop","floor":5},{"not_picked":["WreathOfFlame","Halt"],"picked":"Ragnarok","floor":7},{"not_picked":["Evaluate","Nirvana","Fasting2"],"picked":"SKIP","floor":10},{"not_picked":["FlyingSleeves","PathToVictory","Evaluate"],"picked":"SKIP","floor":11},{"not_picked":["SandsOfTime","WheelKick","WindmillStrike"],"picked":"SKIP","floor":12},{"not_picked":["EmptyMind","JustLucky"],"picked":"ThirdEye","floor":13},{"not_picked":["CrushJoints","EmptyFist","Halt"],"picked":"SKIP","floor":14},{"not_picked":["DevaForm","ConjureBlade"],"picked":"Blasphemy","floor":16},{"not_picked":["Conclude","Pray","FollowUp"],"picked":"SKIP","floor":18},{"not_picked":["Adaptation","Prostrate"],"picked":"Vengeance","floor":20}],"player_experience":281111,"relics_obtained":[{"floor":7,"key":"Ornamental Fan"},{"floor":9,"key":"HornCleat"},{"floor":10,"key":"Eternal Feather"}],"event_choices":[{"damage_healed":0,"gold_gain":0,"player_choice":"Got Potions","damage_taken":0,"max_hp_gain":0,"max_hp_loss":0,"event_name":"Lab","floor":2,"gold_loss":0},{"damage_healed":0,"gold_gain":0,"player_choice":"Became a vampire","damage_taken":0,"max_hp_gain":0,"max_hp_loss":22,"event_name":"Vampires","floor":19,"gold_loss":0,"cards_obtained":["Bite","Bite","Bite","Bite","Bite"]}],"is_beta":false,"boss_relics":[{"not_picked":["Runic Dome","Ectoplasm"],"picked":"Cursed Key"}],"items_purged_floors":[],"is_endless":false,"potions_floor_spawned":[3,5,13,14,20],"killed_by":"Centurion and Healer","ascension_level":4}}