{"host":"h4qgcirtxz6qax9j","time":1611679694,"event":{"mods":["2.2 Compatiblity","AchievementEnabler","BaseMod","Colored Powertips","Custom Start","Hermit","Marisa£¨Ùöéë¡¡Øª×âÞÞ£©","Minty Spire (QoL Compilation)","Replay The Spire","StSLib","SuperFastMode","The Servant 0.9.4"],"gold_per_floor":[112,124,69,69,69,69,81,112,174,204,233,264,80,102,136,148,148],"floor_reached":16,"language":"KOR","playtime":476,"items_purged":[],"score":129,"play_id":"6328561c-2c86-47d8-829e-de3c7c342d2c","local_time":"20210127014814","is_ascension_mode":false,"campfire_choices":[{"data":"UpSweep","floor":6.0,"key":"SMITH"}],"circlet_count":0,"master_deck":["Strike_MRS","Strike_MRS","Strike_MRS","Strike_MRS","Defend_MRS","Defend_MRS","Defend_MRS","Defend_MRS","MasterSpark","UpSweep+1","Defend_S","m_Survivalism","ShootTheMoon+1","RefractionSpark","UltimateShortwave","DC","DeepEcoloBomb"],"relics":["MiniHakkero","MawBank","Replay:Wax Seal","Replay:Bandana","Turnip"],"acts_visited":["Exordium"],"potions_floor_usage":[16,16,16],"damage_taken":[{"damage":0.0,"enemies":"Cultist","floor":1.0,"turns":3.0},{"damage":3.0,"enemies":"Jaw Worm","floor":2.0,"turns":3.0},{"damage":0.0,"enemies":"2 Louse","floor":7.0,"turns":2.0},{"damage":18.0,"enemies":"3 Sentries","floor":8.0,"turns":7.0},{"damage":1.0,"enemies":"Exordium Thugs","floor":10.0,"turns":4.0},{"damage":8.0,"enemies":"Gremlin Gang","floor":11.0,"turns":6.0},{"damage":7.0,"enemies":"Looter","floor":12.0,"turns":3.0},{"damage":11.0,"enemies":"Lots of Slimes","floor":14.0,"turns":4.0},{"damage":9,"enemies":"The Guardian","floor":16,"turns":8}],"seed_played":"-606839651978437683","potions_obtained":[{"floor":7.0,"key":"AttackPotion"},{"floor":8.0,"key":"Block Potion"},{"floor":12.0,"key":"Dexterity Potion"}],"is_trial":false,"path_per_floor":["M","M","$","?","?","R","M","E","T","M","M","M","$","M","R","B"],"character_chosen":"MARISA","items_purchased":["ShootTheMoon+1","Replay:Bandana","DC"],"campfire_rested":0,"item_purchase_floors":[3,13,13],"current_hp_per_floor":[89,86,86,91,91,91,91,73,73,72,64,57,57,46,9,0,0],"gold":148,"neow_bonus":"TWENTY_PERCENT_HP_BONUS","is_daily":false,"chose_seed":false,"campfire_upgraded":1,"win_rate":0.0,"timestamp":1611679694,"path_taken":["M","M","$","?","?","R","M","E","T","M","M","M","$","M","R","BOSS"],"items_purchased_type":["Card","Relic","Card"],"build_version":"2020-12-22","purchased_purges":0,"victory":false,"max_hp_per_floor":[89,89,89,94,94,94,94,94,94,94,94,94,94,94,94,94,94],"card_choices":[{"not_picked":["MilkyWay","PowerUp","SporeBomb"],"picked":"SKIP","floor":1.0},{"not_picked":["PropBag","NonDirectionalLaser","SuperPerseids"],"picked":"SKIP","floor":2.0},{"not_picked":["MachineGunSpark","PowerUp","Orbital"],"picked":"SKIP","floor":7.0},{"not_picked":["MachineGunSpark","MilkyWay"],"picked":"RefractionSpark","floor":8.0},{"not_picked":["Occultation","NonDirectionalLaser","DC"],"picked":"SKIP","floor":10.0},{"not_picked":["NonDirectionalLaser","GasGiant"],"picked":"UltimateShortwave","floor":11.0},{"not_picked":["Robbery","MagicChant","OrrerysSun"],"picked":"SKIP","floor":12.0},{"not_picked":["WitchLeyline","WitchOfGreed","ChargeUpSpray"],"picked":"SKIP","floor":14.0},{"not_picked":["EnergyFlow","OpenUniverse"],"picked":"DeepEcoloBomb","floor":15.0}],"player_experience":107521,"relics_obtained":[{"floor":8.0,"key":"MawBank"},{"floor":9.0,"key":"Replay:Wax Seal"},{"floor":15.0,"key":"Turnip"}],"event_choices":[{"damage_healed":0.0,"max_hp_gain":5.0,"max_hp_loss":0.0,"gold_gain":0.0,"event_name":"Big Fish","player_choice":"Donut","floor":4.0,"gold_loss":0.0,"damage_taken":0.0},{"damage_healed":0.0,"max_hp_gain":0.0,"max_hp_loss":0.0,"gold_gain":0.0,"event_name":"Liars Game","player_choice":"Ignored","floor":5.0,"gold_loss":0.0,"damage_taken":0.0}],"is_beta":false,"boss_relics":[],"items_purged_floors":[],"is_endless":false,"potions_floor_spawned":[7,8,12],"killed_by":"The Guardian","ascension_level":0}}