{"host":"y24pqu7jih1n8m3t","time":1611628800,"event":{"mods":["AchievementEnabler","BaseMod","Bestiary","Block Reminder","Colored Map","Colored Powertips","DeckTracker","Highlight Path","Minty Spire (QoL Compilation)","Permanent Neow","Quick Restart","Rare Cards Sparkle","Relic Stats"],"gold_per_floor":[117,131,146,157,157,188,207,238,290,308,308,48,48,65,65,167,167,184,58,68,84,7,7,22,22,45,45,74,84,103,113,113,113,113],"floor_reached":33,"language":"ENG","playtime":2587,"items_purged":["Zap"],"score":336,"play_id":"21cc0bef-19c8-4c95-a36c-9ad2f0d79aaa","local_time":"20210125214000","is_ascension_mode":true,"campfire_choices":[{"floor":13,"key":"REST"},{"data":"Blind","floor":15,"key":"SMITH"},{"data":"Reprogram","floor":23,"key":"SMITH"},{"data":"Scrape","floor":25,"key":"SMITH"},{"floor":27,"key":"REST"},{"floor":32,"key":"REST"}],"circlet_count":0,"master_deck":["Strike_B","Strike_B","Strike_B","Strike_B","Defend_B","Defend_B","Defend_B","Defend_B","Coolheaded","Conserve Battery","Go for the Eyes","Hyperbeam+1","Go for the Eyes","Gash","Scrape+1","Streamline","Steam","Aggregate","Blind+1","Gash","Sadistic Nature","Go for the Eyes","Scrape","All For One","Scrape+1","Gash","Reprogram+1","Beam Cell+1","Reprogram+1","Rip and Tear","Streamline","Go for the Eyes","Sweeping Beam"],"relics":["Nuclear Battery","Dead Branch","Lantern","Whetstone","SacredBark","Smiling Mask","Cables"],"acts_visited":["Exordium","TheCity"],"potions_floor_usage":[3,8,14,24,31,33],"damage_taken":[{"damage":7,"enemies":"Small Slimes","floor":1,"turns":4},{"damage":7,"enemies":"Jaw Worm","floor":2,"turns":3},{"damage":0,"enemies":"Cultist","floor":3,"turns":3},{"damage":4,"enemies":"Exordium Thugs","floor":4,"turns":6},{"damage":18,"enemies":"Gremlin Nob","floor":6,"turns":4},{"damage":0,"enemies":"2 Fungi Beasts","floor":7,"turns":1},{"damage":6,"enemies":"Lagavulin","floor":8,"turns":7},{"damage":3,"enemies":"Looter","floor":10,"turns":3},{"damage":5,"enemies":"Large Slime","floor":14,"turns":5},{"damage":20,"enemies":"Slime Boss","floor":16,"turns":9},{"damage":1,"enemies":"3 Byrds","floor":18,"turns":4},{"damage":21,"enemies":"Shell Parasite","floor":20,"turns":6},{"damage":11,"enemies":"Snake Plant","floor":21,"turns":4},{"damage":10,"enemies":"Centurion and Healer","floor":24,"turns":3},{"damage":13,"enemies":"Book of Stabbing","floor":28,"turns":4},{"damage":10,"enemies":"Snecko","floor":29,"turns":3},{"damage":18,"enemies":"Shelled Parasite and Fungi","floor":30,"turns":4},{"damage":10,"enemies":"Centurion and Healer","floor":31,"turns":2},{"damage":20,"enemies":"Automaton","floor":33,"turns":4}],"seed_played":"1531212909081032547","potions_obtained":[{"floor":2,"key":"AttackPotion"},{"floor":6,"key":"DistilledChaos"},{"floor":8,"key":"FearPotion"},{"floor":16,"key":"Fire Potion"},{"floor":21,"key":"LiquidMemories"},{"floor":30,"key":"Energy Potion"},{"floor":31,"key":"Strength Potion"}],"is_trial":false,"path_per_floor":["M","M","M","M","?","E","M","E","T","M","?","$","R","M","R","B",null,"M","$","M","M","$","R","M","R","T","R","E","M","M","M","R","B"],"character_chosen":"DEFECT","items_purchased":["Gash","Sadistic Nature","Go for the Eyes","Gash","Reprogram"],"campfire_rested":3,"item_purchase_floors":[12,12,12,19,22],"current_hp_per_floor":[68,61,61,57,57,39,39,33,33,30,30,30,52,47,47,27,75,74,74,53,42,42,42,32,32,32,54,41,31,13,3,25,5,5],"gold":113,"neow_bonus":"BOSS_RELIC","is_daily":false,"chose_seed":false,"campfire_upgraded":3,"win_rate":0.0,"timestamp":1611628800,"path_taken":["M","M","M","M","?","E","M","E","T","M","?","$","R","M","R","BOSS","M","$","?","M","$","R","M","R","T","R","E","M","M","M","R","BOSS"],"items_purchased_type":["Card","Card","Card","Card","Card"],"build_version":"2020-12-22","purchased_purges":1,"victory":false,"max_hp_per_floor":[75,75,75,75,75,75,75,75,75,75,75,75,75,75,75,75,75,75,75,75,75,75,75,75,75,75,75,75,75,75,75,75,75,75],"relic_stats":{"counters":[19,79],"Dead Branch":[3],"Whetstone":["Scrape","Hyperbeam"],"Smiling Mask":0,"obtain_stats":[{"Lantern":8,"Dead Branch":6,"SacredBark":17,"Whetstone":9,"Cracked Core":0,"Smiling Mask":26,"Nuclear Battery":0,"Cables":28},{"Lantern":7,"Dead Branch":5,"SacredBark":10,"Whetstone":7,"Cracked Core":0,"Smiling Mask":14,"Nuclear Battery":0,"Cables":15},{"Lantern":28,"Dead Branch":20,"SacredBark":45,"Whetstone":28,"Cracked Core":0,"Smiling Mask":62,"Nuclear Battery":0,"Cables":66}],"Cables":[13,0,0,0,13]},"card_choices":[{"not_picked":["Compile Driver","Double Energy"],"picked":"Coolheaded","floor":1},{"not_picked":["Stack","Leap"],"picked":"Conserve Battery","floor":2},{"not_picked":["Turbo","Beam Cell"],"picked":"Go for the Eyes","floor":3},{"not_picked":["Turbo","Beam Cell"],"picked":"Hyperbeam","floor":4},{"not_picked":["Stack","Heatsinks"],"picked":"Go for the Eyes","floor":6},{"not_picked":["Defragment","Barrage"],"picked":"Gash","floor":7},{"not_picked":["Beam Cell","Tempest"],"picked":"Scrape","floor":8},{"not_picked":["Sweeping Beam","Force Field"],"picked":"Streamline","floor":10},{"not_picked":["Double Energy","Steam"],"picked":"Scrape","floor":14},{"not_picked":["Seek","Fission"],"picked":"All For One","floor":16},{"not_picked":["Barrage","Melter"],"picked":"Scrape","floor":18},{"not_picked":["Conserve Battery+1","Hologram+1"],"picked":"Reprogram+1","floor":20},{"not_picked":["Turbo","Gash"],"picked":"Beam Cell+1","floor":21},{"not_picked":["Capacitor+1","Heatsinks"],"picked":"Rip and Tear","floor":24},{"not_picked":["Ball Lightning","Reinforced Body"],"picked":"Streamline","floor":28},{"not_picked":["Conserve Battery","Hologram"],"picked":"Go for the Eyes","floor":29},{"not_picked":["Ball Lightning","Cold Snap","Coolheaded+1"],"picked":"SKIP","floor":30},{"not_picked":["Ball Lightning","Force Field"],"picked":"Sweeping Beam","floor":31}],"player_experience":184566,"relics_obtained":[{"floor":6,"key":"Dead Branch"},{"floor":8,"key":"Lantern"},{"floor":9,"key":"Whetstone"},{"floor":26,"key":"Smiling Mask"},{"floor":28,"key":"Cables"}],"event_choices":[{"cards_removed":["Dualcast"],"damage_healed":0,"gold_gain":0,"player_choice":"Forget","damage_taken":0,"max_hp_gain":0,"max_hp_loss":0,"event_name":"Living Wall","floor":5,"gold_loss":0},{"damage_healed":0,"gold_gain":0,"player_choice":"3 cards matched","damage_taken":0,"max_hp_gain":0,"max_hp_loss":0,"event_name":"Match and Keep!","floor":11,"gold_loss":0,"cards_obtained":["Steam","Aggregate","Blind"]}],"is_beta":false,"boss_relics":[{"not_picked":["Snecko Eye","Inserter"],"picked":"SacredBark"}],"items_purged_floors":[19],"is_endless":false,"potions_floor_spawned":[2,6,8,16,21,30,31],"killed_by":"Automaton","ascension_level":2}}