{"host":"0mk07bycsqo1qk03","time":1611697484,"event":{"mods":["BaseMod","Downfall","Hermit","Hubris","Minty Spire (QoL Compilation)","StSLib","The Cursed"],"gold_per_floor":[99,110,560,129,146,166,191,191,219,219,219,219,233,28,38,135,135,135,154,154,154,154,172,172,72,72,125,139,139,139,171,189,189,189,189],"floor_reached":33,"language":"ENG","playtime":1768,"items_purged":["downfall:Icky"],"score":367,"play_id":"43aca104-cc82-422a-aacc-b025d7a116a4","local_time":"20210126224444","is_ascension_mode":true,"campfire_choices":[{"data":"hexamod:Float","floor":1,"key":"SMITH"},{"data":"hexamod:Sear","floor":8,"key":"SMITH"},{"data":"hexamod:ForkedFlame","floor":10,"key":"SMITH"},{"data":"expansioncontent:DashGenerateEvil","floor":18,"key":"SMITH"},{"data":"hexamod:UnlimitedPower","floor":26,"key":"SMITH"}],"circlet_count":0,"master_deck":["hexamod:Strike","hexamod:Strike","hexamod:Defend","hexamod:Defend","hexamod:Defend","hexamod:Sear+1","hexamod:Float+1","hexamod:Haunt","hexamod:FastForward","hexamod:NightmareGuise","hexamod:DynamicBlow","hexamod:SpectersWail","hubris:DuctTapeCard","hexamod:ForkedFlame+1","hexamod:FirstSeal","hexamod:NightmareStrike","hexamod:ChargedBarrage","expansioncontent:DashGenerateEvil+1","hexamod:HauntingEcho","hexamod:ApocalypseNow","hexamod:FirstSeal","hexamod:ThermalTransfer+1","hexamod:UnlimitedPower+1","hexamod:ShieldOfDarkness","hexamod:GhostOfSpirePast","hexamod:GhostLash","hexamod:PhantomCloak","hexamod:Hexaguard","hexamod:AdvancingGuard","hexamod:ExtraCrispy","Guardian:DonusPower","hexamod:FlameSwitch","hexamod:BurningTouch+1"],"relics":["hexamod:UnbrokenSoul","Juzu Bracelet","OrangePellets","Happy Flower","hubris:DuctTape","Pear","hubris:PeanutButter","Orichalcum","hubris:Icosahedron","Shuriken"],"acts_visited":["Exordium","TheCity"],"potions_floor_usage":[16,27,28,32,33,33,33],"damage_taken":[{"damage":0,"enemies":"2 Louse","floor":2,"turns":3},{"damage":0,"enemies":"downfall:FleeingMerchant","floor":4,"turns":4},{"damage":0,"enemies":"Cultist","floor":5,"turns":4},{"damage":8,"enemies":"Jaw Worm","floor":6,"turns":7},{"damage":12,"enemies":"3 Sentries","floor":9,"turns":6},{"damage":0,"enemies":"Large Slime","floor":13,"turns":4},{"damage":5,"enemies":"downfall:FleeingMerchant","floor":14,"turns":4},{"damage":3,"enemies":"Blue Slaver","floor":15,"turns":3},{"damage":8,"enemies":"WA_ARCHETYPE_RETAIN","floor":16,"turns":4},{"damage":16,"enemies":"3 Byrds","floor":19,"turns":4},{"damage":29,"enemies":"Snake Plant","floor":23,"turns":3},{"damage":0,"enemies":"downfall:FleeingMerchant","floor":25,"turns":4},{"damage":0,"enemies":"downfall:FleeingMerchant","floor":27,"turns":4},{"damage":0,"enemies":"3 Cultists","floor":28,"turns":5},{"damage":0,"enemies":"Book of Stabbing","floor":31,"turns":5},{"damage":0,"enemies":"Sentry and Sphere","floor":32,"turns":5},{"damage":103,"enemies":"IC_MUSHROOM_ARCHETYPE","floor":33,"turns":11}],"seed_played":"-5678694613286994256","potions_obtained":[{"floor":2,"key":"Regen Potion"},{"floor":5,"key":"Swift Potion"},{"floor":15,"key":"champ:CounterPotion"},{"floor":23,"key":"ColorlessPotion"},{"floor":28,"key":"DistilledChaos"},{"floor":31,"key":"Weak Potion"},{"floor":32,"key":"SneckoOil"}],"is_trial":false,"path_per_floor":["R","M","?","$","M","M","T","R","E","R","?","?","M","$","M","B",null,"R","M","?","?","T","M","T","$","R","$","M","?","?","E","M","B"],"character_chosen":"THE_SPIRIT","items_purchased":["hexamod:NightmareGuise","Juzu Bracelet","OrangePellets","expansioncontent:DashGenerateEvil","hexamod:ShieldOfDarkness","hexamod:GhostOfSpirePast","hexamod:PhantomCloak","hexamod:Hexaguard","Orichalcum","hexamod:AdvancingGuard"],"campfire_rested":0,"item_purchase_floors":[4,4,4,14,25,25,27,27,27,27],"current_hp_per_floor":[77,77,77,77,77,69,69,69,57,57,57,50,57,59,56,55,77,77,68,68,68,78,63,63,77,77,84,87,87,87,87,87,0,0,0],"gold":189,"neow_bonus":"TEN_PERCENT_HP_BONUS","is_daily":false,"chose_seed":false,"campfire_upgraded":5,"win_rate":0.0,"timestamp":1611697484,"path_taken":["R","M","?","$","M","M","T","R","E","R","?","?","M","$","M","BOSS","R","M","?","?","?","M","T","$","R","$","M","?","?","E","M","BOSS"],"items_purchased_type":["Card","Relic","Relic","Card","Card","Card","Card","Card","Relic","Card"],"build_version":"2020-12-22","purchased_purges":1,"victory":false,"max_hp_per_floor":[77,77,77,77,77,77,77,77,77,77,77,77,77,77,77,77,77,77,77,77,77,87,87,87,87,87,87,87,87,87,87,87,87,87,87],"card_choices":[{"not_picked":["hexamod:SkipABeat","hexamod:DynamicBlow"],"picked":"hexamod:Haunt","floor":2},{"not_picked":["hexamod:ThermalTransfer","hexamod:RadiantFlame"],"picked":"hexamod:FastForward","floor":4},{"not_picked":["hexamod:InspiringFlames","hexamod:FlamesFromBeyond"],"picked":"hexamod:DynamicBlow","floor":5},{"not_picked":["hexamod:FlamesFromBeyond","hexamod:SwordOfDarkness"],"picked":"hexamod:SpectersWail","floor":6},{"not_picked":["hexamod:HauntingEcho","hexamod:GhostLash"],"picked":"hexamod:ForkedFlame","floor":9},{"not_picked":["hexamod:GhostLash","hexamod:GhostflameBarrier"],"picked":"hexamod:NightmareStrike","floor":13},{"not_picked":["hexamod:Hexaguard","hexamod:FastForward"],"picked":"hexamod:ChargedBarrage","floor":14},{"not_picked":["hexamod:BurningTouch","hexamod:ThermalTransfer"],"picked":"hexamod:HauntingEcho","floor":15},{"not_picked":["hexamod:Toasty","hexamod:VolcanoVisage"],"picked":"hexamod:ApocalypseNow","floor":16},{"not_picked":["hexamod:NightmareStrike","hexamod:RadiantFlame"],"picked":"hexamod:FirstSeal","floor":19},{"not_picked":["hexamod:HeatMetal+1","hexamod:Firestarter"],"picked":"hexamod:ThermalTransfer+1","floor":23},{"not_picked":["hexamod:Hexaguard+1","hexamod:NightmareStrike"],"picked":"hexamod:UnlimitedPower","floor":25},{"not_picked":["hexamod:FastForward","hexamod:SpectralAdrenaline"],"picked":"hexamod:GhostLash","floor":27},{"not_picked":["hexamod:SkipABeat","hexamod:NightmareStrike"],"picked":"hexamod:ExtraCrispy","floor":28},{"not_picked":["hexamod:SuperheatedStrike","hexamod:CatchUp+1"],"picked":"hexamod:FlameSwitch","floor":31},{"not_picked":["hexamod:ShieldOfDarkness","hexamod:SwordOfDarkness"],"picked":"hexamod:BurningTouch+1","floor":32}],"player_experience":975703,"relics_obtained":[{"floor":7,"key":"Happy Flower"},{"floor":9,"key":"hubris:DuctTape"},{"floor":22,"key":"Pear"},{"floor":24,"key":"hubris:PeanutButter"},{"floor":31,"key":"Shuriken"}],"event_choices":[{"damage_healed":0,"gold_gain":0,"player_choice":"Ignored","damage_taken":0,"max_hp_gain":0,"max_hp_loss":0,"event_name":"Vampires","floor":21,"gold_loss":0},{"damage_healed":0,"gold_gain":0,"player_choice":"Read","damage_taken":0,"max_hp_gain":0,"max_hp_loss":0,"event_name":"The Library","floor":29,"gold_loss":0,"cards_obtained":["Guardian:DonusPower"]}],"is_beta":false,"boss_relics":[{"not_picked":["Snecko Eye","bronze:MakeshiftBattery"],"picked":"hexamod:UnbrokenSoul"}],"items_purged_floors":[4],"is_endless":false,"potions_floor_spawned":[2,5,15,23,28,31,32],"killed_by":"IC_MUSHROOM_ARCHETYPE","ascension_level":2}}