{"host":"0fm1w3v00gid44jl","time":1611691506,"event":{"mods":["AchievementEnabler","BaseMod","Colored Map","Colored Powertips","Displayed Cursed Tome","Downfall","Googly Eyes","Highlight Path","Minty Spire (QoL Compilation)","Permanent Neow","Relic Stats","StSLib","SuperFastMode","slay the spire mod where everything is the same but ironclad has a cowboy hat"],"gold_per_floor":[99,113,113,131,146,163,217,217,55,55,55,55,68,79,96,201,201,201,216,216,232,232,232,232,232,244,9,40,57,57,83,94,191,191,191,208,228,228,239,203,203,228,73,73,73,91,91,118,18,18],"floor_reached":51,"language":"ENG","playtime":2584,"items_purged":["bronze:Replicate"],"score":911,"play_id":"f68e761a-b56b-47dd-a67d-753001162a20","local_time":"20210126140506","is_ascension_mode":true,"campfire_choices":[{"data":"bronze:Boost","floor":1,"key":"SMITH"},{"data":"bronze:BuggyMess","floor":8,"key":"SMITH"},{"data":"bronze:Virus","floor":11,"key":"SMITH"},{"data":"bronze:BugBarrage","floor":18,"key":"SMITH"},{"data":"bronze:HardenedForm","floor":25,"key":"SMITH"},{"data":"bronze:Repair","floor":35,"key":"SMITH"},{"floor":44,"key":"RECALL"},{"data":"bronze:Philosophize","floor":47,"key":"SMITH"},{"data":"bronze:FineTuning","floor":49,"key":"SMITH"}],"circlet_count":0,"master_deck":["bronze:Defend","bronze:Defend","bronze:Defend","bronze:Goto","bronze:Virus+1","bronze:Boost+1","bronze:Branch","bronze:WildBeam","bronze:Shield","bronze:BuggyMess+1","bronze:Frontload","bronze:Virus+1","bronze:FineTuning+1","bronze:Repair+1","bronze:BugBarrage+1","bronze:HardenedForm+1","CurseOfTheBell","bronze:BugBarrage","bronze:CloningBeam+1","bronze:WhirlingStrike","bronze:Optimize+1","bronze:Philosophize+1","bronze:Refactor+1","bronze:Mutator+1","bronze:Iterate+1","bronze:ThunderWave+1","bronze:Shield+1","bronze:ForceShield+1","expansioncontent:Chronoboost+1","bronze:BugBarrage+1","bronze:Philosophize+1","downfall:Bewildered","downfall:Haunted","bronze:Repair+1","bronze:Iterate"],"relics":["bronze:BronzeCore","Guardian:PocketSentry","StoneCalendar","HornCleat","Calling Bell","Dream Catcher","bronze:CableSpool","Torii","Frozen Egg 2","Medical Kit","Potion Belt","downfall:ExtraCursedKey","Pantograph","Astrolabe","InkBottle","Strawberry","Sling","Pear","downfall:HeartBlessingRed"],"acts_visited":["Exordium","TheCity","TheBeyond"],"potions_floor_usage":[50,50,50,50,50,50,50],"damage_taken":[{"damage":0,"enemies":"Small Slimes","floor":2,"turns":2},{"damage":0,"enemies":"Cultist","floor":4,"turns":3},{"damage":4,"enemies":"Jaw Worm","floor":5,"turns":2},{"damage":6,"enemies":"Exordium Wildlife","floor":6,"turns":4},{"damage":0,"enemies":"downfall:FleeingMerchant","floor":9,"turns":4},{"damage":0,"enemies":"2 Fungi Beasts","floor":13,"turns":3},{"damage":0,"enemies":"Large Slime","floor":14,"turns":4},{"damage":0,"enemies":"3 Louse","floor":15,"turns":3},{"damage":16,"enemies":"WA_ARCHETYPE_RETAIN","floor":16,"turns":7},{"damage":11,"enemies":"3 Byrds","floor":19,"turns":5},{"damage":8,"enemies":"Spheric Guardian","floor":21,"turns":4},{"damage":7,"enemies":"Centurion and Healer","floor":26,"turns":4},{"damage":1,"enemies":"downfall:FleeingMerchant","floor":27,"turns":4},{"damage":23,"enemies":"Slavers","floor":28,"turns":4},{"damage":12,"enemies":"Shelled Parasite and Fungi","floor":29,"turns":4},{"damage":0,"enemies":"Book of Stabbing","floor":31,"turns":5},{"damage":0,"enemies":"3 Cultists","floor":32,"turns":3},{"damage":1,"enemies":"IC_MUSHROOM_ARCHETYPE","floor":33,"turns":5},{"damage":24,"enemies":"3 Shapes","floor":36,"turns":4},{"damage":0,"enemies":"Orb Walker","floor":37,"turns":3},{"damage":0,"enemies":"Spire Growth","floor":39,"turns":4},{"damage":0,"enemies":"downfall:FleeingMerchant","floor":40,"turns":4},{"damage":0,"enemies":"Nemesis","floor":42,"turns":5},{"damage":20,"enemies":"4 Shapes","floor":46,"turns":7},{"damage":26,"enemies":"Reptomancer","floor":48,"turns":6},{"damage":19,"enemies":"SI_POISON_ARCHETYPE","floor":50,"turns":8}],"seed_played":"6489765195745476869","potions_obtained":[{"floor":4,"key":"EntropicBrew"},{"floor":5,"key":"AttackPotion"},{"floor":14,"key":"Dexterity Potion"},{"floor":28,"key":"PowerPotion"},{"floor":29,"key":"Fire Potion"},{"floor":45,"key":"bronze:BurnAndBuffPotion"}],"is_trial":false,"path_per_floor":["R","M","?","M","M","M","T","R","$","T","R","T","M","M","M","B",null,"R","M","?","M","?","?","T","R","M","$","E","M","?","E","M","B",null,"R","M","M","?","M","$","T","E","$","R","?","M","R","E","R","B",null],"character_chosen":"THE_AUTOMATON","items_purchased":["bronze:Virus","Medical Kit","bronze:Optimize+1","InkBottle","bronze:Philosophize","Sling"],"campfire_rested":0,"item_purchase_floors":[9,27,27,40,40,43],"current_hp_per_floor":[49,49,49,49,45,39,39,39,39,39,39,39,39,39,47,39,70,70,68,68,62,62,62,62,62,55,61,47,42,42,52,60,69,70,70,46,56,56,66,66,66,77,77,77,77,67,67,71,71,72],"gold":18,"neow_bonus":"TRANSFORM_TWO_CARDS","is_daily":false,"chose_seed":false,"campfire_upgraded":8,"win_rate":0.0,"timestamp":1611691506,"path_taken":["R","M","?","M","M","?","T","R","$","?","R","?","M","?","M","BOSS","R","M","?","M","?","?","T","R","M","?","E","M","?","E","M","BOSS","R","M","M","?","M","$","T","E","$","R","?","?","R","E","R","BOSS"],"items_purchased_type":["Card","Relic","Card","Relic","Card","Relic"],"build_version":"2020-12-22","purchased_purges":1,"victory":true,"max_hp_per_floor":[70,70,70,70,70,70,70,70,70,70,70,70,70,70,70,70,70,70,70,70,70,70,70,70,70,70,70,70,70,70,70,70,70,70,70,70,70,70,70,70,70,77,77,77,77,77,77,87,87,87],"relic_stats":{"Dream Catcher":0,"Torii":12,"counters":[26,110],"Pantograph":26,"Astrolabe":["bronze:Iterate","bronze:ThunderWave","bronze:Shield"],"StoneCalendar":[94],"Medical Kit":[0],"obtain_stats":[{"Potion Belt":28,"bronze:BronzeCore":0,"Pear":48,"Torii":17,"downfall:HeartBlessingRed":49,"Astrolabe":34,"StoneCalendar":10,"Guardian:PocketSentry":7,"Frozen Egg 2":24,"Medical Kit":27,"Sling":43,"bronze:CableSpool":17,"Calling Bell":17,"Dream Catcher":17,"HornCleat":12,"Pantograph":31,"Strawberry":42,"downfall:ExtraCursedKey":30,"InkBottle":40},{"Potion Belt":14,"bronze:BronzeCore":0,"Pear":25,"Torii":9,"downfall:HeartBlessingRed":25,"Astrolabe":18,"StoneCalendar":5,"Guardian:PocketSentry":4,"Frozen Egg 2":11,"Medical Kit":13,"Sling":23,"bronze:CableSpool":9,"Calling Bell":9,"Dream Catcher":9,"HornCleat":5,"Pantograph":16,"Strawberry":23,"downfall:ExtraCursedKey":15,"InkBottle":22},{"Potion Belt":53,"bronze:BronzeCore":0,"Pear":102,"Torii":32,"downfall:HeartBlessingRed":102,"Astrolabe":70,"StoneCalendar":15,"Guardian:PocketSentry":11,"Frozen Egg 2":41,"Medical Kit":49,"Sling":89,"bronze:CableSpool":32,"Calling Bell":32,"Dream Catcher":32,"HornCleat":15,"Pantograph":62,"Strawberry":89,"downfall:ExtraCursedKey":57,"InkBottle":84}],"InkBottle":[9]},"card_choices":[{"not_picked":["bronze:BitShift","bronze:CutThrough"],"picked":"bronze:Branch","floor":2},{"not_picked":["bronze:Frontload","bronze:BuggyMess"],"picked":"bronze:WildBeam","floor":4},{"not_picked":["bronze:FineTuning","bronze:ItsAFeature"],"picked":"bronze:Shield","floor":5},{"not_picked":["bronze:WhirlingStrike","bronze:Iterate"],"picked":"bronze:BuggyMess","floor":6},{"not_picked":["bronze:Return","bronze:BitShift"],"picked":"bronze:Frontload","floor":9},{"not_picked":["bronze:BugBarrage","bronze:Allocate"],"picked":"bronze:FineTuning","floor":13},{"not_picked":["bronze:Overheat","bronze:BuggyMess"],"picked":"bronze:Repair","floor":14},{"not_picked":["bronze:Overheat","bronze:WhirlingStrike"],"picked":"bronze:BugBarrage","floor":15},{"not_picked":["bronze:HyperBeam","bronze:TinkerersToolbox"],"picked":"bronze:HardenedForm","floor":16},{"not_picked":["bronze:OilSpill","bronze:Deprecate+1"],"picked":"bronze:BugBarrage","floor":19},{"not_picked":["bronze:Deprecate","bronze:Turbo+1"],"picked":"bronze:CloningBeam+1","floor":21},{"not_picked":["bronze:BronzeArmor","bronze:Branch"],"picked":"bronze:WhirlingStrike","floor":26},{"not_picked":["bronze:BugBarrage","bronze:WhirlingStrike","bronze:Shield+1"],"picked":"SKIP","floor":27},{"not_picked":["bronze:Constructor+1","bronze:Verify+1"],"picked":"bronze:Philosophize+1","floor":28},{"not_picked":["bronze:Safeguard","bronze:Overload","bronze:Turbo+1"],"picked":"SKIP","floor":29},{"not_picked":["bronze:Invalidate+1","bronze:WhirlingStrike","bronze:Backtrace"],"picked":"SKIP","floor":31},{"not_picked":["bronze:ItsAFeature+1","bronze:DigitalCarnage"],"picked":"bronze:Refactor+1","floor":32},{"not_picked":["bronze:CleanCode+1","bronze:ThunderWave"],"picked":"bronze:Mutator+1","floor":33},{"not_picked":["bronze:OilSpill+1","bronze:Turbo+1"],"picked":"bronze:ForceShield+1","floor":36},{"not_picked":["bronze:DarkDash+1","bronze:Refactor","bronze:BitShift"],"picked":"SKIP","floor":37},{"not_picked":["expansioncontent:PolyBeam","expansioncontent:AwakenDeath+1"],"picked":"expansioncontent:Chronoboost+1","floor":38},{"not_picked":["bronze:OilSpill","bronze:DelayedGuard+1","bronze:MaxOutput+1"],"picked":"SKIP","floor":39},{"not_picked":["bronze:Shield+1","bronze:TinkerersToolbox"],"picked":"bronze:BugBarrage+1","floor":40},{"not_picked":["bronze:Refactor","bronze:Allocate+1","bronze:ThunderWave"],"picked":"SKIP","floor":42},{"not_picked":["bronze:CloningBeam","bronze:DigitalCarnage"],"picked":"bronze:Repair+1","floor":46},{"not_picked":["bronze:Separator","bronze:Turbo+1"],"picked":"bronze:Iterate","floor":48}],"player_experience":1499778,"relics_obtained":[{"floor":7,"key":"Guardian:PocketSentry"},{"floor":10,"key":"StoneCalendar"},{"floor":12,"key":"HornCleat"},{"floor":17,"key":"Dream Catcher"},{"floor":17,"key":"bronze:CableSpool"},{"floor":17,"key":"Torii"},{"floor":24,"key":"Frozen Egg 2"},{"floor":28,"key":"Potion Belt"},{"floor":31,"key":"Pantograph"},{"floor":42,"key":"Strawberry"},{"floor":48,"key":"Pear"}],"event_choices":[{"damage_healed":0,"gold_gain":0,"player_choice":"Ignored","damage_taken":0,"max_hp_gain":0,"max_hp_loss":0,"event_name":"Vampires","floor":22,"gold_loss":0},{"damage_healed":0,"gold_gain":0,"player_choice":"Ignored","damage_taken":0,"max_hp_gain":0,"max_hp_loss":0,"event_name":"Ghosts","floor":23,"gold_loss":0},{"damage_healed":0,"gold_gain":0,"player_choice":"Got Potions","damage_taken":0,"max_hp_gain":0,"max_hp_loss":0,"event_name":"Lab","floor":45,"gold_loss":0}],"is_beta":false,"boss_relics":[{"not_picked":["Fusion Hammer","Busted Crown"],"picked":"Calling Bell"},{"not_picked":["Tiny House","Sozu"],"picked":"Astrolabe"}],"items_purged_floors":[40],"is_endless":false,"potions_floor_spawned":[4,5,14,16,28,29,31,33,39,42,46,48],"ascension_level":2}}