{"host":"wq0pzln9h9r005f2","time":1611632960,"event":{"mods":["AchievementEnabler","BaseMod","Googly Eyes","Highlight Path","Minty Spire (QoL Compilation)","Quick Restart","Rare Cards Sparkle","Relic Stats","The IronCluck","egg"],"gold_per_floor":[111,61,75,41,141,172,172,198,243,243,258,271,43,68,68,68,68],"floor_reached":16,"language":"ENG","playtime":397,"items_purged":["Strike_R"],"score":236,"play_id":"e93d78b8-5af2-4b6a-9c43-e530b4941cb6","local_time":"20210125204920","is_ascension_mode":true,"campfire_choices":[{"data":"Flame Barrier","floor":7,"key":"SMITH"},{"data":"Flex","floor":10,"key":"SMITH"},{"data":"Bash","floor":15,"key":"SMITH"}],"circlet_count":0,"master_deck":["AscendersBane","Strike_R","Strike_R","Strike_R","Strike_R","Defend_R","Defend_R","Defend_R","Bash+1","Flame Barrier+1","Pommel Strike","Flex+1","Inflame","Feed"],"relics":["Burning Blood","NeowsBlessing","Anchor","InkBottle","Orichalcum","PreservedInsect","Blue Candle"],"acts_visited":["Exordium"],"potions_floor_usage":[8,14,16],"damage_taken":[{"damage":0,"enemies":"2 Louse","floor":1,"turns":1},{"damage":0,"enemies":"Small Slimes","floor":3,"turns":1},{"damage":0,"enemies":"3 Sentries","floor":6,"turns":1},{"damage":32,"enemies":"Gremlin Nob","floor":8,"turns":4},{"damage":1,"enemies":"Cultist","floor":11,"turns":3},{"damage":0,"enemies":"3 Louse","floor":12,"turns":3},{"damage":4,"enemies":"3 Sentries","floor":14,"turns":6},{"damage":71,"enemies":"The Guardian","floor":16,"turns":12}],"seed_played":"-3841646498877176419","potions_obtained":[{"floor":3,"key":"BlessingOfTheForge"},{"floor":8,"key":"Energy Potion"},{"floor":12,"key":"DistilledChaos"}],"is_trial":false,"path_per_floor":["M","?","M","$","?","E","R","E","T","R","M","M","$","E","R","B"],"character_chosen":"IRONCLAD","items_purchased":["Flame Barrier","PreservedInsect"],"campfire_rested":0,"item_purchase_floors":[4,13],"current_hp_per_floor":[78,78,80,80,80,80,80,54,54,54,59,65,65,67,67,0,0],"gold":68,"neow_bonus":"THREE_ENEMY_KILL","is_daily":false,"chose_seed":false,"campfire_upgraded":3,"win_rate":0.0,"timestamp":1611632960,"path_taken":["M","?","M","$","?","E","R","E","T","R","?","M","$","E","R","BOSS"],"items_purchased_type":["Card","Relic"],"build_version":"2020-12-22","purchased_purges":1,"victory":false,"max_hp_per_floor":[80,80,80,80,80,80,80,80,80,80,80,80,80,80,80,80,80],"relic_stats":{"counters":[8,31],"Blue Candle":[0],"PreservedInsect":31,"Orichalcum":[30],"obtain_stats":[{"Anchor":6,"NeowsBlessing":0,"Blue Candle":14,"PreservedInsect":13,"Orichalcum":9,"Burning Blood":0,"InkBottle":8},{"Anchor":3,"NeowsBlessing":0,"Blue Candle":7,"PreservedInsect":6,"Orichalcum":4,"Burning Blood":0,"InkBottle":4},{"Anchor":3,"NeowsBlessing":0,"Blue Candle":19,"PreservedInsect":13,"Orichalcum":7,"Burning Blood":0,"InkBottle":7}],"Burning Blood":32,"InkBottle":[6]},"card_choices":[{"not_picked":["Thunderclap","Clash","Wild Strike"],"picked":"SKIP","floor":1},{"not_picked":["Second Wind","Havoc","Pummel"],"picked":"SKIP","floor":3},{"not_picked":["Bludgeon","Intimidate"],"picked":"Pommel Strike","floor":6},{"not_picked":["Sword Boomerang","Second Wind"],"picked":"Flex","floor":8},{"not_picked":["Flex","Dark Embrace","Cleave"],"picked":"SKIP","floor":11},{"not_picked":["Flex","Dark Embrace","Cleave"],"picked":"SKIP","floor":11},{"not_picked":["Headbutt","True Grit"],"picked":"Inflame","floor":12},{"not_picked":["Shrug It Off","Clothesline"],"picked":"Feed","floor":14}],"player_experience":91266,"relics_obtained":[{"floor":6,"key":"Anchor"},{"floor":8,"key":"InkBottle"},{"floor":9,"key":"Orichalcum"},{"floor":14,"key":"Blue Candle"}],"event_choices":[{"cards_removed":["Defend_R"],"damage_healed":0,"gold_gain":0,"player_choice":"Card Removal","damage_taken":0,"max_hp_gain":0,"max_hp_loss":0,"event_name":"The Cleric","floor":2,"gold_loss":50},{"damage_healed":0,"gold_gain":100,"player_choice":"Pray","damage_taken":0,"max_hp_gain":0,"max_hp_loss":0,"event_name":"Golden Shrine","floor":5,"gold_loss":0}],"is_beta":false,"boss_relics":[],"items_purged_floors":[13],"is_endless":false,"potions_floor_spawned":[3,8,12],"killed_by":"The Guardian","ascension_level":13}}