{"host":"1tl36azeqm6yhdgj","time":1611686284,"event":{"mods":["AchievementEnabler","BaseMod","Minty Spire (QoL Compilation)","StSLib","The IronCluck","everything is the same but u backflip on backflip"],"gold_per_floor":[119,137,153,169,181,206,206,206,206],"floor_reached":8,"language":"ENG","playtime":324,"items_purged":[],"score":120,"play_id":"3f9bea03-4338-451f-8dda-2aebb88e5602","local_time":"20210126133804","is_ascension_mode":true,"campfire_choices":[{"data":"Uppercut","floor":7,"key":"SMITH"}],"circlet_count":0,"master_deck":["AscendersBane","Strike_R","Strike_R","Strike_R","Strike_R","Strike_R","Defend_R","Defend_R","Defend_R","Defend_R","Bash","Flex","Uppercut+1","Clash","Pummel","Searing Blow","Demon Form"],"relics":["Burning Blood","NeowsBlessing","Eternal Feather"],"acts_visited":["Exordium"],"potions_floor_usage":[6,6,6],"damage_taken":[{"damage":0,"enemies":"Cultist","floor":1,"turns":1},{"damage":0,"enemies":"2 Louse","floor":2,"turns":1},{"damage":0,"enemies":"Jaw Worm","floor":3,"turns":1},{"damage":16,"enemies":"Large Slime","floor":4,"turns":7},{"damage":25,"enemies":"Exordium Thugs","floor":5,"turns":4},{"damage":18,"enemies":"Lagavulin","floor":6,"turns":6},{"damage":50,"enemies":"3 Sentries","floor":8,"turns":8}],"seed_played":"8321253780921703374","potions_obtained":[{"floor":4,"key":"FearPotion"},{"floor":5,"key":"EntropicBrew"}],"is_trial":false,"path_per_floor":["M","M","M","M","M","E","R","E"],"character_chosen":"IRONCLAD","items_purchased":[],"campfire_rested":0,"item_purchase_floors":[],"current_hp_per_floor":[74,75,75,65,46,34,43,0,0],"gold":206,"neow_bonus":"THREE_ENEMY_KILL","is_daily":false,"chose_seed":false,"campfire_upgraded":1,"win_rate":0.0,"timestamp":1611686284,"path_taken":["M","?","M","M","M","E","R","E"],"items_purchased_type":[],"build_version":"2020-12-22","purchased_purges":0,"victory":false,"max_hp_per_floor":[75,75,75,75,75,75,75,75,75],"card_choices":[{"not_picked":["Wild Strike","Armaments"],"picked":"Flex","floor":1},{"not_picked":["Pommel Strike","Iron Wave"],"picked":"Uppercut","floor":2},{"not_picked":["Perfected Strike","Headbutt"],"picked":"Clash","floor":3},{"not_picked":["Warcry","Clothesline"],"picked":"Pummel","floor":4},{"not_picked":["Twin Strike","Perfected Strike"],"picked":"Searing Blow","floor":5},{"not_picked":["Impervious","Sword Boomerang"],"picked":"Demon Form","floor":6}],"player_experience":2069239,"relics_obtained":[{"floor":6,"key":"Eternal Feather"}],"event_choices":[],"is_beta":false,"boss_relics":[],"items_purged_floors":[],"is_endless":false,"potions_floor_spawned":[4,5],"killed_by":"3 Sentries","ascension_level":20}}