{"host":"6qo42zgaknezulyg","time":1611667241,"event":{"mods":["2.2 Compatiblity","BaseMod","Faster Ascension Climbing","Keyboard Shortcuts","Minty Spire (QoL Compilation)","Permanent Neow","Quick Restart","Remilia£¨?Ú·×é?£©","StSLib","SuperFastMode"],"gold_per_floor":[112,131,206,256,15,15,34,60,60,60,76,95,120,148,148,227,227,247,267,192,3,20,20,49,49,72,98,109,144,163,78,78,155,155,155,155],"floor_reached":35,"language":"ENG","playtime":1996,"items_purged":["Strike_RM"],"score":950,"play_id":"713c92d2-33e9-4ebf-abb7-6a3ccbad8f35","local_time":"20210126222041","is_ascension_mode":true,"campfire_choices":[{"data":"BloodySeventeenLaser","floor":6.0,"key":"SMITH"},{"data":"TwelveNightmare","floor":10.0,"key":"SMITH"},{"data":"MiserableFate","floor":15.0,"key":"SMITH"},{"data":"UnstableMagic","floor":23.0,"key":"SMITH"},{"data":"MastersStateliness","floor":25.0,"key":"SMITH"},{"data":"DiffusionOfMisfortune","floor":32.0,"key":"SMITH"}],"circlet_count":0,"master_deck":["AscendersBane","Strike_RM","Strike_RM","Defend_RM","Defend_RM","Defend_RM","Defend_RM","RedMoon","ScarletShoot","BloodySeventeenLaser+1","Stigmanizer","TwelveNightmare+1","VampireFantasy","MiserableFate+1","DiffusionOfMisfortune+1","MastersStateliness+1","ForecastOfChange","UnstableMagic+1","ReincarnationDial+1","SuperhumanBloodyKnife+1","HeartBreak+1","ScarletImprint+1","TransientEternity"],"relics":["ScarletHat","Vajra","Kunai","Pantograph","Akabeko","Singing Bowl","Black Star","Happy Flower","Molten Egg 2","Bag of Preparation","Dream Catcher","Boot","Smiling Mask","Oddly Smooth Stone","Anchor","TungstenRod","Sozu"],"acts_visited":["Exordium","TheCity","TheBeyond"],"potions_floor_usage":[],"damage_taken":[{"damage":0.0,"enemies":"Small Slimes","floor":1.0,"turns":4.0},{"damage":1.0,"enemies":"Cultist","floor":2.0,"turns":5.0},{"damage":1.0,"enemies":"Jaw Worm","floor":7.0,"turns":2.0},{"damage":9.0,"enemies":"3 Sentries","floor":8.0,"turns":10.0},{"damage":0.0,"enemies":"2 Fungi Beasts","floor":11.0,"turns":2.0},{"damage":2.0,"enemies":"Large Slime","floor":12.0,"turns":7.0},{"damage":0.0,"enemies":"Lagavulin","floor":14.0,"turns":1.0},{"damage":28.0,"enemies":"Hexaghost","floor":16.0,"turns":3.0},{"damage":2.0,"enemies":"Chosen","floor":18.0,"turns":5.0},{"damage":10.0,"enemies":"Shell Parasite","floor":19.0,"turns":2.0},{"damage":1.0,"enemies":"3 Cultists","floor":22.0,"turns":6.0},{"damage":11.0,"enemies":"Book of Stabbing","floor":24.0,"turns":4.0},{"damage":0.0,"enemies":"Gremlin Leader","floor":27.0,"turns":1.0},{"damage":0.0,"enemies":"Centurion and Healer","floor":28.0,"turns":8.0},{"damage":11.0,"enemies":"Slavers","floor":29.0,"turns":7.0},{"damage":0.0,"enemies":"Snake Plant","floor":30.0,"turns":3.0},{"damage":16.0,"enemies":"Automaton","floor":33.0,"turns":5.0},{"damage":80,"enemies":"3 Shapes","floor":35,"turns":2}],"seed_played":"5003386821742648491","potions_obtained":[{"floor":1.0,"key":"SpeedPotion"},{"floor":2.0,"key":"LiquidMemories"},{"floor":11.0,"key":"LiquidMemories"},{"floor":12.0,"key":"EntropicBrew"},{"floor":28.0,"key":"BlessingOfTheForge"},{"floor":33.0,"key":"Energy Potion"}],"is_trial":false,"path_per_floor":["M","M","?","?","$","R","M","E","T","R","M","M","T","E","R","B",null,"M","M","?","$","M","R","E","R","T","E","M","E","M","?","R","B",null,"M"],"character_chosen":"REMILIA","items_purchased":["Vajra","Happy Flower","UnstableMagic"],"campfire_rested":0,"item_purchase_floors":[5,21,21],"current_hp_per_floor":[63,64,53,46,46,46,46,37,37,37,37,36,36,36,36,39,62,64,56,56,56,57,57,50,50,50,50,50,41,43,43,43,65,75,0,0],"gold":155,"neow_bonus":"ONE_RANDOM_RARE_CARD","is_daily":false,"chose_seed":false,"campfire_upgraded":6,"win_rate":0.0,"timestamp":1611667241,"path_taken":["M","M","?","?","$","R","?","E","T","R","M","M","?","E","R","BOSS","M","M","?","$","M","R","E","R","T","E","M","E","M","?","R","BOSS","M"],"items_purchased_type":["Relic","Relic","Card"],"build_version":"2020-12-22","purchased_purges":1,"victory":false,"max_hp_per_floor":[70,70,70,70,70,70,70,70,70,70,70,70,70,70,70,70,70,72,74,74,74,74,74,74,74,74,74,74,76,78,78,78,78,78,78,78],"card_choices":[{"not_picked":["StarOfDavid","RedMagic"],"picked":"Stigmanizer","floor":1.0},{"not_picked":["UltimateOffering","Stigmanizer"],"picked":"TwelveNightmare","floor":2.0},{"not_picked":["UnderTheZenith","BombardNight"],"picked":"VampireFantasy","floor":7.0},{"not_picked":["FavorOfDestiny","ReincarnationDial"],"picked":"MiserableFate","floor":8.0},{"not_picked":["RedRainbow","RedMagic"],"picked":"DiffusionOfMisfortune","floor":11.0},{"not_picked":["StarOfDavid","ScarletImprint","ChainGang"],"picked":"SKIP","floor":12.0},{"not_picked":["StarOfDavid","ScarletImprint","ChainGang"],"picked":"SKIP","floor":12.0},{"not_picked":["MiserableFate","UltimateOffering"],"picked":"MastersStateliness","floor":14.0},{"not_picked":["ScarletMeister","BloodRain"],"picked":"ForecastOfChange","floor":16.0},{"not_picked":["BloodHunter","ScarletDevil","VampirishNight"],"picked":"Singing Bowl","floor":18.0},{"not_picked":["BombardNight","ScarletDevilSign","NightDance"],"picked":"Singing Bowl","floor":19.0},{"not_picked":["BombardNight","StarOfDavid"],"picked":"ReincarnationDial+1","floor":22.0},{"not_picked":["EndlessAdversity+1","FavorOfDestiny"],"picked":"SuperhumanBloodyKnife+1","floor":24.0},{"not_picked":["DemonKingCradle","ScarletNetherworld"],"picked":"HeartBreak+1","floor":27.0},{"not_picked":["EndlessAdversity+1","RedRainbow+1"],"picked":"ScarletImprint+1","floor":28.0},{"not_picked":["ScarletImprint+1","LeisurelyOfLord+1","GlobalNightmare"],"picked":"Singing Bowl","floor":29.0},{"not_picked":["EmergencyRegeneration","MiserableFate","FavorOfDestiny"],"picked":"Singing Bowl","floor":30.0},{"not_picked":["ScarletMeister","BloodRain"],"picked":"TransientEternity","floor":33.0}],"player_experience":731496,"relics_obtained":[{"floor":8.0,"key":"Kunai"},{"floor":9.0,"key":"Pantograph"},{"floor":13.0,"key":"Akabeko"},{"floor":14.0,"key":"Singing Bowl"},{"floor":24.0,"key":"Molten Egg 2"},{"floor":24.0,"key":"Bag of Preparation"},{"floor":26.0,"key":"Dream Catcher"},{"floor":27.0,"key":"Boot"},{"floor":27.0,"key":"Smiling Mask"},{"floor":29.0,"key":"Oddly Smooth Stone"},{"floor":29.0,"key":"Anchor"}],"event_choices":[{"damage_healed":0.0,"max_hp_gain":0.0,"max_hp_loss":0.0,"gold_gain":75.0,"event_name":"World of Goop","player_choice":"Gather Gold","floor":3.0,"gold_loss":0.0,"damage_taken":11.0},{"damage_healed":0.0,"max_hp_gain":0.0,"max_hp_loss":0.0,"gold_gain":50.0,"event_name":"FaceTrader","player_choice":"Touch","floor":4.0,"gold_loss":0.0,"damage_taken":7.0},{"cards_removed":["Strike_RM"],"damage_healed":0.0,"max_hp_gain":0.0,"max_hp_loss":0.0,"gold_gain":0.0,"event_name":"Beggar","player_choice":"Gave Gold","floor":20.0,"gold_loss":75.0,"damage_taken":0.0},{"damage_healed":0.0,"max_hp_gain":0.0,"max_hp_loss":0.0,"gold_gain":0.0,"event_name":"Addict","player_choice":"Obtained Relic","floor":31.0,"gold_loss":85.0,"damage_taken":0.0,"relics_obtained":["TungstenRod"]}],"is_beta":false,"boss_relics":[{"not_picked":["Runic Pyramid","SlaversCollar"],"picked":"Black Star"},{"not_picked":["Snecko Eye","Empty Cage"],"picked":"Sozu"}],"items_purged_floors":[5],"is_endless":false,"potions_floor_spawned":[1,2,11,12,19,28,33],"killed_by":"3 Shapes","ascension_level":20}}