{"host":"ojezjkpqju62j8xy","time":1611639313,"event":{"mods":["ATMod(°¢èªMod)","Act Like it!","Aspiration","BaseMod","Conspire","Minty Spire (QoL Compilation)","Pale of the Ancients","Replay The Spire","Spicy Shops","StSLib","[GremlinLeader]The Maniac","¡¾ÒÅÎï¿¨ÅÆ¡¿REMEMod"],"gold_per_floor":[110,110,127,140,157,189,189,298,347,415,415,12,82,140,140,311,311,375,425,464,554,590,590,642,642,642,842,946,946,1005,1005,1005,1102,1202,1292,1433,1678,1765,1765,1820,1820,1935,1981,2033,2086,2086,2124,660,660,685,685,685,685],"floor_reached":52,"language":"ZHS","playtime":2065,"items_purged":["Pain"],"score":1698,"play_id":"1aee7dfa-6a28-419e-8a74-ad2277f4ecd5","local_time":"20210126133513","is_ascension_mode":true,"campfire_choices":[{"floor":7.0,"key":"RECALL"},{"floor":11.0,"key":"REST"},{"data":"maniac:HammerDown","floor":15.0,"key":"SMITH"},{"floor":23.0,"key":"REST"},{"floor":25.0,"key":"REST"},{"floor":29.0,"key":"DIG"},{"floor":32.0,"key":"REST"},{"floor":41.0,"key":"DIG"},{"floor":49.0,"key":"DIG"}],"circlet_count":0,"master_deck":["AscendersBane","Strike_G","Strike_G","Strike_G","Strike_G","Strike_G","Defend_G","Defend_G","Defend_G","Defend_G","Defend_G","Survivor","Neutralize","AT_MachinaRedman+1","maniac:HammerDown+1","Deep Breath","PiercingWail","Slice","Blade Dance","Crippling Poison","Predator","Bullet Time","Blade Dance","Replay:Poison Smokescreen","ReplayTheSpireMod:Scrap Shanks","Flying Knee+1","Survey Options","REME_ShadowStrike","Finisher","Envenom","Expertise","Deflect","Poisoned Stab","Tactician","Dagger Spray","Flying Knee+1","Skewer+1","Footwork","Decay","REME_LeechingPoison","Prepared+1","Finisher+1","REME_ShadowStrike","Terror+1","Accuracy","Prepared","Terror","AT_WindFlip","All Out Attack","Slice","Night Terror","REME_Flogging","ReplayTheSpireMod:Private Reserves","Escape Plan","REME_GreenPollution"],"relics":["Ring of the Snake","AT_ATBox","REME_ComplimentaryCards","AT_MibuBalloonWealth","Bag of Marbles","AT_ArcaneBoots","BargainBundle","Du-Vu Doll","Ancient Tea Set","Ring of Chaos","Lantern","Shovel","Divine Protection","Bag of Preparation","Matryoshka","Akabeko","Replay:Wanted Poster","Lizard Tail","Calipers","Juzu Bracelet","Potion Belt","Strawberry","conspire:TopHat","Sling","conspire:GiftBox","AT_ImmortalShieldbow","REME_PuzzleBoxRelic","Sundial","paleoftheancients:Timepiece","paleoftheancients:KeyRelic","CultistMask"],"acts_visited":["Exordium","TheCity","TheBeyond","paleoftheancients:PaleOfTheAncients"],"potions_floor_usage":[],"damage_taken":[{"damage":0.0,"enemies":"Jaw Worm","floor":1.0,"turns":3.0},{"damage":1.0,"enemies":"Small Slimes","floor":3.0,"turns":3.0},{"damage":0.0,"enemies":"2 Louse","floor":4.0,"turns":1.0},{"damage":0.0,"enemies":"Lots of Slimes","floor":5.0,"turns":3.0},{"damage":13.0,"enemies":"Lagavulin","floor":6.0,"turns":9.0},{"damage":20.0,"enemies":"3 Sentries","floor":8.0,"turns":3.0},{"damage":0.0,"enemies":"2 Fungi Beasts","floor":10.0,"turns":2.0},{"damage":0.0,"enemies":"Exordium Wildlife","floor":13.0,"turns":1.0},{"damage":6.0,"enemies":"Gremlin Nob","floor":14.0,"turns":3.0},{"damage":42.0,"enemies":"Fading Forest","floor":16.0,"turns":11.0},{"damage":6.0,"enemies":"2 Thieves","floor":18.0,"turns":3.0},{"damage":0.0,"enemies":"Chosen","floor":20.0,"turns":1.0},{"damage":0.0,"enemies":"3 Cultists","floor":21.0,"turns":4.0},{"damage":27.0,"enemies":"Snake Plant","floor":22.0,"turns":3.0},{"damage":24.0,"enemies":"Gremlin Leader","floor":24.0,"turns":3.0},{"damage":0.0,"enemies":"Colosseum Slavers","floor":27.0,"turns":3.0},{"damage":1.0,"enemies":"Colosseum Nobs","floor":27.0,"turns":2.0},{"damage":0.0,"enemies":"Slavers","floor":28.0,"turns":2.0},{"damage":0.0,"enemies":"Book of Stabbing","floor":30.0,"turns":1.0},{"damage":48.0,"enemies":"conspire:MysteriousRune","floor":33.0,"turns":5.0},{"damage":3.0,"enemies":"3 Shapes","floor":35.0,"turns":3.0},{"damage":3.0,"enemies":"3 Darklings","floor":36.0,"turns":4.0},{"damage":13.0,"enemies":"Jaw Worm Horde","floor":38.0,"turns":3.0},{"damage":6.0,"enemies":"Giant Head","floor":40.0,"turns":6.0},{"damage":44.0,"enemies":"4 Shapes","floor":42.0,"turns":5.0},{"damage":0.0,"enemies":"Nemesis","floor":45.0,"turns":1.0},{"damage":34.0,"enemies":"Writhing Mass","floor":47.0,"turns":4.0},{"damage":70.0,"enemies":"Time Eater","floor":50.0,"turns":7.0},{"damage":81,"enemies":"Time Eater","floor":51,"turns":7},{"damage":94,"enemies":"Time Eater","floor":52,"turns":4}],"seed_played":"-8543940053830912749","potions_obtained":[{"floor":4.0,"key":"Weak Potion"},{"floor":6.0,"key":"FearPotion"},{"floor":8.0,"key":"Poison Potion"},{"floor":16.0,"key":"REME_GoldPotion"},{"floor":18.0,"key":"Ancient Potion"},{"floor":24.0,"key":"Block Potion"},{"floor":27.0,"key":"Swift Potion"},{"floor":30.0,"key":"conspire:TimeTravelPotion"},{"floor":36.0,"key":"Swift Potion"},{"floor":42.0,"key":"DistilledChaos"}],"is_trial":false,"path_per_floor":["M","?","M","M","M","E","R","E","T","M","R","$","M","E","R","B",null,"M","?","M","M","M","R","E","R","T","?","E","R","E","?","R","B",null,"M","M","?","M","?","E","R","M","T","T","E","?","M","$","R","B","M","M"],"character_chosen":"THE_SILENT","items_purchased":["BargainBundle","Du-Vu Doll","Blade Dance","Replay:Poison Smokescreen","ReplayTheSpireMod:Scrap Shanks","Flying Knee+1","Survey Options","Sling","conspire:GiftBox","CultistPotion","REME_Flogging","ReplayTheSpireMod:Private Reserves","CultistPotion","Escape Plan","REME_GreenPollution","AT_ImmortalShieldbow","REME_PuzzleBoxRelic"],"campfire_rested":4,"item_purchase_floors":[12,12,12,12,12,12,12,48,48,48,48,48,48,48,48,48,48],"current_hp_per_floor":[59,59,58,58,58,45,45,25,25,25,44,44,44,38,38,4,51,45,45,45,45,18,37,13,32,32,31,31,31,31,31,50,2,50,47,63,63,66,62,56,56,22,22,29,56,56,51,51,51,66,73,0,0],"gold":685,"neow_bonus":"RANDOM_COLORLESS","is_daily":false,"chose_seed":false,"campfire_upgraded":1,"win_rate":0.0,"timestamp":1611639313,"path_taken":["M","?","M","M","M","E","R","E","T","M","R","$","M","E","R","BOSS","M","?","M","M","M","R","E","R","T","?","E","R","E","?","R","BOSS","M","M","?","?","?","E","R","M","T","?","E","?","M","$","R","BOSS","M","M"],"items_purchased_type":["Relic","Relic","Card","Card","Card","Card","Card","Relic","Relic","Potion","Card","Card","Potion","Card","Card","Relic","Relic"],"build_version":"2020-12-22","purchased_purges":1,"victory":false,"max_hp_per_floor":[66,66,66,66,66,66,66,66,66,66,66,66,66,66,66,66,66,66,66,66,66,66,66,66,66,66,66,66,66,66,66,66,66,66,66,66,66,66,66,66,66,66,66,73,73,73,73,73,73,73,73,73,73],"card_choices":[{"not_picked":["Replay:Parry","REME_ShortnessOfBreath"],"picked":"Deep Breath","floor":0.0},{"not_picked":["Quick Slash","Calculated Gamble"],"picked":"PiercingWail","floor":1.0},{"not_picked":["Deflect","Prepared"],"picked":"Slice","floor":3.0},{"not_picked":["Bane","Acrobatics"],"picked":"Blade Dance","floor":4.0},{"not_picked":["AT_TwilightShroud","AT_ShadowStep"],"picked":"Crippling Poison","floor":5.0},{"not_picked":["Fluid Movement","Setup"],"picked":"Predator","floor":6.0},{"not_picked":["PiercingWail","ReplayTheSpireMod:The Works"],"picked":"Bullet Time","floor":8.0},{"not_picked":["Fluid Movement","Acrobatics"],"picked":"Deadly Poison","floor":10.0},{"not_picked":["conspire:PoisonWeapons","Backflip"],"picked":"REME_ShadowStrike","floor":13.0},{"not_picked":["Footwork","Blade Dance"],"picked":"Finisher","floor":14.0},{"not_picked":["Glass Knife","Tools of the Trade"],"picked":"Envenom","floor":16.0},{"not_picked":["AT_ThistleTea","Deadly Poison"],"picked":"Expertise","floor":18.0},{"not_picked":["Hidden Blade","Cloak And Dagger"],"picked":"Deflect","floor":20.0},{"not_picked":["Setup","Slice"],"picked":"Poisoned Stab","floor":21.0},{"not_picked":["AT_ThistleTea","Cloak And Dagger"],"picked":"Tactician","floor":22.0},{"not_picked":["ReplayTheSpireMod:Scrap Shanks","Accuracy"],"picked":"Dagger Spray","floor":24.0},{"not_picked":["Outmaneuver","Dodge and Roll"],"picked":"Flying Knee+1","floor":27.0},{"not_picked":["Catalyst","REME_ShadowForm"],"picked":"Skewer+1","floor":28.0},{"not_picked":["Underhanded Strike","Escape Plan"],"picked":"Footwork","floor":30.0},{"not_picked":["REME_GrazeFinale","aspiration:Lunge"],"picked":"REME_LeechingPoison","floor":33.0},{"not_picked":["Slice","Underhanded Strike"],"picked":"Prepared+1","floor":35.0},{"not_picked":["Quick Slash","Poisoned Stab"],"picked":"Finisher+1","floor":36.0},{"not_picked":["conspire:PoisonWeapons","Deflect"],"picked":"REME_ShadowStrike","floor":37.0},{"not_picked":["Backflip+1","PiercingWail"],"picked":"Terror+1","floor":37.0},{"not_picked":["PiercingWail","All Out Attack"],"picked":"Accuracy","floor":37.0},{"not_picked":["Bullet Time","Reflex"],"picked":"Prepared","floor":38.0},{"not_picked":["AT_ThistleTea","REME_ShadowStrike"],"picked":"Terror","floor":40.0},{"not_picked":["Fluid Movement","AT_FocusSwordFire"],"picked":"AT_WindFlip","floor":42.0},{"not_picked":["REME_GreenPollution","Caltrops"],"picked":"All Out Attack","floor":45.0},{"not_picked":["Blur","Deadly Poison"],"picked":"Slice","floor":47.0},{"not_picked":["Unload","Tools of the Trade"],"picked":"Night Terror","floor":48.0}],"player_experience":1378519,"relics_obtained":[{"floor":6.0,"key":"AT_MibuBalloonWealth"},{"floor":8.0,"key":"Bag of Marbles"},{"floor":9.0,"key":"AT_SpeedBoots"},{"floor":14.0,"key":"Ancient Tea Set"},{"floor":24.0,"key":"Lantern"},{"floor":27.0,"key":"Shovel"},{"floor":27.0,"key":"Divine Protection"},{"floor":28.0,"key":"Bag of Preparation"},{"floor":29.0,"key":"Matryoshka"},{"floor":30.0,"key":"Akabeko"},{"floor":40.0,"key":"Lizard Tail"},{"floor":41.0,"key":"Calipers"},{"floor":43.0,"key":"Juzu Bracelet"},{"floor":43.0,"key":"Potion Belt"},{"floor":44.0,"key":"Strawberry"},{"floor":45.0,"key":"conspire:TopHat"},{"floor":49.0,"key":"Sundial"}],"event_choices":[{"damage_healed":0.0,"max_hp_gain":0.0,"max_hp_loss":0.0,"gold_gain":0.0,"event_name":"Living Wall","player_choice":"Grow","floor":2.0,"gold_loss":0.0,"damage_taken":0.0,"cards_upgraded":["AT_MachinaRedman"]},{"damage_healed":0.0,"max_hp_gain":0.0,"max_hp_loss":0.0,"gold_gain":50.0,"event_name":"Nest","player_choice":"Stole From Cult","floor":19.0,"gold_loss":0.0,"damage_taken":0.0},{"damage_healed":0.0,"max_hp_gain":0.0,"max_hp_loss":0.0,"gold_gain":0.0,"event_name":"Colosseum","player_choice":"Fight","floor":27.0,"gold_loss":0.0,"damage_taken":0.0},{"damage_healed":0.0,"max_hp_gain":0.0,"max_hp_loss":0.0,"gold_gain":0.0,"event_name":"Colosseum","player_choice":"Fought Nobs","floor":27.0,"gold_loss":0.0,"damage_taken":0.0},{"damage_healed":0.0,"max_hp_gain":0.0,"max_hp_loss":0.0,"gold_gain":0.0,"event_name":"Forgotten Altar","player_choice":"Smashed Altar","floor":31.0,"gold_loss":0.0,"damage_taken":0.0,"cards_obtained":["Decay"]},{"damage_healed":0.0,"max_hp_gain":0.0,"max_hp_loss":0.0,"gold_gain":0.0,"event_name":"conspire:Investor","player_choice":"Leave","floor":39.0,"gold_loss":0.0,"damage_taken":0.0},{"cards_removed":["Deadly Poison"],"damage_healed":0.0,"max_hp_gain":0.0,"max_hp_loss":0.0,"gold_gain":0.0,"event_name":"Falling","player_choice":"Removed Skill","floor":46.0,"gold_loss":0.0,"damage_taken":0.0}],"is_beta":false,"boss_relics":[{"not_picked":["Abe\u0027s Treasure","aspiration:RunicSpoon"],"picked":"Ring of Chaos"},{"not_picked":["conspire:SlowCooker","conspire:SeveredTorchhead"],"picked":"Replay:Wanted Poster"}],"items_purged_floors":[48],"is_endless":false,"potions_floor_spawned":[4,6,8,10,16,18,24,27,27,30,36,40,42],"killed_by":"Time Eater","ascension_level":17}}