{"host":"x6h2w7w5b570y81k","time":1611622336,"event":{"mods":["AchievementEnabler","Act Like it!","BaseMod","Colored Map","Colored Powertips","Downfall","Friendly Minions","Minty Spire (QoL Compilation)","StSLib","The Animator"],"gold_per_floor":[109,109,132,144,171,171,191,191,191,204,236,248,260,300,312,421,433,473,485,508,532,564,576,625,637,702,726,259,273,273,284,284,388,388,403,403,403,414,414,414,171,186,232,243,223,223,273,273,273,273],"floor_reached":51,"language":"DEU","playtime":4450,"items_purged":["Pain","Shame"],"score":636,"play_id":"e6180e6c-b86f-4613-9786-03d39b949cf3","local_time":"20210126015216","is_ascension_mode":false,"campfire_choices":[{"data":"animator:KyokoSakura","floor":6,"key":"SMITH"},{"data":"animator:IrohaTamaki","floor":8,"key":"SMITH"},{"floor":15,"key":"REST"},{"floor":23,"key":"REST"},{"floor":25,"key":"REST"},{"floor":32,"key":"REST"},{"data":"animator:HomuraAkemi","floor":40,"key":"SMITH"},{"data":"animator:NagisaMomoe","floor":46,"key":"SMITH"},{"data":"animator:HigakiRinne","floor":49,"key":"SMITH"}],"circlet_count":0,"master_deck":["animator:Strike_MadokaMagica","animator:Defend_MadokaMagica","animator:Defend","animator:Defend","animator:Defend","animator:IrohaTamaki+1","animator:YuiTsuruno+1","animator:CrowleyEusford+1","animator:TukaLunaMarceau","animator:Mitsuba","animator:KyokoSakura+1","animator:Rimuru","animator:IrohaTamaki","animator:CrowleyEusford","animator:Shinoa","animator:HomuraAkemi+1","animator:MamiTomoe","animator:MamiTomoe","animator:NagisaMomoe+1","animator:Kyubey","animator:Yuuichirou","animator:MadokaKaname","animator:Mikaela+1","animator:SayakaMiki","animator:HigakiRinne+1","animator:NagisaMomoe+1","animator:NagisaMomoe","animator:OrikoMikuni","animator:Curse_Nutcracker","animator:IrohaTamaki","Writhe"],"relics":["animator:LivingPicture","animator:TheMissingPiece","animator:OldCoffin","MawBank","Whetstone","Cursed Key","Juzu Bracelet","Lantern","Pear","animator:RacePiece","Letter Opener","Nunchaku","Centennial Puzzle","Lizard Tail"],"acts_visited":["Exordium","TheCity","TheBeyond"],"potions_floor_usage":[11,24,31,31,31,50,50,50],"damage_taken":[{"damage":0,"enemies":"Jaw Worm","floor":1,"turns":4},{"damage":1,"enemies":"Cultist","floor":3,"turns":3},{"damage":0,"enemies":"2 Louse","floor":4,"turns":3},{"damage":15,"enemies":"Exordium Wildlife","floor":5,"turns":6},{"damage":6,"enemies":"Exordium Thugs","floor":7,"turns":4},{"damage":0,"enemies":"Gremlin Gang","floor":10,"turns":3},{"damage":24,"enemies":"Lagavulin","floor":11,"turns":5},{"damage":25,"enemies":"3 Sentries","floor":14,"turns":5},{"damage":25,"enemies":"Slime Boss","floor":16,"turns":9},{"damage":3,"enemies":"Shell Parasite","floor":18,"turns":5},{"damage":3,"enemies":"Chosen","floor":20,"turns":3},{"damage":34,"enemies":"Snake Plant","floor":21,"turns":4},{"damage":20,"enemies":"Sentry and Sphere","floor":22,"turns":6},{"damage":24,"enemies":"Snecko","floor":24,"turns":5},{"damage":14,"enemies":"Chosen and Byrds","floor":27,"turns":5},{"damage":22,"enemies":"Snake Plant","floor":29,"turns":3},{"damage":2,"enemies":"Centurion and Healer","floor":31,"turns":4},{"damage":29,"enemies":"Champ","floor":33,"turns":8},{"damage":11,"enemies":"3 Shapes","floor":35,"turns":4},{"damage":6,"enemies":"Orb Walker","floor":38,"turns":3},{"damage":2,"enemies":"4 Shapes","floor":42,"turns":6},{"damage":5,"enemies":"Spire Growth","floor":44,"turns":4},{"damage":18,"enemies":"Mind Bloom Boss Battle","floor":47,"turns":7},{"damage":120,"enemies":"Donu and Deca","floor":50,"turns":12}],"seed_played":"7411126186529219287","potions_obtained":[{"floor":2,"key":"SmokeBomb"},{"floor":2,"key":"animator:GrowthPotion"},{"floor":2,"key":"hexamod:SoulburnPotion"},{"floor":14,"key":"bronze:BurnAndBuffPotion"},{"floor":22,"key":"SkillPotion"},{"floor":24,"key":"Explosive Potion"},{"floor":29,"key":"Block Potion"},{"floor":38,"key":"Strength Potion"},{"floor":44,"key":"Fire Potion"},{"floor":45,"key":"Explosive Potion"}],"is_trial":false,"path_per_floor":["M","?","M","M","M","R","M","R","T","M","E","$","?","E","R","B",null,"M","?","M","M","M","R","M","R","T","M","$","M","?","M","R","B",null,"M","T","?","M","?","R","$","M","T","M","?","R","?","?","R","B",null],"character_chosen":"THE_ANIMATOR","items_purchased":["animator:MadokaKaname","Pear","Nunchaku"],"campfire_rested":4,"item_purchase_floors":[28,28,41],"current_hp_per_floor":[66,66,65,65,50,50,44,44,44,44,20,20,42,17,36,12,67,64,64,61,27,8,28,4,24,24,10,20,7,7,16,40,17,80,78,78,78,74,74,74,74,75,75,70,70,70,61,80,80,20],"gold":273,"neow_bonus":"UPGRADE_CARD","is_daily":false,"chose_seed":false,"campfire_upgraded":5,"win_rate":0.0,"timestamp":1611622336,"path_taken":["M","?","M","M","M","R","M","R","T","M","E","?","?","E","R","BOSS","M","?","M","M","M","R","M","R","T","M","?","M","?","M","R","BOSS","M","?","?","M","?","R","$","M","T","M","?","R","?","?","R","BOSS"],"items_purchased_type":["Card","Relic","Relic"],"build_version":"2020-12-22","purchased_purges":2,"victory":true,"max_hp_per_floor":[66,66,66,66,66,66,66,66,66,66,66,66,66,66,66,67,67,67,67,67,67,68,68,68,68,68,68,78,78,78,80,80,80,80,80,80,80,80,80,80,80,80,80,80,80,80,80,80,80,80],"card_choices":[{"not_picked":["animator:SilverFang","animator:YaoHaDucy"],"picked":"animator:CrowleyEusford","floor":1},{"not_picked":["animator:DolaSchwi","animator:Tyuule"],"picked":"animator:TukaLunaMarceau","floor":3},{"not_picked":["animator:KrulTepes","animator:Shion"],"picked":"animator:Mitsuba","floor":4},{"not_picked":["animator:MamiTomoe","animator:IrohaTamaki"],"picked":"animator:KyokoSakura","floor":5},{"not_picked":["animator:Tyuule","animator:Shinoa"],"picked":"animator:Rimuru","floor":7},{"not_picked":["animator:UneriGinkaku","animator:Arpeggio"],"picked":"animator:IrohaTamaki","floor":10},{"not_picked":["animator:DolaSchwi","animator:RoryMercury"],"picked":"animator:CrowleyEusford","floor":11},{"not_picked":["animator:CrowleyEusford","animator:Yoichi"],"picked":"animator:Shinoa","floor":14},{"not_picked":["animator:Kyubey","animator:Boros"],"picked":"animator:HomuraAkemi","floor":16},{"not_picked":["animator:OrikoMikuni","animator:DolaRiku"],"picked":"animator:MamiTomoe","floor":18},{"not_picked":["animator:SilverFang+1","animator:Benimaru"],"picked":"animator:MamiTomoe","floor":20},{"not_picked":["animator:TsurugaMeisai+1","animator:Emonzaemon+1","animator:Benimaru+1"],"picked":"SKIP","floor":21},{"not_picked":["animator:MamiTomoe","animator:IrohaTamaki"],"picked":"animator:NagisaMomoe","floor":22},{"not_picked":["animator:HiiragiShinya","animator:Yoichi"],"picked":"animator:Kyubey","floor":24},{"not_picked":["animator:HiiragiShinya","animator:Yoichi"],"picked":"animator:Yuuichirou","floor":27},{"not_picked":["animator:IrohaTamaki","animator:GazelDwargon"],"picked":"animator:Mikaela+1","floor":29},{"not_picked":["animator:KyokoSakura","animator:NagisaMomoe"],"picked":"animator:SayakaMiki","floor":31},{"not_picked":["animator:HomuraAkemi","animator:Sora"],"picked":"animator:HigakiRinne","floor":33},{"not_picked":["animator:Bozes","animator:Tet+1"],"picked":"animator:OrikoMikuni","floor":35},{"not_picked":["animator:Shichika","animator:Arpeggio","animator:RoryMercury+1"],"picked":"SKIP","floor":38},{"not_picked":["animator:Tyuule","animator:RoryMercury","animator:Sonic+1"],"picked":"SKIP","floor":42},{"not_picked":["animator:NagisaMomoe","animator:SuzuneAmano"],"picked":"animator:IrohaTamaki","floor":44}],"player_experience":253880,"relics_obtained":[{"floor":9,"key":"animator:OldCoffin"},{"floor":11,"key":"MawBank"},{"floor":14,"key":"Whetstone"},{"floor":26,"key":"Lantern"},{"floor":36,"key":"Letter Opener"},{"floor":43,"key":"Centennial Puzzle"},{"floor":47,"key":"Lizard Tail"}],"event_choices":[{"damage_healed":0,"gold_gain":0,"player_choice":"Got Potions","damage_taken":0,"max_hp_gain":0,"max_hp_loss":0,"event_name":"Lab","floor":2,"gold_loss":0},{"damage_healed":22,"gold_gain":0,"player_choice":"Banana","damage_taken":0,"max_hp_gain":0,"max_hp_loss":0,"event_name":"Big Fish","floor":13,"gold_loss":0},{"damage_healed":0,"gold_gain":0,"player_choice":"Gave Potion","damage_taken":0,"relics_obtained":["Juzu Bracelet"],"max_hp_gain":0,"max_hp_loss":0,"event_name":"WeMeetAgain","floor":19,"gold_loss":0},{"damage_healed":0,"gold_gain":0,"player_choice":"Ignored","damage_taken":0,"max_hp_gain":0,"max_hp_loss":0,"event_name":"NoteForYourself","floor":30,"gold_loss":0},{"damage_healed":0,"gold_gain":0,"player_choice":"Ignored","damage_taken":0,"max_hp_gain":0,"max_hp_loss":0,"event_name":"Tomb of Lord Red Mask","floor":37,"gold_loss":0},{"cards_removed":["animator:YachiyoNanami"],"damage_healed":0,"gold_gain":0,"player_choice":"Removed Power","damage_taken":0,"max_hp_gain":0,"max_hp_loss":0,"event_name":"Falling","floor":39,"gold_loss":0},{"damage_healed":0,"gold_gain":0,"player_choice":"Bought 1 Potion","damage_taken":0,"max_hp_gain":0,"max_hp_loss":0,"event_name":"The Woman in Blue","floor":45,"gold_loss":0},{"damage_healed":0,"gold_gain":0,"player_choice":"Fight","damage_taken":0,"max_hp_gain":0,"max_hp_loss":0,"event_name":"MindBloom","floor":47,"gold_loss":0},{"damage_healed":20,"gold_gain":0,"player_choice":"Writhe","damage_taken":0,"max_hp_gain":0,"max_hp_loss":0,"event_name":"Winding Halls","floor":48,"gold_loss":0,"cards_obtained":["Writhe"]}],"is_beta":false,"boss_relics":[{"not_picked":["animator:CursedBlade","Calling Bell"],"picked":"Cursed Key"},{"not_picked":["Astrolabe","animator:VividPicture"],"picked":"animator:RacePiece"}],"items_purged_floors":[28,41],"is_endless":false,"potions_floor_spawned":[3,5,10,14,22,24,29,38,44],"ascension_level":0}}