{"host":"pletss163z7s8pvv","time":1611642033,"event":{"mods":["AchievementEnabler","BaseMod","Better Altar","Better Match","Better Note","Better Sensory Stone","Better Skull","Better Third Choice","BetterRewards","CapriCore","ChefMod","Colored Map","Colored Powertips","Conspire","Energized Spire","Evolution","GifTheSpireLib","Hermit","Ironclad Rager","Marked Mod","Minty Spire (QoL Compilation)","Retaliation","Spicy Shops","StS++","StSLib","The Blue Laboratory","The Cursed","The Disciple","The Forsaken"],"gold_per_floor":[112,112,112,124,199,199,229,229,252,252,252,267,267,277,277,376,376,387,401,676,687,72,97,25,2,2,15,32,58,58,77,77,175,175,190,30,80,80,92,92,120,133,133,133,35,50,67,79,79,79,79,79,5,36,36,36],"floor_reached":55,"language":"ENG","playtime":1795,"items_purged":["Regret","Writhe"],"score":812,"play_id":"4c977fce-cc2a-477f-ac4f-3597f83a9146","local_time":"20210126002033","is_ascension_mode":false,"campfire_choices":[{"floor":6.0,"key":"RECALL"},{"floor":11.0,"key":"REST"},{"data":"PathToVictory","floor":15.0,"key":"SMITH"},{"floor":30,"key":"REST"},{"data":"Devotion","floor":32,"key":"SMITH"},{"floor":40,"key":"REST"},{"data":"Devotion","floor":49,"key":"SMITH"},{"data":"TalkToTheHand","floor":52,"key":"SMITH"}],"circlet_count":0,"master_deck":["BowlingBash","BowlingBash","BowlingBash+1","BowlingBash","EmptyBody","EmptyBody+1","EmptyBody","EmptyBody","Eruption","Vigilance","MarkedMod:Acupuncture+1","WreathOfFlame","PathToVictory+1","Reaper+1","StSpp:LatentStrike","Apotheosis+1","Prostrate","Devotion+1","MarkedMod:FirstStrike+1","StSpp:LatentStrike","MarkedMod:Acupuncture+1","StSpp:Unbreakable","FollowUp","FlyingSleeves","PathToVictory+1","Prostrate+1","MarkedMod:Acupuncture","FearNoEvil","Ragnarok","TalkToTheHand+1","Devotion+1","CurseOfTheBell","BowlingBash+1","MarkedMod:GentlePulse+1","MarkedMod:GentlePulse+1","Halt+1","PathToVictory+1","FollowUp+1","Writhe","MarkedMod:FirstStrike+1","MarkedMod:Acupuncture+1","StSpp:LatentStrike+1","MarkedMod:OneThousandNeedles+1","TalkToTheHand+1","MarkedMod:OneThousandNeedles+1","TalkToTheHand","Omniscience+1"],"relics":["PureWater","EVO:Axolotl","Bag of Preparation","Lantern","MealTicket","Whetstone","Cursed Key","Membership Card","Damaru","War Paint","Toxic Egg 2","conspire:TreasureMap","Lizard Tail","Sundial","theForsaken:HumbleEgg","Calling Bell","Orichalcum","StrikeDummy","Unceasing Top","Ice Cream","CaptainsWheel","Oddly Smooth Stone","StSpp:BoiledEgg","Calipers"],"acts_visited":["Exordium","TheCity","TheBeyond","TheEnding"],"potions_floor_usage":[24,33,50,50,50],"damage_taken":[{"damage":4.0,"enemies":"2 Louse","floor":1.0,"turns":2.0},{"damage":0.0,"enemies":"conspire:RoseBush","floor":4.0,"turns":4.0},{"damage":13.0,"enemies":"3 Sentries","floor":7.0,"turns":6.0},{"damage":0.0,"enemies":"Small Slimes","floor":12.0,"turns":1.0},{"damage":0.0,"enemies":"3 Louse","floor":14.0,"turns":2.0},{"damage":32.0,"enemies":"Hexaghost","floor":16.0,"turns":7.0},{"damage":17.0,"enemies":"Chosen","floor":18.0,"turns":5.0},{"damage":0,"enemies":"Shell Parasite","floor":19,"turns":4},{"damage":2,"enemies":"3 Cultists","floor":21,"turns":4},{"damage":33,"enemies":"Slavers","floor":23,"turns":4},{"damage":22,"enemies":"Shelled Parasite and Fungi","floor":27,"turns":4},{"damage":9,"enemies":"conspire:HollyBat","floor":28,"turns":6},{"damage":3,"enemies":"conspire:Head Lice","floor":29,"turns":3},{"damage":10,"enemies":"Chosen and Byrds","floor":31,"turns":2},{"damage":15,"enemies":"Collector","floor":33,"turns":4},{"damage":0,"enemies":"Orb Walker","floor":35,"turns":2},{"damage":22,"enemies":"Mind Bloom Boss Battle","floor":37,"turns":3},{"damage":0,"enemies":"3 Shapes","floor":39,"turns":3},{"damage":17,"enemies":"Reptomancer","floor":41,"turns":6},{"damage":26,"enemies":"Maw","floor":42,"turns":5},{"damage":0,"enemies":"Jaw Worm Horde","floor":46,"turns":4},{"damage":13,"enemies":"Spire Growth","floor":47,"turns":3},{"damage":2,"enemies":"4 Shapes","floor":48,"turns":3},{"damage":145,"enemies":"conspire:OrnateMirror","floor":50,"turns":7},{"damage":77,"enemies":"Shield and Spear","floor":54,"turns":6},{"damage":45,"enemies":"The Heart","floor":55,"turns":2}],"seed_played":"-131732732224921424","potions_obtained":[{"floor":4.0,"key":"blueLaboratory:ExaltedPotion"},{"floor":7.0,"key":"LiquidMemories"},{"floor":14.0,"key":"Fire Potion"},{"floor":16.0,"key":"DistilledChaos"},{"floor":29,"key":"GamblersBrew"},{"floor":31,"key":"LiquidMemories"},{"floor":33,"key":"blueLaboratory:CorrosionFlask"},{"floor":42,"key":"blueLaboratory:StoneskinPotion"}],"is_trial":false,"path_per_floor":["M","?","?","M","?","R","E","?","T","T","R","M","?","M","R","B",null,"M","M","?","M","$","E","$","$","T","M","M","E","R","M","R","B",null,"M","$","?","?","M","R","E","M","T","?","$","M","M","M","R","B",null,"R","$","E","B"],"character_chosen":"WATCHER","items_purchased":["Membership Card","Damaru","StSpp:Unbreakable","War Paint","FollowUp","FlyingSleeves","Toxic Egg 2","conspire:TreasureMap","Fruit Juice","Prostrate+1","Ice Cream","MarkedMod:GentlePulse+1","MarkedMod:FirstStrike+1","MarkedMod:Acupuncture+1","MarkedMod:OneThousandNeedles+1","TalkToTheHand"],"campfire_rested":3,"item_purchase_floors":[22,22,22,22,22,22,22,22,24,25,36,36,45,45,53,53],"current_hp_per_floor":[69,69,69,69,58,58,45,24,24,24,45,55,55,70,70,41,73,56,66,66,71,73,40,62,77,77,56,47,44,68,77,77,62,80,80,80,58,58,58,80,63,37,37,70,70,70,57,68,68,25,70,70,70,1,0,0],"gold":36,"neow_bonus":"RANDOM_COMMON_RELIC","is_daily":false,"chose_seed":false,"campfire_upgraded":4,"win_rate":0.0,"timestamp":1611642033,"path_taken":["M","?","?","M","?","R","E","?","T","?","R","?","?","?","R","BOSS","M","M","?","M","$","E","?","$","T","M","M","E","R","M","R","BOSS","M","?","?","?","M","R","E","M","T","?","$","M","?","M","R","BOSS","R","$","E","BOSS"],"items_purchased_type":["Relic","Relic","Card","Relic","Card","Card","Relic","Relic","Potion","Card","Relic","Card","Card","Card","Card","Card"],"build_version":"2020-12-22","purchased_purges":2,"victory":false,"max_hp_per_floor":[73,73,73,73,73,73,73,73,73,73,73,73,73,73,73,73,73,73,73,73,73,73,73,80,80,80,80,80,80,80,80,80,80,80,80,80,80,80,80,80,80,80,80,70,70,70,70,70,70,70,70,70,70,70,70,70],"card_choices":[{"not_picked":["JustLucky","Evaluate"],"picked":"MarkedMod:Acupuncture","floor":1.0},{"not_picked":["ThirdEye","Conclude"],"picked":"WreathOfFlame","floor":4.0},{"not_picked":["Halt","EmptyFist"],"picked":"PathToVictory","floor":7.0},{"not_picked":["MarkedMod:FirstStrike","JustLucky"],"picked":"StSpp:LatentStrike","floor":12.0},{"not_picked":["EmptyFist","Conclude"],"picked":"Prostrate","floor":14.0},{"not_picked":["Omniscience","MarkedMod:ChiBlock"],"picked":"Devotion","floor":16.0},{"not_picked":["StSpp:Purify","Meditate"],"picked":"MarkedMod:FirstStrike+1","floor":18},{"not_picked":["BowlingBash","JustLucky"],"picked":"StSpp:LatentStrike","floor":19},{"not_picked":["Halt","ThirdEye"],"picked":"MarkedMod:Acupuncture+1","floor":21},{"not_picked":["Evaluate+1","Ragnarok"],"picked":"PathToVictory+1","floor":23},{"not_picked":["LikeWater","Crescendo+1"],"picked":"MarkedMod:Acupuncture","floor":27},{"not_picked":["ThirdEye+1","Evaluate+1"],"picked":"FearNoEvil","floor":28},{"not_picked":["Halt+1","DeceiveReality+1"],"picked":"Ragnarok","floor":29},{"not_picked":["EmptyBody+1","WaveOfTheHand+1"],"picked":"TalkToTheHand+1","floor":31},{"not_picked":["DevaForm","Vault+1"],"picked":"Devotion","floor":33},{"not_picked":["Adaptation","FlurryOfBlows+1"],"picked":"BowlingBash+1","floor":35},{"not_picked":["EmptyFist+1","MasterReality"],"picked":"MarkedMod:GentlePulse+1","floor":37},{"not_picked":["Sanctity+1","Fasting2+1"],"picked":"Halt+1","floor":39},{"not_picked":["MarkedMod:ChiBlock+1","JustLucky+1"],"picked":"PathToVictory+1","floor":41},{"not_picked":["ThirdEye+1","Halt+1"],"picked":"FollowUp+1","floor":42},{"not_picked":["Tantrum","CutThroughFate+1"],"picked":"StSpp:LatentStrike+1","floor":46},{"not_picked":["SignatureMove","CutThroughFate+1"],"picked":"MarkedMod:OneThousandNeedles+1","floor":47},{"not_picked":["SashWhip+1","StSpp:Chanting"],"picked":"TalkToTheHand","floor":48},{"not_picked":["Sanctity+1","Protect+1"],"picked":"Omniscience+1","floor":54}],"player_experience":454585,"relics_obtained":[{"floor":7.0,"key":"Lantern"},{"floor":9.0,"key":"Whetstone"},{"floor":23,"key":"Lizard Tail"},{"floor":26,"key":"Sundial"},{"floor":29,"key":"theForsaken:HumbleEgg"},{"floor":34,"key":"Orichalcum"},{"floor":34,"key":"StrikeDummy"},{"floor":34,"key":"Unceasing Top"},{"floor":37,"key":"CaptainsWheel"},{"floor":41,"key":"Oddly Smooth Stone"},{"floor":43,"key":"StSpp:BoiledEgg"},{"floor":54,"key":"Calipers"}],"event_choices":[{"damage_healed":0.0,"max_hp_gain":0.0,"max_hp_loss":0.0,"gold_gain":0.0,"event_name":"Golden Wing","player_choice":"Ignored","floor":3.0,"gold_loss":0.0,"damage_taken":0.0},{"damage_healed":0.0,"max_hp_gain":1.0,"max_hp_loss":0.0,"gold_gain":75.0,"event_name":"betterThird:BetterGoop","player_choice":"Gold","floor":5.0,"gold_loss":0.0,"damage_taken":11.0},{"damage_healed":0.0,"max_hp_gain":0.0,"max_hp_loss":0.0,"gold_gain":1.0,"event_name":"betterStone:BetterStone","player_choice":"4","floor":13.0,"gold_loss":0.0,"damage_taken":0.0,"cards_obtained":["Apotheosis"]},{"damage_healed":0,"gold_gain":275,"player_choice":"Desecrate","damage_taken":0,"max_hp_gain":0,"max_hp_loss":0,"event_name":"Golden Shrine","floor":20,"gold_loss":0,"cards_obtained":["Regret"]},{"damage_healed":0,"gold_gain":0,"player_choice":"Fight","damage_taken":0,"max_hp_gain":0,"max_hp_loss":0,"event_name":"MindBloom","floor":37,"gold_loss":0},{"damage_healed":0,"gold_gain":0,"player_choice":"Leave","damage_taken":0,"max_hp_gain":0,"max_hp_loss":0,"event_name":"conspire:Investor","floor":38,"gold_loss":0},{"damage_healed":70,"gold_gain":0,"player_choice":"Heal","damage_taken":0,"max_hp_gain":0,"max_hp_loss":10,"event_name":"The Moai Head","floor":44,"gold_loss":0}],"is_beta":false,"boss_relics":[{"not_picked":["StSpp:Balance","Runic Dome"],"picked":"Cursed Key"},{"not_picked":["Astrolabe","Coffee Dripper"],"picked":"Calling Bell"}],"items_purged_floors":[22,45],"is_endless":false,"potions_floor_spawned":[4,7,14,16,23,29,31,33,42,46,47],"killed_by":"The Heart","ascension_level":0}}