{"host":"kth2ngi076kd734g","time":1611641641,"event":{"mods":["BaseMod","Colored Map","Filter the Spire","Minty Spire (QoL Compilation)","Relic Stats"],"gold_per_floor":[118,118,293,317,340,340,340],"floor_reached":6,"language":"ENG","playtime":284,"items_purged":[],"score":45,"play_id":"04fc9656-209f-4450-a16c-88d1dd031889","local_time":"20210126071401","is_ascension_mode":true,"campfire_choices":[],"circlet_count":0,"master_deck":["Zap","Dualcast","Recycle","Rip and Tear","Compile Driver","Recycle","Doom and Gloom","Hello World","Meteor Strike","Skim","Hologram","Doubt","Defragment","Auto Shields"],"relics":["Pandora\u0027s Box","Golden Idol"],"acts_visited":["Exordium"],"potions_floor_usage":[],"damage_taken":[{"damage":0,"enemies":"Small Slimes","floor":1,"turns":2},{"damage":12,"enemies":"Jaw Worm","floor":4,"turns":2},{"damage":6,"enemies":"Cultist","floor":5,"turns":3},{"damage":46,"enemies":"3 Sentries","floor":6,"turns":4}],"seed_played":"-8871448322982934679","potions_obtained":[{"floor":1,"key":"Strength Potion"},{"floor":4,"key":"Ancient Potion"}],"is_trial":false,"path_per_floor":["M","?","?","M","M","E"],"character_chosen":"DEFECT","items_purchased":[],"campfire_rested":0,"item_purchase_floors":[],"current_hp_per_floor":[75,57,57,45,39,0,0],"gold":340,"neow_bonus":"BOSS_RELIC","is_daily":false,"chose_seed":false,"campfire_upgraded":0,"win_rate":0.0,"timestamp":1611641641,"path_taken":["M","?","?","?","M","E"],"items_purchased_type":[],"build_version":"2020-12-22","purchased_purges":0,"victory":false,"max_hp_per_floor":[75,75,75,75,75,75,75],"relic_stats":{"counters":[4,11],"Golden Idol":10,"Pandora\u0027s Box":["Recycle","Rip and Tear","Compile Driver","Recycle","Doom and Gloom","Hello World","Meteor Strike","Skim"],"obtain_stats":[{"Golden Idol":2,"Pandora\u0027s Box":0,"Cracked Core":0},{"Golden Idol":1,"Pandora\u0027s Box":0,"Cracked Core":0},{"Golden Idol":2,"Pandora\u0027s Box":0,"Cracked Core":0}]},"card_choices":[{"not_picked":["Streamline","Stack"],"picked":"Hologram","floor":1},{"not_picked":["Rip and Tear","Compile Driver"],"picked":"Defragment","floor":4},{"not_picked":["Sweeping Beam","Chaos"],"picked":"Auto Shields","floor":5}],"player_experience":682604,"relics_obtained":[],"event_choices":[{"damage_healed":0,"gold_gain":0,"player_choice":"Take Damage","damage_taken":18,"relics_obtained":["Golden Idol"],"max_hp_gain":0,"max_hp_loss":0,"event_name":"Golden Idol","floor":2,"gold_loss":0},{"damage_healed":0,"gold_gain":175,"player_choice":"AGREE","damage_taken":0,"max_hp_gain":0,"max_hp_loss":0,"event_name":"Liars Game","floor":3,"gold_loss":0,"cards_obtained":["Doubt"]}],"is_beta":false,"boss_relics":[],"items_purged_floors":[],"is_endless":false,"potions_floor_spawned":[1,4],"killed_by":"3 Sentries","ascension_level":5}}