{"host":"9viy3memdfgcf4vy","time":1611690673,"event":{"mods":["BaseMod","Colored Map","Downfall","Minty Spire (QoL Compilation)","StSLib"],"gold_per_floor":[99,99,99,99,249,149,149,163,163,195,209,221,251,4,23,122,122,122,132,132,147,86,100,178,178,508,535,193,223,323,340,354,449,449,349,368,385,29,46,61,113,113,63,63,114,124,24,58,75,75,75,106,15,15,15,15],"floor_reached":57,"language":"ENG","playtime":5199,"items_purged":["downfall:Icky","bronze:Strike","bronze:Strike","bronze:Strike"],"score":1436,"play_id":"b78a7eb0-b636-491e-8095-e60f45449672","local_time":"20210126215113","is_ascension_mode":true,"campfire_choices":[{"floor":1,"key":"RECALL"},{"data":"bronze:DigitalCarnage","floor":6,"key":"SMITH"},{"data":"bronze:Goto","floor":9,"key":"SMITH"},{"data":"bronze:FollowUp","floor":18,"key":"SMITH"},{"data":"bronze:Library","floor":25,"key":"SMITH"},{"data":"bronze:DonuBeam","floor":35,"key":"SMITH"},{"data":"bronze:BronzeOrb","floor":44,"key":"SMITH"},{"floor":47,"key":"REST"},{"data":"bronze:Invalidate","floor":54,"key":"SMITH"}],"circlet_count":0,"master_deck":["bronze:Strike","bronze:Defend","bronze:Defend","bronze:Defend+1","bronze:Defend","bronze:Replicate+1","bronze:Shield","bronze:DigitalCarnage+1","bronze:FollowUp+1","bronze:WhirlingStrike","bronze:BronzeOrb","bronze:FunctionCard","bronze:Constructor+1","bronze:Library+1","bronze:Invalidate+1","bronze:HardenedForm+1","bronze:DonuBeam+1","bronze:BronzeOrb+1","bronze:DonuBeam+1","bronze:Flail+1","bronze:ForceShield+1","bronze:TinkerersToolbox"],"relics":["bronze:BronzeCore","downfall:HeartsMalice","downfall:HeartBlessingRed","bronze:ProtectiveGoggles","InkBottle","Orichalcum","Oddly Smooth Stone","Busted Crown","Matryoshka","Tiny Chest","Bag of Preparation","Membership Card","Vajra","Philosopher\u0027s Stone","downfall:HeartBlessingGreen","bronze:CableSpool","champ:Barbells","Gambling Chip","Smiling Mask","Bronze Scales","Centennial Puzzle","downfall:HeartBlessingBlue","Turnip","Pen Nib"],"acts_visited":["Exordium","TheCity","TheBeyond","TheEnding"],"potions_floor_usage":[13,16,19,29,29,33,33,33,36,55,56,56],"damage_taken":[{"damage":0,"enemies":"Cultist","floor":2,"turns":1},{"damage":0,"enemies":"2 Louse","floor":3,"turns":1},{"damage":0,"enemies":"Jaw Worm","floor":4,"turns":1},{"damage":5,"enemies":"Large Slime","floor":8,"turns":4},{"damage":11,"enemies":"Gremlin Nob","floor":10,"turns":3},{"damage":6,"enemies":"Exordium Thugs","floor":11,"turns":4},{"damage":0,"enemies":"Blue Slaver","floor":12,"turns":3},{"damage":5,"enemies":"Lagavulin","floor":13,"turns":3},{"damage":0,"enemies":"downfall:FleeingMerchant","floor":14,"turns":4},{"damage":1,"enemies":"Exordium Thugs","floor":15,"turns":3},{"damage":18,"enemies":"IC_STATUS_ARCHETYPE","floor":16,"turns":8},{"damage":9,"enemies":"Shell Parasite","floor":19,"turns":3},{"damage":0,"enemies":"3 Cultists","floor":21,"turns":3},{"damage":0,"enemies":"downfall:FleeingMerchant","floor":22,"turns":4},{"damage":0,"enemies":"Cultist and Chosen","floor":23,"turns":5},{"damage":0,"enemies":"downfall:FleeingMerchant","floor":26,"turns":4},{"damage":0,"enemies":"Book of Stabbing","floor":27,"turns":4},{"damage":0,"enemies":"Gremlin Leader","floor":29,"turns":5},{"damage":2,"enemies":"Gremlin Leader","floor":30,"turns":4},{"damage":0,"enemies":"Snecko","floor":31,"turns":2},{"damage":0,"enemies":"Sentry and Sphere","floor":32,"turns":1},{"damage":34,"enemies":"DF_ARCHETYPE_CLAW","floor":33,"turns":6},{"damage":0,"enemies":"3 Shapes","floor":36,"turns":1},{"damage":0,"enemies":"Orb Walker","floor":37,"turns":1},{"damage":30,"enemies":"Transient","floor":39,"turns":5},{"damage":0,"enemies":"4 Shapes","floor":40,"turns":2},{"damage":0,"enemies":"Jaw Worm Horde","floor":46,"turns":2},{"damage":0,"enemies":"Reptomancer","floor":48,"turns":1},{"damage":0,"enemies":"Sphere and 2 Shapes","floor":49,"turns":2},{"damage":0,"enemies":"WA_ARCHETYPE_DIVINITY","floor":50,"turns":4},{"damage":0,"enemies":"downfall:CharBossMerchant","floor":52,"turns":3},{"damage":12,"enemies":"downfall:NeowBoss","floor":55,"turns":9},{"damage":59,"enemies":"downfall:NeowBossFinal","floor":56,"turns":6}],"seed_played":"-5807067286802639097","potions_obtained":[{"floor":8,"key":"champ:CounterPotion"},{"floor":10,"key":"SkillPotion"},{"floor":12,"key":"bronze:BuildAFunctionPotion"},{"floor":15,"key":"sneckomod:MuddlingPotion"},{"floor":19,"key":"Ancient Potion"},{"floor":27,"key":"SkillPotion"},{"floor":29,"key":"Strength Potion"},{"floor":31,"key":"FearPotion"},{"floor":33,"key":"bronze:BurnAndBuffPotion"},{"floor":39,"key":"Swift Potion"},{"floor":46,"key":"Fire Potion"},{"floor":49,"key":"sneckomod:MuddlingPotion"},{"floor":52,"key":"BlessingOfTheForge"}],"is_trial":false,"path_per_floor":["R","M","M","M","?","R","T","M","R","E","M","M","E","$","M","B",null,"R","M","?","M","$","M","T","R","$","E","$","E","?","M","M","B",null,"R","M","M","$","M","M","T","?","$","R","T","M","R","E","M","B",null,"E","$","R","B","B",null],"character_chosen":"THE_AUTOMATON","items_purchased":["Oddly Smooth Stone","bronze:Invalidate","Bag of Preparation","Membership Card","bronze:CableSpool","champ:Barbells","Gambling Chip","bronze:TinkerersToolbox"],"campfire_rested":1,"item_purchase_floors":[14,22,28,28,38,38,38,53],"current_hp_per_floor":[70,70,70,70,70,70,70,65,65,54,48,48,43,43,42,24,70,70,61,40,40,40,40,40,40,40,40,40,40,38,38,38,4,70,70,70,70,70,40,40,40,40,40,40,40,40,74,74,74,74,80,80,80,80,68,9],"gold":15,"neow_bonus":"THREE_ENEMY_KILL","is_daily":false,"chose_seed":false,"campfire_upgraded":7,"win_rate":0.0,"timestamp":1611690673,"path_taken":["R","M","M","?","?","R","T","M","R","E","M","M","E","$","M","BOSS","R","M","?","M","$","?","T","R","$","E","$","E","?","M","M","BOSS","R","M","M","$","M","M","T","?","?","R","?","M","R","E","M","BOSS","E","$","R","BOSS","BOSS"],"items_purchased_type":["Relic","Card","Relic","Relic","Relic","Relic","Relic","Card"],"build_version":"2020-12-22","purchased_purges":4,"victory":true,"max_hp_per_floor":[70,70,70,70,70,70,70,70,70,70,70,70,70,70,70,70,70,70,70,70,70,70,70,70,70,70,70,70,70,70,70,70,70,70,70,70,70,70,70,70,70,70,70,70,70,70,80,80,80,80,80,80,80,80,80,80],"card_choices":[{"not_picked":["bronze:Overload","bronze:Backtrace","bronze:ItsAFeature"],"picked":"SKIP","floor":2},{"not_picked":["bronze:CutThrough","bronze:Frontload"],"picked":"bronze:Shield","floor":3},{"not_picked":["bronze:Shield","bronze:BronzeArmor"],"picked":"bronze:DigitalCarnage","floor":4},{"not_picked":["bronze:Overheat","bronze:Shield","bronze:ChildClass"],"picked":"SKIP","floor":8},{"not_picked":["bronze:Frontload","bronze:Allocate"],"picked":"bronze:Deprecate","floor":10},{"not_picked":["bronze:Overheat","bronze:DelayedSlice"],"picked":"bronze:FollowUp","floor":11},{"not_picked":["bronze:ChosenStrike","bronze:MaxOutput"],"picked":"bronze:Iterate","floor":12},{"not_picked":["bronze:Overload","bronze:HardenedForm"],"picked":"bronze:WhirlingStrike","floor":13},{"not_picked":["bronze:Boost","bronze:NullPointer"],"picked":"bronze:BronzeOrb","floor":14},{"not_picked":["bronze:CloningBeam","bronze:Backtrace","bronze:WhirlingStrike"],"picked":"SKIP","floor":15},{"not_picked":["bronze:Format","bronze:ThunderWave"],"picked":"bronze:Hardcode","floor":16},{"not_picked":["bronze:BugBarrage"],"picked":"SKIP","floor":19},{"not_picked":[],"picked":"bronze:Constructor+1","floor":21},{"not_picked":[],"picked":"bronze:Library","floor":22},{"not_picked":["bronze:CloningBeam+1"],"picked":"SKIP","floor":23},{"not_picked":[],"picked":"bronze:HardenedForm","floor":26},{"not_picked":["bronze:BuggyMess"],"picked":"SKIP","floor":27},{"not_picked":["bronze:Fortify"],"picked":"SKIP","floor":29},{"not_picked":[],"picked":"bronze:DonuBeam","floor":30},{"not_picked":[],"picked":"bronze:BronzeOrb","floor":30},{"not_picked":["bronze:NullPointer"],"picked":"SKIP","floor":31},{"not_picked":["bronze:Branch+1"],"picked":"SKIP","floor":32},{"not_picked":["bronze:Deprecate+1"],"picked":"SKIP","floor":36},{"not_picked":["bronze:BronzeArmor+1"],"picked":"SKIP","floor":37},{"not_picked":["bronze:BugBarrage"],"picked":"SKIP","floor":39},{"not_picked":["bronze:Overheat+1"],"picked":"SKIP","floor":40},{"not_picked":[],"picked":"bronze:Flail+1","floor":46},{"not_picked":[],"picked":"bronze:ForceShield+1","floor":48},{"not_picked":["bronze:ForLoop+1"],"picked":"SKIP","floor":49},{"not_picked":["bronze:OilSpill+1"],"picked":"SKIP","floor":52}],"player_experience":398539,"relics_obtained":[{"floor":7,"key":"bronze:ProtectiveGoggles"},{"floor":10,"key":"InkBottle"},{"floor":13,"key":"Orichalcum"},{"floor":24,"key":"Matryoshka"},{"floor":27,"key":"Tiny Chest"},{"floor":29,"key":"Vajra"},{"floor":41,"key":"Smiling Mask"},{"floor":45,"key":"Bronze Scales"},{"floor":45,"key":"Centennial Puzzle"},{"floor":48,"key":"Turnip"},{"floor":52,"key":"Pen Nib"}],"event_choices":[],"is_beta":false,"boss_relics":[{"not_picked":["Snecko Eye","Pandora\u0027s Box"],"picked":"Busted Crown"},{"not_picked":["Black Star","Sozu"],"picked":"Philosopher\u0027s Stone"}],"items_purged_floors":[14,28,43,53],"is_endless":false,"potions_floor_spawned":[8,10,12,15,19,27,29,31,33,39,46,49,52],"ascension_level":2}}