{"host":"74uvi6kym3vf3uk6","time":1611702200,"event":{"mods":["AchievementEnabler","BaseMod","Better Altar","Better Match","Better Note","Better Sensory Stone","Better Skull","Better Third Choice","CatGirl Mod","Colored Map","Colored Powertips","Custom Start","Dark Map","Highlight Path","Minty Spire (QoL Compilation)","Permanent Neow","Rare Cards Sparkle","Shop Mod","StSLib","The Elementalist","The Exalted","The Runesmith","The Servant 0.9.4"],"gold_per_floor":[115,115,127,142,112,112,129,8,33,33,33,133,147,160,160,160,160],"floor_reached":16,"language":"ENG","playtime":2509,"items_purged":["Parasite"],"score":92,"play_id":"4fb9b676-e602-48d6-92df-178b947ba157","local_time":"20210126170320","is_ascension_mode":false,"campfire_choices":[{"data":"elementalist:Spark","floor":6,"key":"SMITH"},{"floor":15,"key":"REST"}],"circlet_count":0,"master_deck":["elementalist:Air_Emblem","elementalist:Strike+Elemblue","elementalist:Defend_Elemblue","elementalist:Defend_Elemblue","elementalist:Defend_Elemblue","elementalist:Defend_Elemblue","elementalist:Defend_Elemblue","elementalist:Firestrike","elementalist:Earthstrike","elementalist:Waterstrike","elementalist:Airstrike","elementalist:Crystal_Chalk","elementalist:Spark+1","elementalist:Aero","elementalist:Cyclone","elementalist:Heavensfall","elementalist:Momentum","Hyperbeam","elementalist:Vaccuum","elementalist:Pressurize","elementalist:Geomancy"],"relics":["elementalistmod:MagusStaff","elementalistmod:GreenCirclet","Turnip","Boot","Bromod:ArcaneNullifier"],"acts_visited":["Exordium"],"potions_floor_usage":[],"damage_taken":[{"damage":2,"enemies":"2 Louse","floor":1,"turns":3},{"damage":1,"enemies":"Cultist","floor":3,"turns":4},{"damage":0,"enemies":"Small Slimes","floor":4,"turns":7},{"damage":2,"enemies":"Looter","floor":5,"turns":4},{"damage":9,"enemies":"Gremlin Gang","floor":7,"turns":6},{"damage":0,"enemies":"Large Slime","floor":13,"turns":3},{"damage":15,"enemies":"Looter","floor":14,"turns":3},{"damage":49,"enemies":"The Guardian","floor":16,"turns":9}],"seed_played":"2685327188304356436","potions_obtained":[{"floor":2,"key":"ColorlessPotion"},{"floor":2,"key":"DuplicationPotion"},{"floor":2,"key":"DistilledChaos"},{"floor":3,"key":"SteroidPotion"}],"is_trial":false,"path_per_floor":["M","?","M","M","M","R","M","$","T","?","$","?","M","M","R","B"],"character_chosen":"THE_ELEMENTALIST","items_purchased":["elementalist:Momentum"],"campfire_rested":1,"item_purchase_floors":[8],"current_hp_per_floor":[68,68,67,67,65,65,56,56,56,44,44,44,44,29,49,0,0],"gold":160,"neow_bonus":"ONE_RARE_RELIC","is_daily":false,"chose_seed":false,"campfire_upgraded":1,"win_rate":0.0,"timestamp":1611702200,"path_taken":["M","?","M","M","?","R","M","?","T","?","$","?","?","M","R","BOSS"],"items_purchased_type":["Card"],"build_version":"2020-12-22","purchased_purges":1,"victory":false,"max_hp_per_floor":[70,70,70,70,70,70,70,67,67,67,67,67,67,67,67,67,67],"card_choices":[{"not_picked":["elementalist:Solar_Form","elementalist:Aegis"],"picked":"elementalist:Spark","floor":1},{"not_picked":["elementalist:Spark","elementalist:Geomancy"],"picked":"elementalist:Aero","floor":3},{"not_picked":["elementalist:Breeze","elementalist:Spark"],"picked":"elementalist:Cyclone","floor":4},{"not_picked":["elementalist:Spout","elementalist:Flame","elementalist:Lunar_Form"],"picked":"SKIP","floor":5},{"not_picked":["elementalist:Breeze","elementalist:Stone_to_Mud"],"picked":"elementalist:Heavensfall","floor":7},{"not_picked":["elementalist:Fission_Lance","elementalist:Low_Tides"],"picked":"elementalist:Vaccuum","floor":13},{"not_picked":["elementalist:Geomancy","elementalist:Ignition"],"picked":"elementalist:Pressurize","floor":14}],"player_experience":176246,"relics_obtained":[{"floor":9,"key":"Boot"}],"event_choices":[{"damage_healed":0,"gold_gain":0,"player_choice":"Got Potions","damage_taken":0,"max_hp_gain":0,"max_hp_loss":0,"event_name":"Lab","floor":2,"gold_loss":0},{"damage_healed":0,"gold_gain":100,"player_choice":"Pray","damage_taken":0,"max_hp_gain":0,"max_hp_loss":0,"event_name":"Golden Shrine","floor":12,"gold_loss":0}],"is_beta":false,"boss_relics":[],"items_purged_floors":[8],"is_endless":false,"potions_floor_spawned":[3,4,7,13,14],"killed_by":"The Guardian","ascension_level":0}}