{"host":"165j3y1h4d9vtt0z","time":1611620735,"event":{"mods":["2.2 Compatiblity","AchievementEnabler","Aspiration","BaseMod","Colored Map","Colored Powertips","DeckTracker","Highlight Path","Hubris","Infinite Spire","Minty Spire (QoL Compilation)","Permanent Neow","Quick Restart","Random Character Button","Relic Sorter","Replay The Spire","StSLib","Synergy Search","The Cursed","The Disciple","The Jungle","The Runesmith"],"gold_per_floor":[111,111,129,129,145,145,163,173,173,173,173,173,190,208,221,201,201,301,301,315,333,345,345,55,55,55,55,79,105,105,134,151,170,170,274,274,289,289,301,301,319,319,345,345,345,345,375,25,25,59,59,59,59],"floor_reached":52,"language":"ENG","playtime":2172,"items_purged":[],"score":682,"play_id":"bb24707f-d23b-47b0-8e36-99084b634a86","local_time":"20210126002535","is_ascension_mode":true,"campfire_choices":[{"data":"Survivor","floor":6.0,"key":"SMITH"},{"floor":12.0,"key":"REST"},{"floor":25.0,"key":"REST"},{"data":"theJungle:Gourd","floor":27.0,"key":"SMITH"},{"floor":30.0,"key":"REST"},{"data":"Venomology","floor":34.0,"key":"SMITH"},{"floor":42.0,"key":"REST"},{"floor":44.0,"key":"REST"},{"floor":46.0,"key":"REST"},{"data":"After Image","floor":49,"key":"SMITH"},{"data":"After Image","floor":51,"key":"SMITH"}],"circlet_count":0,"master_deck":["Strike_G","Strike_G","Strike_G","Strike_G","Survivor+1","Neutralize","Flying Knee","Underhanded Strike","Flying Knee","Replay:Poison Smokescreen","Adrenaline","PiercingWail","Quick Slash","Crippling Poison","Venomology+1","After Image+1","hubris:Counter","Dodge and Roll","Underhanded Strike","theJungle:Gourd+1","theJungle:Gourd","theJungle:Gourd","theJungle:Gourd","theJungle:Gourd","Underhanded Strike","Flying Knee","Toxin Wave","After Image+1","Dodge and Roll+1","Sucker Punch"],"relics":["hubris:TerracottaHorce","aspiration:FetidBarrel","Pen Nib","hubris:Spice","Philosopher\u0027s Stone","theJungle:WildStrawberry","Akabeko","aspiration:RitualDagger","The Courier","aspiration:Lifesprig","StrikeDummy"],"acts_visited":["Exordium","Exordium","TheBeyond"],"potions_floor_usage":[47,50],"damage_taken":[{"damage":2.0,"enemies":"Small Slimes","floor":1.0,"turns":5.0},{"damage":0.0,"enemies":"Jaw Worm","floor":3.0,"turns":4.0},{"damage":0.0,"enemies":"Cultist","floor":5.0,"turns":3.0},{"damage":3.0,"enemies":"Blue Slaver","floor":7.0,"turns":3.0},{"damage":20.0,"enemies":"Gremlin Gang","floor":8.0,"turns":6.0},{"damage":0.0,"enemies":"Looter","floor":13.0,"turns":3.0},{"damage":0.0,"enemies":"Exordium Thugs","floor":14.0,"turns":3.0},{"damage":4.0,"enemies":"2 Fungi Beasts","floor":15.0,"turns":2.0},{"damage":41.0,"enemies":"Slime Boss","floor":18.0,"turns":11.0},{"damage":0.0,"enemies":"theJungle:GiantWrat","floor":20.0,"turns":5.0},{"damage":2.0,"enemies":"theJungle:MUSHROOMGANG","floor":21.0,"turns":3.0},{"damage":7.0,"enemies":"theJungle:2_Snecko_Cultists","floor":22.0,"turns":6.0},{"damage":16.0,"enemies":"theJungle:MamaSnecko","floor":29.0,"turns":7.0},{"damage":7.0,"enemies":"theJungle:2_Phrogs","floor":31.0,"turns":11.0},{"damage":0.0,"enemies":"theJungle:JungleHuntersEncounter","floor":32.0,"turns":5.0},{"damage":0.0,"enemies":"theJungle:SlimyTreeVines","floor":33.0,"turns":5.0},{"damage":2.0,"enemies":"theJungle:FunGuy","floor":35.0,"turns":9.0},{"damage":3.0,"enemies":"3 Shapes","floor":37.0,"turns":5.0},{"damage":8.0,"enemies":"Orb Walker","floor":39.0,"turns":3.0},{"damage":19.0,"enemies":"Spire Growth","floor":41.0,"turns":5.0},{"damage":37.0,"enemies":"Reptomancer","floor":43.0,"turns":6.0},{"damage":7,"enemies":"Nemesis","floor":47,"turns":7},{"damage":25,"enemies":"Reptomancer","floor":50,"turns":6},{"damage":28,"enemies":"Awakened One","floor":52,"turns":3}],"seed_played":"-8560743043146345358","potions_obtained":[{"floor":3.0,"key":"Reflective Coating"},{"floor":8.0,"key":"EssenceOfSteel"},{"floor":13.0,"key":"Explosive Potion"},{"floor":14.0,"key":"Death Potion"},{"floor":16.0,"key":"Adrenaline Potion"},{"floor":29.0,"key":"Milkshake"},{"floor":35.0,"key":"Toxic Potion"},{"floor":37.0,"key":"PowerPotion"}],"is_trial":false,"path_per_floor":["M","?","M","?","M","R","M","M","T","PTL","PTL","R","M","M","M","?","R_BF","B",null,"M","M","M","?","$","R","?","R","T","E","R","E","M","M","R","B",null,"M","?","M","?","M","R","E","R","T","R","E","$","R","E","R","B"],"character_chosen":"THE_SILENT","items_purchased":["hubris:Spice","hubris:Spice","aspiration:Lifesprig"],"campfire_rested":6,"item_purchase_floors":[24,48,48],"current_hp_per_floor":[68,65,65,65,65,65,62,42,50,50,50,73,73,73,69,69,69,28,66,66,64,57,50,58,85,85,85,85,69,77,70,69,69,69,67,69,61,64,56,53,34,50,13,25,25,32,24,16,16,11,11,0,0],"gold":59,"neow_bonus":"BOSS_RELIC","is_daily":false,"chose_seed":false,"campfire_upgraded":5,"win_rate":0.0,"timestamp":1611620735,"path_taken":["M","?","M","?","?","R","M","M","T","PTL","PTL","R","M","M","M","?","R_BF","BOSS","M","?","M","?","?","R","?","R","T","E","R","E","M","M","R","BOSS","M","?","M","?","?","R","E","R","T","R","E","$","R","E","R","BOSS"],"items_purchased_type":["Relic","Relic","Relic"],"build_version":"2020-12-22","purchased_purges":0,"victory":false,"max_hp_per_floor":[70,70,70,70,70,70,70,70,78,78,78,78,78,78,78,78,78,78,78,78,78,78,85,93,93,93,93,85,77,77,77,69,69,69,69,69,61,64,64,64,56,56,40,40,32,32,24,16,16,16,16,16,16],"card_choices":[{"not_picked":["ReplayTheSpireMod:Scrap Shanks","Quick Slash"],"picked":"Flying Knee","floor":1.0},{"not_picked":["Bane","Bouncing Flask"],"picked":"Underhanded Strike","floor":3.0},{"not_picked":["Deadly Poison","Escape Plan"],"picked":"Flying Knee","floor":5.0},{"not_picked":["Riddle With Holes","Quick Slash"],"picked":"Replay:Poison Smokescreen","floor":7.0},{"not_picked":["Deadly Poison","hubris:Counter"],"picked":"Adrenaline","floor":8.0},{"not_picked":["Escape Plan","Finisher"],"picked":"PiercingWail","floor":13.0},{"not_picked":["Slice","Sneak Up"],"picked":"Quick Slash","floor":14.0},{"not_picked":["Footwork","Dagger Spray"],"picked":"Crippling Poison","floor":15.0},{"not_picked":["Glass Knife","Replay:Bag of Tricks"],"picked":"After Image","floor":18.0},{"not_picked":["Catalyst","hubris:SlightOfHand"],"picked":"hubris:Counter","floor":20.0},{"not_picked":["Quick Slash","Flying Knee"],"picked":"Dodge and Roll","floor":21.0},{"not_picked":["Acrobatics","Sucker Punch+1"],"picked":"Underhanded Strike","floor":22.0},{"not_picked":["Prepared","Flying Knee"],"picked":"Underhanded Strike","floor":29.0},{"not_picked":["Prepared","Dagger Spray"],"picked":"Flying Knee","floor":31.0},{"not_picked":["Deflect","Acrobatics"],"picked":"hubris:SpiceAddiction","floor":32.0},{"not_picked":["ReplayTheSpireMod:Shiv Toss","Quick Slash+1"],"picked":"Toxin Wave","floor":33.0},{"not_picked":["Malaise","Tools of the Trade"],"picked":"After Image","floor":35.0},{"not_picked":["hubris:SlightOfHand","Underhanded Strike+1"],"picked":"hubris:SpiceAddiction","floor":37.0},{"not_picked":["Dagger Throw","Bane+1"],"picked":"Dodge and Roll+1","floor":39.0},{"not_picked":["Finisher","Backflip"],"picked":"hubris:SpiceAddiction","floor":41.0},{"not_picked":["Riddle With Holes+1","Setup+1"],"picked":"hubris:SpiceAddiction","floor":43.0},{"not_picked":["Bane+1","hubris:SpiceAddiction"],"picked":"hubris:SpiceAddiction","floor":47},{"not_picked":["hubris:SpiceAddiction","Tactician"],"picked":"Sucker Punch","floor":50}],"player_experience":220196,"relics_obtained":[{"floor":4.0,"key":"Pen Nib"},{"floor":9.0,"key":"hubris:Spice"},{"floor":28.0,"key":"hubris:Spice"},{"floor":29.0,"key":"hubris:Spice"},{"floor":31.0,"key":"Akabeko"},{"floor":43.0,"key":"hubris:Spice"},{"floor":45.0,"key":"hubris:Spice"},{"floor":47,"key":"The Courier"},{"floor":50,"key":"StrikeDummy"}],"event_choices":[{"damage_healed":0.0,"max_hp_gain":0.0,"max_hp_loss":0.0,"gold_gain":0.0,"event_name":"Scrap Ooze","player_choice":"Success","floor":2.0,"gold_loss":0.0,"damage_taken":3.0,"relics_obtained":["aspiration:FetidBarrel"]},{"damage_healed":0.0,"max_hp_gain":0.0,"max_hp_loss":0.0,"gold_gain":0.0,"event_name":"Wheel of Change","player_choice":"Relic","floor":4.0,"gold_loss":0.0,"damage_taken":0.0},{"damage_healed":0.0,"max_hp_gain":0.0,"max_hp_loss":0.0,"gold_gain":0.0,"event_name":"The Woman in Blue","player_choice":"Bought 1 Potion","floor":16.0,"gold_loss":0.0,"damage_taken":0.0},{"damage_healed":0.0,"max_hp_gain":0.0,"max_hp_loss":0.0,"gold_gain":0.0,"event_name":"Designer","player_choice":"Punched","floor":40.0,"gold_loss":0.0,"damage_taken":3.0}],"is_beta":false,"boss_relics":[{"not_picked":["infinitespire:Cupcake","WristBlade"],"picked":"Philosopher\u0027s Stone"},{"not_picked":["hubris:Spice","hubris:Spice"],"picked":"aspiration:RitualDagger"}],"items_purged_floors":[],"is_endless":false,"potions_floor_spawned":[3,8,13,14,29,35,37],"killed_by":"Awakened One","ascension_level":2}}