{"host":"mgwrmgf4x3air4cr","time":1611667339,"event":{"mods":["ATMod(阿瑾Mod)","AchievementEnabler","Act Like it!","Arknights The Spire","Aspiration","BaseMod","CapriCore","Downfall","Friendly Minions","GungeonMod","HololiveMod","KinomotoSakuraMod(木之本樱)","Kiyohime（清姬）","Lobotomy","LobotomyExtend","Minty Spire (QoL Compilation)","MostiFishMod","RumiaBox-露米娅的神秘盒子","Shop Mod","StSLib","TestMod","The Alterego","The Immortal","The Servant 0.9.4","Waifu the Spire","WarShipGirlsR/战舰少女R mod","[IsaacMod]以撒尖塔","noobMod","【功能Mod】混沌之环修复补丁","【遗物卡牌】REMEMod","篝火指南"],"gold_per_floor":[99,117,128,128,106,106,133,151,171,171,185,217,288,338,356,456,456,156,169,188,273,273,373,373,322,339,365,384,120,143,178,204,318,318,11,23,23,23,34,125,178,203,113,139,139,142,542,542,553,553,553,583,633,5,5,5,5],"floor_reached":55,"language":"ZHS","playtime":3697,"items_purged":["bronze:Strike","bronze:Strike","bronze:Strike","bronze:Strike","bronze:Separator+1"],"score":1345,"play_id":"0966c3a8-ae74-408b-a777-518b7246ebf0","local_time":"20210126212219","is_ascension_mode":true,"campfire_choices":[{"data":"AT_FamilyPortrait","floor":1.0,"key":"SMITH"},{"data":"bronze:Goto","floor":6.0,"key":"SMITH"},{"floor":10.0,"key":"RECALL"},{"data":"bronze:Format","floor":18.0,"key":"SMITH"}],"circlet_count":0,"master_deck":["bronze:Defend","bronze:Defend","bronze:Defend","bronze:Defend","bronze:Replicate","bronze:Goto+1","LifeForTheDareDevil+1","AT_FamilyPortrait+1","bronze:Separator","bronze:BitShift","bronze:Terminator","bronze:Iterate","bronze:OilSpill","bronze:Format+1","bronze:ChosenStrike","bronze:ForLoop","bronze:Iterate","bronze:HardenedForm","bronze:Iterate+1","bronze:ChildClass","bronze:Invalidate","bronze:DecaBeam","bronze:DonuBeam","bronze:OilSpill","bronze:Virus","bronze:Backtrace+1","bronze:WhirlingStrike","bronze:InfiniteBeams+1","bronze:GetLatest+1","bronze:InfiniteLoop","bronze:Iterate+1","bronze:CutThrough+1","bronze:Invalidate+1","bronze:WhirlingStrike","bronze:Invalidate+1"],"relics":["bronze:BronzeCore","AT_ATBox","ice","DaveBox","REME_ComplimentaryCards","ShadowXiaoBlade","testmod-ThousandKnives","LetterFromLob","MerchantsRug","DemoMod:MonsterBlood","DemoMod:GlassGuonStoneRelic","Bottled Flame","aspiration:Lifesprig","FeatherPendant","downfall:HeartBlessingRed","downfall:HeartBlessingBlue","downfall:HeartBlessingGreen","DemoMod:PinkGuonStone","Dodecahedron","Akabeko","ChiXiaoBlade","Chemical X","MagicDraw1","testmod-TestBox","DemoMod:Metronome","MoneyPower","AT_ImmortalShieldbow","Vajra","DemoMod:ClearGuonStone","Ying","BirthdayGift-Icosahedron"],"acts_visited":["Exordium","TheCity","TheBeyond","TheEnding"],"potions_floor_usage":[],"damage_taken":[{"damage":4.0,"enemies":"Jaw Worm","floor":2.0,"turns":2.0},{"damage":0.0,"enemies":"Cultist","floor":3.0,"turns":1.0},{"damage":0.0,"enemies":"downfall:FleeingMerchant","floor":5.0,"turns":2.0},{"damage":0.0,"enemies":"Small Slimes","floor":8.0,"turns":2.0},{"damage":3.0,"enemies":"Red Slaver","floor":9.0,"turns":2.0},{"damage":0.0,"enemies":"Exordium Thugs","floor":11.0,"turns":2.0},{"damage":0.0,"enemies":"Gremlin Nob","floor":12.0,"turns":1.0},{"damage":0.0,"enemies":"Hiden Room Battle","floor":14.0,"turns":2.0},{"damage":0.0,"enemies":"Blue Slaver","floor":15.0,"turns":1.0},{"damage":0.0,"enemies":"DF_ARCHETYPE_STREAMLINE","floor":16.0,"turns":2.0},{"damage":0.0,"enemies":"Chosen","floor":19.0,"turns":1.0},{"damage":0.0,"enemies":"Spheric Guardian","floor":20.0,"turns":1.0},{"damage":0.0,"enemies":"Spheric Guardian","floor":23.0,"turns":2.0},{"damage":0.0,"enemies":"Shelled Parasite and Fungi","floor":26.0,"turns":2.0},{"damage":0.0,"enemies":"REME_1_Revenger","floor":27.0,"turns":2.0},{"damage":0.0,"enemies":"Snake Plant","floor":28.0,"turns":1.0},{"damage":0.0,"enemies":"3 Cultists","floor":30.0,"turns":1.0},{"damage":0.0,"enemies":"Gremlin Leader","floor":31.0,"turns":1.0},{"damage":0.0,"enemies":"Cultist and Chosen","floor":32.0,"turns":1.0},{"damage":0.0,"enemies":"WA_ARCHETYPE_CALM","floor":33.0,"turns":1.0},{"damage":0.0,"enemies":"3 Shapes","floor":36.0,"turns":1.0},{"damage":0.0,"enemies":"Orb Walker","floor":39.0,"turns":1.0},{"damage":0.0,"enemies":"Nemesis","floor":42.0,"turns":1.0},{"damage":0.0,"enemies":"Giant Head","floor":44.0,"turns":1.0},{"damage":0.0,"enemies":"3 Darklings","floor":49.0,"turns":1.0},{"damage":0.0,"enemies":"IC_BLOCK_ARCHETYPE","floor":50.0,"turns":1.0},{"damage":0.0,"enemies":"downfall:CharBossMerchant","floor":52.0,"turns":1.0},{"damage":0,"enemies":"downfall:NeowBoss","floor":55,"turns":22}],"seed_played":"1046484007065629977","potions_obtained":[{"floor":3.0,"key":"FearPotion"},{"floor":8.0,"key":"testmod-SpacePotion"},{"floor":9.0,"key":"REME_GoldPotion"},{"floor":11.0,"key":"Dexterity Potion"},{"floor":12.0,"key":"Dexterity Potion"},{"floor":19.0,"key":"testmod-EscapePotion"},{"floor":23.0,"key":"SteroidPotion"},{"floor":26.0,"key":"SpeedPotion"},{"floor":28.0,"key":"REME_GoldPotion"},{"floor":30.0,"key":"Strength Potion"},{"floor":36.0,"key":"bronze:FreeFunctionsPotion"},{"floor":37.0,"key":"bronze:BuildAFunctionPotion"},{"floor":37.0,"key":"testmod-EscapePotion"},{"floor":37.0,"key":"bronze:BurnAndBuffPotion"},{"floor":44.0,"key":"bronze:FreeFunctionsPotion"}],"is_trial":false,"path_per_floor":["R","M","M","?","$","R","T","M","M","R","M","E","$","?","M","B",null,"R","M","M","?","?","?","T","$","M","E","M","R","M","E","M","B",null,"R","M","?","?","M","?","T","E","R","E","T","R","?","?","M","B",null,"E","$","R","B"],"character_chosen":"THE_AUTOMATON","items_purchased":["MerchantsRug","DemoMod:WeirdEgg","Dodecahedron","sneckomod:BlankCard","Chemical X","MagicDraw1","Smiling Mask","DiscerningMonocle","Vajra","DemoMod:ClearGuonStone","Ying","champ:CounterPotion","DemoMod:LeadSkinPotion","champ:CounterPotion","BirthdayGift-Icosahedron"],"campfire_rested":0,"item_purchase_floors":[5,5,29,29,35,35,43,46,53,53,53,53,53,53,54],"current_hp_per_floor":[77,73,73,73,73,73,73,73,70,70,70,70,77,62,62,62,79,89,89,89,75,75,75,82,82,82,82,82,82,82,82,82,82,89,89,89,89,89,89,59,59,59,59,59,59,59,59,59,59,59,89,89,89,89,89,89,89],"gold":5,"neow_bonus":"TEN_PERCENT_HP_BONUS","is_daily":false,"chose_seed":false,"campfire_upgraded":3,"win_rate":0.0,"timestamp":1611667339,"path_taken":["R","M","M","?","?","R","T","M","M","R","M","E","$","?","M","BOSS","R","M","M","?","?","?","T","?","?","E","M","R","M","E","M","BOSS","R","M","?","?","?","?","T","E","R","E","?","R","?","?","M","BOSS","E","$","R","BOSS"],"items_purchased_type":["Relic","Relic","Relic","Relic","Relic","Relic","Relic","Relic","Relic","Relic","Relic","Potion","Undefined","Potion","Relic"],"build_version":"2020-12-22","purchased_purges":5,"victory":false,"max_hp_per_floor":[77,77,77,77,77,77,77,77,77,77,77,77,84,84,84,84,79,89,89,89,89,89,89,96,96,96,96,96,96,96,96,96,96,89,89,89,89,89,89,89,89,89,89,89,89,89,89,89,89,89,89,89,89,89,89,89,89],"card_choices":[{"not_picked":[],"picked":"ChaosCard","floor":0.0},{"not_picked":["bronze:Overheat","bronze:DigitalCarnage"],"picked":"bronze:Separator","floor":2.0},{"not_picked":["bronze:Constructor","bronze:BugBarrage"],"picked":"bronze:BitShift","floor":3.0},{"not_picked":["bronze:WildBeam","bronze:Refactor"],"picked":"bronze:Terminator","floor":5.0},{"not_picked":["bronze:Separator","bronze:Constructor"],"picked":"bronze:Iterate","floor":8.0},{"not_picked":["bronze:Shield","bronze:Deprecate"],"picked":"bronze:OilSpill","floor":9.0},{"not_picked":["bronze:CutThrough","bronze:BuggyMess"],"picked":"bronze:Format","floor":11.0},{"not_picked":["bronze:BuggyMess","bronze:FollowUp"],"picked":"bronze:ChosenStrike","floor":12.0},{"not_picked":["bronze:Deprecate","bronze:BronzeArmor"],"picked":"bronze:ForLoop","floor":14.0},{"not_picked":["Bomb","bronze:Boost"],"picked":"bronze:Iterate","floor":15.0},{"not_picked":["bronze:Library","bronze:Assembly"],"picked":"bronze:HardenedForm","floor":16.0},{"not_picked":["bronze:DigitalCarnage","bronze:Philosophize"],"picked":"bronze:Iterate+1","floor":19.0},{"not_picked":["bronze:Overheat+1","bronze:OilSpill"],"picked":"bronze:ChildClass","floor":20.0},{"not_picked":["bronze:BurnOut","bronze:Fortify"],"picked":"bronze:Invalidate","floor":23.0},{"not_picked":[],"picked":"bronze:DecaBeam","floor":23.0},{"not_picked":[],"picked":"bronze:DonuBeam","floor":23.0},{"not_picked":["bronze:ItsAFeature","bronze:DigitalCarnage+1"],"picked":"bronze:OilSpill","floor":26.0},{"not_picked":["bronze:Deprecate+1","bronze:Shield+1"],"picked":"bronze:Virus","floor":27.0},{"not_picked":["bronze:WildBeam","bronze:BitShift"],"picked":"bronze:Backtrace+1","floor":28.0},{"not_picked":["bronze:Branch","bronze:BitShift"],"picked":"bronze:WhirlingStrike","floor":30.0},{"not_picked":["bronze:WhirlingStrike","bronze:Return"],"picked":"bronze:InfiniteBeams+1","floor":31.0},{"not_picked":["bronze:BuggyMess+1","bronze:Safeguard+1"],"picked":"bronze:GetLatest+1","floor":32.0},{"not_picked":["bronze:Hardcode","bronze:Mutator"],"picked":"bronze:InfiniteLoop","floor":33.0},{"not_picked":["bronze:Separator","bronze:Repair+1"],"picked":"bronze:Iterate+1","floor":36.0},{"not_picked":["bronze:Branch","bronze:Separator"],"picked":"bronze:CutThrough+1","floor":39.0},{"not_picked":["bronze:BuggyMess","bronze:Deprecate"],"picked":"bronze:Separator+1","floor":42.0},{"not_picked":["bronze:OilSpill+1","bronze:WildBeam+1"],"picked":"bronze:Invalidate+1","floor":44.0},{"not_picked":["bronze:GetLatest+1","bronze:Fortify"],"picked":"bronze:WhirlingStrike","floor":49.0},{"not_picked":["bronze:Boost+1","bronze:FineTuning"],"picked":"bronze:Invalidate+1","floor":52.0}],"player_experience":114864,"relics_obtained":[{"floor":2.0,"key":"LetterFromLob"},{"floor":12.0,"key":"SalivaCoin"},{"floor":14.0,"key":"Bottled Flame"},{"floor":14.0,"key":"aspiration:Lifesprig"},{"floor":24.0,"key":"DemoMod:PinkGuonStone"},{"floor":27.0,"key":"testmod-Acrobat"},{"floor":31.0,"key":"Akabeko"},{"floor":41.0,"key":"DemoMod:Metronome"},{"floor":42.0,"key":"PunchingBag"},{"floor":44.0,"key":"testmod-HeartOfStrike"},{"floor":45.0,"key":"MoneyPower"},{"floor":52.0,"key":"AT_ImmortalShieldbow"}],"event_choices":[{"damage_healed":0.0,"max_hp_gain":0.0,"max_hp_loss":0.0,"gold_gain":0.0,"event_name":"HidenRoomEvent","player_choice":"Fight","floor":14.0,"gold_loss":0.0,"damage_taken":0.0},{"damage_healed":0.0,"max_hp_gain":0.0,"max_hp_loss":0.0,"gold_gain":0.0,"event_name":"Lab","player_choice":"Got Potions","floor":37.0,"gold_loss":0.0,"damage_taken":0.0},{"damage_healed":0.0,"max_hp_gain":0.0,"max_hp_loss":0.0,"gold_gain":0.0,"event_name":"给自己的盒子","player_choice":"Swap Relic","floor":38.0,"relics_lost":["HushsDoor"],"gold_loss":0.0,"damage_taken":0.0,"relics_obtained":["testmod-TestBox"]},{"damage_healed":0.0,"max_hp_gain":0.0,"max_hp_loss":0.0,"gold_gain":400.0,"event_name":"恩洛斯的盘子","player_choice":"Sell","floor":47.0,"relics_lost":["testmod-TestBox"],"gold_loss":0.0,"damage_taken":0.0}],"is_beta":false,"boss_relics":[{"not_picked":["aspiration:RitualDagger","HereWithMe"],"picked":"FeatherPendant"},{"not_picked":[]},{"not_picked":["aspiration:FutureDiary","testmod-StringDisintegrator"],"picked":"ChiXiaoBlade"},{"not_picked":[]}],"items_purged_floors":[5,17,25,34,43],"is_endless":false,"potions_floor_spawned":[3,8,9,11,12,19,23,26,28,30,36,44],"killed_by":"downfall:NeowBoss","ascension_level":1}}