{"host":"i9lxfrw7gw0fop00","time":1611631206,"event":{"mods":["2.2 Compatiblity","AchievementEnabler","BaseMod","Beaked The Cultist","Better Altar","Better Match","Better Note","Better Sensory Stone","Better Skull","Better Third Choice","Colored Map","Colored Powertips","Curses Come First","Downfall","Friendly Minions","Glutton Mod","Hermit","Minty Spire (QoL Compilation)","Permanent Neow","Quick Restart","Rare Cards Sparkle","Relic Sorter","Robot Space Explorer","Shade Mod","StSLib","The Construct","The Dragon Tamer","The Jungle","The Marked"],"gold_per_floor":[99,114,114,133,133,133,133,158,58,107,124,138,123,147,164,263,263,263,278,278,378,389,408,408,408,420,420,420,420],"floor_reached":27,"language":"SPA","playtime":1887,"items_purged":[],"score":213,"play_id":"3f1c520d-7c75-4c8e-9537-610bdbd08c12","local_time":"20210126002006","is_ascension_mode":false,"campfire_choices":[{"floor":1.0,"key":"RECALL"},{"data":"champ:Haymaker","floor":9.0,"key":"SMITH"},{"data":"champ:DancingMaster","floor":18.0,"key":"SMITH"}],"circlet_count":0,"master_deck":["champ:Strike","champ:Strike+1","champ:Strike","champ:Strike","champ:Defend","champ:Defend","champ:Defend","champ:Defend","champ:Execute","champ:Taunt","champ:GladiatorStyle","champ:TornadoPunch","Enlightenment+1","champ:Haymaker+1","champ:StanceDance+1","champ:ShieldWall","champ:ShieldSlam","champ:EnGarde","champ:Lariat+1","champ:DancingMaster+1","champ:BringItOn+1","champ:GutPunch"],"relics":["champ:ChampionCrown","champ:LiftRelic","construct:RocketBooster","Blue Candle","downfall:HeartBlessingRed","Guardian:PocketSentry","Odd Mushroom","Busted Crown","White Beast Statue","Enchiridion"],"acts_visited":["Exordium","TheCity"],"potions_floor_usage":[],"damage_taken":[{"damage":2.0,"enemies":"Jaw Worm","floor":2.0,"turns":6.0},{"damage":10.0,"enemies":"2 Louse","floor":4.0,"turns":2.0},{"damage":42.0,"enemies":"3 Sentries","floor":8.0,"turns":7.0},{"damage":0.0,"enemies":"Cultist","floor":11.0,"turns":2.0},{"damage":0.0,"enemies":"Exordium Wildlife","floor":12.0,"turns":2.0},{"damage":5.0,"enemies":"downfall:FleeingMerchant","floor":13.0,"turns":4.0},{"damage":22.0,"enemies":"The Mushroom Lair","floor":14.0,"turns":3.0},{"damage":17.0,"enemies":"Gremlin Gang","floor":15.0,"turns":3.0},{"damage":33.0,"enemies":"WA_ARCHETYPE_RETAIN","floor":16.0,"turns":7.0},{"damage":0.0,"enemies":"Chosen","floor":19.0,"turns":4.0},{"damage":54.0,"enemies":"downfall:LadyInBlue","floor":21.0,"turns":10.0},{"damage":16.0,"enemies":"3 Cultists","floor":22.0,"turns":5.0},{"damage":33,"enemies":"Snake Plant","floor":23,"turns":4},{"damage":16,"enemies":"Cultist and Chosen","floor":26,"turns":6},{"damage":28,"enemies":"downfall:FleeingMerchant","floor":27,"turns":2}],"seed_played":"-636192921747820925","potions_obtained":[{"floor":2.0,"key":"BlessingOfTheForge"},{"floor":11.0,"key":"SpeedPotion"},{"floor":12.0,"key":"Energy Potion"},{"floor":19.0,"key":"construct:ShiftPotion"},{"floor":21.0,"key":"bronze:BurnAndBuffPotion"},{"floor":21.0,"key":"PowerPotion"},{"floor":21.0,"key":"Energy Potion"},{"floor":22,"key":"Guardian:BlockOnCardUsePotion"}],"is_trial":false,"path_per_floor":["R","M","?","M","?","?","T","E","R","T","M","M","$","?","M","B",null,"R","M","?","?","M","M","T","?","M","$"],"character_chosen":"THE_CHAMP","items_purchased":[],"campfire_rested":0,"item_purchase_floors":[],"current_hp_per_floor":[99,97,97,97,97,97,97,70,70,70,70,70,70,58,46,38,99,99,99,99,65,59,36,36,20,14,0,0,0],"gold":420,"neow_bonus":"TEN_PERCENT_HP_BONUS","is_daily":false,"chose_seed":false,"campfire_upgraded":2,"win_rate":0.0,"timestamp":1611631206,"path_taken":["R","M","?","M","?","?","T","E","R","?","M","?","$","?","M","BOSS","R","M","?","?","?","M","T","?","M","$"],"items_purchased_type":[],"build_version":"2020-12-22","purchased_purges":0,"victory":false,"max_hp_per_floor":[99,99,99,99,99,99,99,99,99,99,99,99,99,99,99,99,99,99,99,99,99,99,99,99,99,99,99,99,99],"card_choices":[{"not_picked":["champ:GutPunch","champ:Backstep"],"picked":"champ:GladiatorStyle","floor":2.0},{"not_picked":["champ:Parry","champ:PreemptiveStrike"],"picked":"champ:TornadoPunch","floor":4.0},{"not_picked":["Finesse","Madness"],"picked":"Enlightenment","floor":5.0},{"not_picked":["champ:GutPunch","champ:FocusedDefense"],"picked":"champ:Haymaker","floor":8.0},{"not_picked":["champ:BerserkersShout","champ:CrownThrow"],"picked":"champ:StanceDance","floor":11.0},{"not_picked":["champ:CrookedStrike","champ:Devastate"],"picked":"champ:ShieldWall","floor":12.0},{"not_picked":["champ:StanceDance","champ:RecklessLeap"],"picked":"champ:ShieldSlam","floor":13.0},{"not_picked":["champ:RapidStrikes","champ:Haymaker"],"picked":"champ:EnGarde","floor":14.0},{"not_picked":["champ:BringItOn","champ:HeartStrike"],"picked":"champ:Lariat","floor":15.0},{"not_picked":["champ:CheapShot","champ:UltimateStance"],"picked":"champ:DancingMaster","floor":16.0},{"not_picked":[],"picked":"champ:BringItOn+1","floor":19.0},{"not_picked":["champ:DefensiveShout"],"picked":"SKIP","floor":22},{"not_picked":[],"picked":"champ:GutPunch","floor":23},{"not_picked":["champ:DeathBlow"],"picked":"SKIP","floor":26}],"player_experience":234889,"relics_obtained":[{"floor":7.0,"key":"construct:RocketBooster"},{"floor":8.0,"key":"Blue Candle"},{"floor":10.0,"key":"Guardian:PocketSentry"},{"floor":14.0,"key":"Odd Mushroom"},{"floor":21.0,"key":"White Beast Statue"},{"floor":25,"key":"Enchiridion"}],"event_choices":[{"damage_healed":0.0,"max_hp_gain":0.0,"max_hp_loss":0.0,"gold_gain":1.0,"event_name":"betterStone:BetterStone","player_choice":"1","floor":5.0,"gold_loss":0.0,"damage_taken":0.0},{"damage_healed":0.0,"max_hp_gain":0.0,"max_hp_loss":0.0,"gold_gain":0.0,"event_name":"Living Wall","player_choice":"Grow","floor":6.0,"gold_loss":0.0,"damage_taken":0.0,"cards_upgraded":["Enlightenment"]},{"damage_healed":0.0,"max_hp_gain":0.0,"max_hp_loss":0.0,"gold_gain":0.0,"event_name":"Mushrooms","player_choice":"Fought Mushrooms","floor":14.0,"gold_loss":0.0,"damage_taken":0.0},{"damage_healed":0.0,"max_hp_gain":0.0,"max_hp_loss":0.0,"gold_gain":0.0,"event_name":"betterNote:BetterNote","player_choice":"Ignored","floor":20.0,"gold_loss":0.0,"damage_taken":0.0,"cards_obtained":["Panacea"]}],"is_beta":false,"boss_relics":[{"not_picked":["Runic Dome","construct:ClawGrip"],"picked":"Busted Crown"}],"items_purged_floors":[],"is_endless":false,"potions_floor_spawned":[2,11,12,19,21,22,23,26],"killed_by":"downfall:FleeingMerchant","ascension_level":0}}