{"host":"pgm1p3lvdjflie30","time":1611632970,"event":{"mods":["100% Spire Juice","AchievementEnabler","Act Like it!","Bard","BaseMod","Block Reminder","Colored Map","Colored Powertips","Conspire","Downfall","Energized Spire","Gremlin Mod","GungeonMod","Hermit","HornydragonMod","Minty Spire (QoL Compilation)","Nova Terra(?娃·泰拉)","Quarter Circle Forward PUNCH!","Reimu（博???）","Robot Space Explorer","SOS（斯巴?之子）","StSLib","The Bug Knight","The Cursed","The Dragon Tamer","The Gatherer","The Hierophant","The IronCluck","The Jungle","The Mystic","The Runesmith","The Saiyan","The Senshi","The Servant 0.9.4","TheHeartMod","Waifu the Spire","【功能Mod】混沌之?修复?丁","【?物卡牌】REMEMod"],"gold_per_floor":[112,112,130,202,202,58,83,103,103,119,119,137,148,162,162,267,267,312,324,343,357,357,357,357,357],"floor_reached":24,"language":"ZHS","playtime":1197,"items_purged":[],"score":227,"play_id":"6d891c7d-1463-40d0-a9bf-ec165d4ba155","local_time":"20210126114930","is_ascension_mode":false,"campfire_choices":[{"floor":11,"key":"RECALL"},{"data":"Moonworks:IndiscriminateFireSupport","floor":15,"key":"SMITH"},{"data":"MurderousAura","floor":23,"key":"SMITH"}],"circlet_count":0,"master_deck":["hermit:Strike_Hermit","hermit:Strike_Hermit","hermit:Strike_Hermit","hermit:Defend_Hermit","hermit:Defend_Hermit","hermit:Defend_Hermit","hermit:Snapshot","hermit:Covet","Envenom","hermit:Misfire","hermit:Headshot","Iron Wave","SpiritualOutbreak2:ReiMu","Moonworks:IndiscriminateFireSupport+1","Slimebound:GoopSpray","bard:LifeDrain","Moonworks:x16BigRocket","MurderousAura+1","DTMod:OpeningTactic","RobotSpaceExplorer:Pulsar","Cleave","sneckomod:UnknownClassHEXA_GHOST_PURPLE","hermit:Feint"],"relics":["hermit:Momento","REME_ComplimentaryCards","NeowsBlessing","PrismaticShard","Vajra","DemoMod:RiddleOfLead"],"acts_visited":["Exordium","TheCity"],"potions_floor_usage":[10,16,16,18],"damage_taken":[{"damage":0,"enemies":"conspire:RoseBush","floor":1,"turns":1},{"damage":0,"enemies":"2 Louse","floor":3,"turns":1},{"damage":0,"enemies":"Lagavulin","floor":7,"turns":1},{"damage":0,"enemies":"Cultist","floor":8,"turns":3},{"damage":4,"enemies":"Gremlin Gang","floor":10,"turns":2},{"damage":4,"enemies":"Blue Slaver","floor":12,"turns":2},{"damage":15,"enemies":"Lots of Slimes","floor":13,"turns":2},{"damage":5,"enemies":"Exordium Thugs","floor":14,"turns":4},{"damage":26,"enemies":"Hexaghost","floor":16,"turns":7},{"damage":0,"enemies":"Chosen","floor":18,"turns":3},{"damage":5,"enemies":"3 Byrds","floor":19,"turns":5},{"damage":28,"enemies":"Centurion and Healer","floor":20,"turns":5},{"damage":26,"enemies":"Snake Plant","floor":21,"turns":3},{"damage":38,"enemies":"Book of Stabbing","floor":24,"turns":3}],"seed_played":"-7323425211356109557","potions_obtained":[{"floor":1,"key":"Explosive Potion"},{"floor":8,"key":"hermit:BlackBile"},{"floor":14,"key":"ColorlessPotion"},{"floor":16,"key":"REME_GoldPotion"},{"floor":20,"key":"Ancient Potion"}],"is_trial":false,"path_per_floor":["M","?","M","?","?","$","E","M","T","M","R","M","M","M","R","B",null,"M","M","M","M","?","R","E"],"character_chosen":"HERMIT","items_purchased":["PrismaticShard"],"campfire_rested":0,"item_purchase_floors":[6],"current_hp_per_floor":[75,75,75,75,75,75,75,75,75,71,71,67,52,47,47,21,85,85,80,52,26,26,26,0,0],"gold":357,"neow_bonus":"THREE_ENEMY_KILL","is_daily":false,"chose_seed":false,"campfire_upgraded":2,"win_rate":0.0,"timestamp":1611632970,"path_taken":["M","?","M","?","?","$","E","M","T","M","R","M","?","M","R","BOSS","M","M","?","M","?","R","E"],"items_purchased_type":["Relic"],"build_version":"2020-12-22","purchased_purges":0,"victory":false,"max_hp_per_floor":[75,75,75,75,75,75,75,75,75,75,75,75,75,75,75,75,85,85,85,85,85,85,85,85,85],"card_choices":[{"not_picked":["hermit:Feint","hermit:Dive"],"picked":"hermit:Misfire","floor":1},{"not_picked":["hermit:Cheat","hermit:NoHoldsBarred"],"picked":"hermit:Headshot","floor":3},{"not_picked":["CutThroughFate","sneckomod:Unknown2Cost"],"picked":"SpiritualOutbreak2:ReiMu","floor":7},{"not_picked":["Gatherer:EchoOfNature","DemoMod:DoubleSwitch"],"picked":"Moonworks:IndiscriminateFireSupport","floor":8},{"not_picked":["mysticmod:PowerSlash","SpreadBorder2:ReiMu"],"picked":"Slimebound:GoopSpray","floor":10},{"not_picked":["bronze:OilSpill","Royaldefend"],"picked":"bard:LifeDrain","floor":12},{"not_picked":["Moonworks:ForcedRevival","bronze:FineTuning"],"picked":"Moonworks:x16BigRocket","floor":13},{"not_picked":["EmptyFist","Runesmith:MakeshiftArmor"],"picked":"MurderousAura","floor":14},{"not_picked":["Slimebound:Teamwork","Moonworks:MeltingMemories"],"picked":"DTMod:OpeningTactic","floor":16},{"not_picked":["sneckomod:UnknownClassGREEN","Doubleshoot"],"picked":"RobotSpaceExplorer:Pulsar","floor":18},{"not_picked":["bard:ViciousMockery","hexamod:AdvancingGuard"],"picked":"Cleave","floor":19},{"not_picked":["Slimebound:GrowthPunch","bronze:Shield"],"picked":"sneckomod:UnknownClassHEXA_GHOST_PURPLE","floor":20},{"not_picked":["DemoMod:DoubleVision","Runesmith:EnergizedChisel","Chargeshoot2"],"picked":"SKIP","floor":21}],"player_experience":326042,"relics_obtained":[{"floor":7,"key":"Vajra"}],"event_choices":[{"damage_healed":0,"gold_gain":0,"player_choice":"Leave","damage_taken":0,"max_hp_gain":0,"max_hp_loss":0,"event_name":"conspire:Investor","floor":2,"gold_loss":0},{"damage_healed":0,"gold_gain":72,"player_choice":"Gained Gold","damage_taken":0,"max_hp_gain":0,"max_hp_loss":0,"event_name":"Golden Wing","floor":4,"gold_loss":0},{"cards_removed":["hermit:Defend_Hermit"],"damage_healed":0,"gold_gain":0,"player_choice":"Took Card","damage_taken":0,"max_hp_gain":0,"max_hp_loss":0,"event_name":"NoteForYourself","floor":5,"gold_loss":0,"cards_obtained":["Iron Wave"]},{"damage_healed":0,"gold_gain":0,"cards_transformed":["hermit:Strike_Hermit"],"player_choice":"Transformed","damage_taken":0,"max_hp_gain":0,"max_hp_loss":0,"event_name":"Transmorgrifier","floor":22,"gold_loss":0,"cards_obtained":["hermit:Feint"]}],"is_beta":false,"boss_relics":[{"not_picked":["energizedSpire:MagnifyingGlass","conspire:RoyalGoblet"],"picked":"DemoMod:RiddleOfLead"}],"items_purged_floors":[],"is_endless":false,"potions_floor_spawned":[1,8,14,16,20],"killed_by":"Book of Stabbing","ascension_level":0}}