{"host":"sc0o2qwpf9j16a4i","time":1611675875,"event":{"mods":["AchievementEnabler","BaseMod","BetterRewards","Block Reminder","Colored Map","Colored Powertips","Custom Start","Highlight Path","Minty Spire (QoL Compilation)","Relic Stats"],"gold_per_floor":[109,124,179,254,273,300,318,318,318,348,358,52,68,81,81,177,177,190,203,163,176,194,194,224,224,248,248,283,283,303,320,320,425,425,448,187,287,307,334,351,366,383,383,383,416,47,82,93,93,93],"floor_reached":51,"language":"ENG","playtime":3288,"items_purged":["Thunder Strike"],"score":963,"play_id":"e80a094a-05b9-44f8-8c48-d01cec137a3e","local_time":"20210126174435","daily_mods":["Shiny","Red Cards","Terminal"],"is_ascension_mode":false,"campfire_choices":[{"data":"Apotheosis","floor":15,"key":"SMITH"},{"data":"Reboot","floor":23,"key":"SMITH"},{"data":"Seek","floor":25,"key":"SMITH"},{"floor":32,"key":"REST"},{"floor":44,"key":"REST"},{"floor":49,"key":"REST"}],"circlet_count":0,"master_deck":["Double Tap","Demon Form","Bludgeon","Feed","Limit Break","Corruption","Barricade","Fiend Fire","Berserk","Impervious","Juggernaut","Brutality","Reaper","Exhume","Offering","Immolate","Multi-Cast","Hyperbeam","Biased Cognition","Machine Learning","Electrodynamics","Buffer","Rainbow","Seek+1","Meteor Strike","Echo Form","All For One","Reboot+1","Amplify","Creative AI","Fission+1","Core Surge","Ball Lightning","Cold Snap","Reinforced Body","Spot Weakness","Capacitor","Apotheosis+1","Feel No Pain","Disarm","Genetic Algorithm","Meteor Strike","Pommel Strike+1","Dark Embrace+1","Genetic Algorithm+1","Necronomicurse","Sentinel","Entrench","Core Surge","Flame Barrier+1","Pommel Strike","Dark Shackles","Panache","Panacea","Dark Embrace"],"relics":["Cracked Core","Vajra","Strawberry","Darkstone Periapt","Inserter","Anchor","Centennial Puzzle","Necronomicon","CeramicFish","Fusion Hammer","Bottled Lightning","Bag of Marbles","Kunai","Bag of Preparation","Runic Capacitor","Calipers"],"acts_visited":["Exordium","TheCity","TheBeyond"],"potions_floor_usage":[6,10,13,16,21,22,24,45,50,50],"damage_taken":[{"damage":6,"enemies":"Jaw Worm","floor":1,"turns":3},{"damage":13,"enemies":"Cultist","floor":2,"turns":4},{"damage":1,"enemies":"2 Louse","floor":5,"turns":2},{"damage":0,"enemies":"3 Sentries","floor":6,"turns":1},{"damage":12,"enemies":"Looter","floor":7,"turns":3},{"damage":0,"enemies":"Lagavulin","floor":10,"turns":6},{"damage":6,"enemies":"Red Slaver","floor":11,"turns":2},{"damage":0,"enemies":"Gremlin Gang","floor":13,"turns":2},{"damage":5,"enemies":"Exordium Thugs","floor":14,"turns":2},{"damage":21,"enemies":"Hexaghost","floor":16,"turns":7},{"damage":11,"enemies":"Chosen","floor":18,"turns":5},{"damage":6,"enemies":"3 Byrds","floor":19,"turns":3},{"damage":7,"enemies":"Centurion and Healer","floor":21,"turns":4},{"damage":35,"enemies":"Snake Plant","floor":22,"turns":8},{"damage":0,"enemies":"Gremlin Leader","floor":24,"turns":8},{"damage":38,"enemies":"Slavers","floor":28,"turns":5},{"damage":19,"enemies":"Chosen and Byrds","floor":30,"turns":6},{"damage":3,"enemies":"Shelled Parasite and Fungi","floor":31,"turns":9},{"damage":15,"enemies":"Automaton","floor":33,"turns":14},{"damage":12,"enemies":"Orb Walker","floor":35,"turns":3},{"damage":6,"enemies":"3 Darklings","floor":38,"turns":4},{"damage":6,"enemies":"4 Shapes","floor":40,"turns":11},{"damage":31,"enemies":"Jaw Worm Horde","floor":41,"turns":10},{"damage":14,"enemies":"Maw","floor":42,"turns":8},{"damage":12,"enemies":"Reptomancer","floor":45,"turns":7},{"damage":3,"enemies":"Nemesis","floor":47,"turns":7},{"damage":9,"enemies":"Spire Growth","floor":48,"turns":13},{"damage":1,"enemies":"Time Eater","floor":50,"turns":19}],"seed_played":"4238140047520077920","potions_obtained":[{"floor":1,"key":"DuplicationPotion"},{"floor":5,"key":"DistilledChaos"},{"floor":7,"key":"Energy Potion"},{"floor":10,"key":"Swift Potion"},{"floor":20,"key":"Explosive Potion"},{"floor":20,"key":"GamblersBrew"},{"floor":20,"key":"PotionOfCapacity"},{"floor":21,"key":"Explosive Potion"},{"floor":22,"key":"Dexterity Potion"},{"floor":30,"key":"SteroidPotion"},{"floor":47,"key":"FearPotion"}],"is_trial":true,"path_per_floor":["M","M","?","?","M","E","M","?","T","E","M","$","M","M","R","B",null,"M","M","?","M","M","R","E","R","T","?","E","?","M","M","R","B",null,"M","$","?","M","?","M","M","M","T","R","E","$","E","M","R","B",null],"character_chosen":"DEFECT","items_purchased":["Apotheosis","Feel No Pain","Bottled Lightning","Bag of Preparation","Dark Embrace","Runic Capacitor"],"campfire_rested":3,"item_purchase_floors":[12,12,36,46,46,46],"current_hp_per_floor":[71,65,65,54,58,58,46,46,53,56,50,50,62,57,57,42,77,72,74,74,67,36,36,83,83,83,73,35,35,23,24,52,86,97,85,85,85,79,69,71,91,77,77,99,87,87,96,91,98,101],"gold":93,"neow_bonus":"","is_daily":false,"chose_seed":false,"campfire_upgraded":3,"win_rate":0.0,"timestamp":1611675875,"path_taken":["M","M","?","?","M","E","M","?","T","E","M","$","?","?","R","BOSS","M","M","?","M","?","R","E","R","T","?","E","?","M","M","R","BOSS","M","$","?","?","?","M","M","M","T","R","E","$","E","M","R","BOSS"],"items_purchased_type":["Card","Card","Relic","Relic","Card","Relic"],"build_version":"2020-12-22","purchased_purges":1,"victory":true,"max_hp_per_floor":[76,78,77,76,75,74,73,72,78,80,79,78,81,80,79,78,77,76,83,82,81,84,83,86,85,84,89,88,87,93,96,95,98,97,96,95,94,93,92,99,102,101,100,99,98,97,96,99,98,101],"relic_stats":{"Darkstone Periapt":6,"Centennial Puzzle":[39],"Inserter":[55],"counters":[28,176],"CeramicFish":81,"Necronomicon":[12],"Bag of Preparation":[6],"Kunai":[1],"obtain_stats":[{"Darkstone Periapt":10,"Inserter":17,"Calipers":47,"CeramicFish":28,"Vajra":6,"Bag of Preparation":46,"Runic Capacitor":46,"Anchor":24,"Centennial Puzzle":26,"Strawberry":9,"Fusion Hammer":34,"Necronomicon":27,"Bag of Marbles":43,"Bottled Lightning":36,"Kunai":45,"Cracked Core":0},{"Darkstone Periapt":6,"Inserter":10,"Calipers":26,"CeramicFish":16,"Vajra":4,"Bag of Preparation":25,"Runic Capacitor":25,"Anchor":15,"Centennial Puzzle":15,"Strawberry":5,"Fusion Hammer":19,"Necronomicon":15,"Bag of Marbles":24,"Bottled Lightning":20,"Kunai":25,"Cracked Core":0},{"Darkstone Periapt":19,"Inserter":32,"Calipers":144,"CeramicFish":65,"Vajra":10,"Bag of Preparation":137,"Runic Capacitor":137,"Anchor":60,"Centennial Puzzle":60,"Strawberry":13,"Fusion Hammer":94,"Necronomicon":60,"Bag of Marbles":130,"Bottled Lightning":97,"Kunai":137,"Cracked Core":0}]},"card_choices":[{"not_picked":["BootSequence","Cleave"],"picked":"Ball Lightning","floor":1},{"not_picked":["Heavy Blade","Coolheaded","FTL"],"picked":"SKIP","floor":2},{"not_picked":["Body Slam","Metallicize"],"picked":"Cold Snap","floor":5},{"not_picked":["Pommel Strike","Hologram"],"picked":"Reinforced Body","floor":6},{"not_picked":["Havoc","Darkness"],"picked":"Spot Weakness","floor":7},{"not_picked":["Beam Cell","Iron Wave"],"picked":"Capacitor","floor":10},{"not_picked":["Ball Lightning","Streamline","Barricade"],"picked":"SKIP","floor":11},{"not_picked":["Armaments","Reckless Charge"],"picked":"Disarm","floor":13},{"not_picked":["Loop","Coolheaded"],"picked":"Genetic Algorithm","floor":14},{"not_picked":["Electrodynamics","Demon Form"],"picked":"Meteor Strike","floor":16},{"not_picked":["FTL","Compile Driver+1"],"picked":"Pommel Strike+1","floor":18},{"not_picked":["Redo","Perfected Strike"],"picked":"Dark Embrace+1","floor":19},{"not_picked":["Beam Cell","Barrage+1"],"picked":"Genetic Algorithm+1","floor":21},{"not_picked":["Iron Wave","Leap+1","Wild Strike"],"picked":"SKIP","floor":22},{"not_picked":["Iron Wave+1","Hologram","Reboot"],"picked":"SKIP","floor":24},{"not_picked":["Beam Cell+1","Fusion+1"],"picked":"Sentinel","floor":28},{"not_picked":["Undo+1","Warcry+1"],"picked":"Entrench","floor":30},{"not_picked":["Carnage","Pommel Strike","Thunderclap"],"picked":"SKIP","floor":31},{"not_picked":["Brutality","Demon Form"],"picked":"Core Surge","floor":33},{"not_picked":["Searing Blow+1","Loop+1"],"picked":"Flame Barrier+1","floor":35},{"not_picked":["Gash+1","Clothesline"],"picked":"Pommel Strike","floor":38},{"not_picked":["Violence","Master of Strategy"],"picked":"Dark Shackles","floor":39},{"not_picked":["HandOfGreed","Secret Weapon"],"picked":"Panache","floor":39},{"not_picked":["Finesse","Purity"],"picked":"Panacea","floor":39},{"not_picked":["Redo+1","Metallicize+1","Static Discharge"],"picked":"SKIP","floor":40},{"not_picked":["Rebound","Steam","Blood for Blood+1"],"picked":"SKIP","floor":41},{"not_picked":["Twin Strike","Redo+1","Steam"],"picked":"SKIP","floor":42},{"not_picked":["Rip and Tear","Redo","Chill"],"picked":"SKIP","floor":45},{"not_picked":["Cold Snap+1","Multi-Cast","Iron Wave"],"picked":"SKIP","floor":47},{"not_picked":["Clash","Iron Wave","Headbutt+1"],"picked":"SKIP","floor":48}],"player_experience":981747,"relics_obtained":[{"floor":6,"key":"Vajra"},{"floor":9,"key":"Strawberry"},{"floor":10,"key":"Darkstone Periapt"},{"floor":24,"key":"Anchor"},{"floor":26,"key":"Centennial Puzzle"},{"floor":27,"key":"Necronomicon"},{"floor":28,"key":"CeramicFish"},{"floor":43,"key":"Bag of Marbles"},{"floor":45,"key":"Kunai"},{"floor":47,"key":"Calipers"}],"event_choices":[{"damage_healed":0,"gold_gain":55,"player_choice":"Gained Gold","damage_taken":0,"max_hp_gain":0,"max_hp_loss":0,"event_name":"Golden Wing","floor":3,"gold_loss":0},{"damage_healed":0,"gold_gain":75,"player_choice":"Gather Gold","damage_taken":11,"max_hp_gain":0,"max_hp_loss":0,"event_name":"World of Goop","floor":4,"gold_loss":0},{"damage_healed":0,"gold_gain":0,"player_choice":"Grow","damage_taken":0,"max_hp_gain":0,"max_hp_loss":0,"event_name":"Living Wall","floor":8,"gold_loss":0,"cards_upgraded":["Fission"]},{"damage_healed":0,"gold_gain":0,"player_choice":"Bought 3 Potions","damage_taken":0,"max_hp_gain":0,"max_hp_loss":0,"event_name":"The Woman in Blue","floor":20,"gold_loss":0},{"damage_healed":0,"gold_gain":0,"player_choice":"Obtained Book","damage_taken":16,"max_hp_gain":0,"max_hp_loss":0,"event_name":"Cursed Tome","floor":27,"gold_loss":0},{"damage_healed":0,"gold_gain":0,"player_choice":"Ignored","damage_taken":0,"max_hp_gain":0,"max_hp_loss":0,"event_name":"Beggar","floor":29,"gold_loss":0},{"damage_healed":0,"gold_gain":100,"player_choice":"Pray","damage_taken":0,"max_hp_gain":0,"max_hp_loss":0,"event_name":"Golden Shrine","floor":37,"gold_loss":0},{"damage_healed":0,"gold_gain":0,"player_choice":"Memory 3","damage_taken":10,"max_hp_gain":0,"max_hp_loss":0,"event_name":"SensoryStone","floor":39,"gold_loss":0}],"is_beta":false,"boss_relics":[{"not_picked":["Empty Cage","Ectoplasm"],"picked":"Inserter"},{"not_picked":["Runic Pyramid","Calling Bell"],"picked":"Fusion Hammer"}],"items_purged_floors":[12],"is_endless":false,"potions_floor_spawned":[1,5,7,10,21,22,30,35,40,47,48],"ascension_level":0}}