{"host":"g7mkzn6qfoxkk5sz","time":1611630285,"event":{"mods":["BaseMod","Colored Map","Colored Powertips","Downfall","Hermit","Marisa????????","Minty Spire (QoL Compilation)","StSLib","The Animator","The Bug Knight","The Servant 0.9.4"],"gold_per_floor":[128,303,325,337,337,337,69,99,99,99,117,117,117,136,136,241,266,276,270,270,270,39,39,64,85,137,137,156,232,232,253,253,365,440,455,19,46,64,64,64,84,84,84],"floor_reached":42,"language":"ENG","playtime":2988,"items_purged":[],"score":485,"play_id":"17da62d0-a695-42b8-b776-3cdcd592ae9f","local_time":"20210126050445","is_ascension_mode":false,"campfire_choices":[{"data":"animator:Tatsumaki","floor":6,"key":"SMITH"},{"data":"animator:Elsword","floor":10,"key":"SMITH"},{"data":"animator:Laby","floor":13,"key":"SMITH"},{"data":"animator:Eve","floor":15,"key":"SMITH"},{"data":"animator:Lu","floor":23,"key":"SMITH"},{"data":"animator:DwarfShaman","floor":27,"key":"SMITH"},{"data":"animator:KyokoSakura","floor":30,"key":"SMITH"},{"floor":32,"key":"REST"},{"floor":40,"key":"REST"}],"circlet_count":0,"master_deck":["animator:Strike_Elsword","animator:Defend_Elsword","animator:Strike","animator:Strike","animator:Defend","animator:Defend","animator:Defend","animator:Chung","animator:Raven+1","animator:Laby+1","Doubt","animator:Tatsumaki+1","animator:Rena","animator:Boros","animator:Eve+1","animator:Elsword+1","animator:Rena","animator:Gilgamesh+5","animator:Greed","animator:MumenRider+1","animator:GuildGirl","animator:KyokoSakura+1","animator:Lu+1","Writhe","animator:DwarfShaman+1","animator:KyokoSakura","animator:Genos+1","animator:Ain","animator:Caster","animator:GoblinSlayer","animator:Priestess+1","animator:Tatsumaki+1","animator:Witch","animator:NagisaMomoe+1","Parasite","animator:Rider+1","animator:MamiTomoe+1","animator:Melzalgald"],"relics":["animator:LivingPicture","animator:TheMissingPiece","animator:CerealBox","CloakClasp","Bag of Preparation","animator:HolyGrailRelic","Lee\u0027s Waffle","Champion Belt","Dream Catcher","animator:OldCoffin","Tiny House","Incense Burner"],"acts_visited":["Exordium","TheCity","TheBeyond"],"potions_floor_usage":[16,33,33,33,34,42],"damage_taken":[{"damage":1,"enemies":"Jaw Worm","floor":1,"turns":3},{"damage":0,"enemies":"Small Slimes","floor":3,"turns":3},{"damage":2,"enemies":"Cultist","floor":4,"turns":4},{"damage":21,"enemies":"Red Slaver","floor":8,"turns":4},{"damage":1,"enemies":"Blue Slaver","floor":11,"turns":3},{"damage":0,"enemies":"Exordium Wildlife","floor":14,"turns":3},{"damage":13,"enemies":"Slime Boss","floor":16,"turns":10},{"damage":14,"enemies":"Chosen","floor":18,"turns":5},{"damage":23,"enemies":"2 Thieves","floor":19,"turns":4},{"damage":17,"enemies":"Chosen and Byrds","floor":25,"turns":5},{"damage":0,"enemies":"Snecko","floor":28,"turns":5},{"damage":35,"enemies":"Book of Stabbing","floor":29,"turns":6},{"damage":21,"enemies":"Snake Plant","floor":31,"turns":4},{"damage":55,"enemies":"Champ","floor":33,"turns":16},{"damage":35,"enemies":"3 Darklings","floor":35,"turns":5},{"damage":11,"enemies":"3 Shapes","floor":37,"turns":4},{"damage":49,"enemies":"Writhing Mass","floor":38,"turns":8},{"damage":74,"enemies":"Transient","floor":41,"turns":5},{"damage":14,"enemies":"3 Darklings","floor":42,"turns":2}],"seed_played":"-6739927661260468790","potions_obtained":[{"floor":1,"key":"EssenceOfSteel"},{"floor":3,"key":"SmokeBomb"},{"floor":4,"key":"animator:FalseLifePotion"},{"floor":16,"key":"Block Potion"},{"floor":31,"key":"AttackPotion"},{"floor":34,"key":"Fruit Juice"},{"floor":37,"key":"CultistPotion"},{"floor":41,"key":"animator:FalseLifePotion"}],"is_trial":false,"path_per_floor":["M","?","M","M","?","R","$","M","T","R","M","T","R","M","R","B",null,"M","M","?","?","$","R","?","M","T","R","M","E","R","M","R","B",null,"M","$","M","M","?","R","M","M"],"character_chosen":"THE_ANIMATOR","items_purchased":["animator:Eve","animator:CerealBox","animator:Lu","Lee\u0027s Waffle","Incense Burner","animator:Witch","PowerPotion"],"campfire_rested":2,"item_purchase_floors":[7,7,22,22,36,36,36],"current_hp_per_floor":[65,65,65,64,64,64,64,46,46,46,45,45,45,48,48,45,75,64,43,43,28,92,92,92,84,84,84,86,53,53,40,70,23,115,88,88,84,43,43,79,14,0,0],"gold":84,"neow_bonus":"UPGRADE_CARD","is_daily":false,"chose_seed":false,"campfire_upgraded":7,"win_rate":0.0,"timestamp":1611630285,"path_taken":["M","?","M","M","?","R","$","M","T","R","?","?","R","M","R","BOSS","M","M","?","?","$","R","?","M","T","R","?","E","R","M","R","BOSS","M","$","M","M","?","R","M","?"],"items_purchased_type":["Card","Relic","Card","Relic","Relic","Card","Potion"],"build_version":"2020-12-22","purchased_purges":0,"victory":false,"max_hp_per_floor":[66,66,66,67,67,67,67,67,67,67,67,67,67,67,67,67,75,78,80,80,85,92,92,92,95,95,95,97,99,99,102,102,104,115,117,117,119,121,121,121,124,124,124],"card_choices":[{"not_picked":["animator:WinryRockbell","animator:Gluttony"],"picked":"animator:Laby","floor":1},{"not_picked":["animator:KrulTepes","animator:MetalKnight"],"picked":"animator:Tatsumaki","floor":3},{"not_picked":["animator:Raven","animator:Sloth"],"picked":"animator:Rena","floor":4},{"not_picked":["animator:Raven","animator:Laby"],"picked":"animator:Elsword","floor":8},{"not_picked":["animator:MetalKnight","animator:ShinjiMatou"],"picked":"animator:Rena","floor":11},{"not_picked":["animator:Ara","animator:Priestess"],"picked":"animator:Gilgamesh","floor":14},{"not_picked":["animator:FeridBathory","animator:Saber"],"picked":"animator:Greed","floor":16},{"not_picked":["animator:Witch","animator:Yuuichirou"],"picked":"animator:MumenRider+1","floor":18},{"not_picked":["animator:Priestess","animator:Witch"],"picked":"animator:GuildGirl","floor":19},{"not_picked":["animator:Pride","animator:Raven"],"picked":"animator:DwarfShaman","floor":25},{"not_picked":["animator:ElricAlphonse","animator:Mitsuba+1"],"picked":"animator:KyokoSakura","floor":28},{"not_picked":["animator:Mitsuba","animator:IrohaTamaki+1"],"picked":"animator:Genos","floor":29},{"not_picked":["animator:Ara","animator:Ciel"],"picked":"animator:Ain","floor":31},{"not_picked":["animator:Tatsumaki","animator:Raven"],"picked":"animator:Caster","floor":32},{"not_picked":["animator:Kyubey","animator:MadokaKaname"],"picked":"animator:GoblinSlayer","floor":33},{"not_picked":["animator:Assassin+1","animator:ShinjiMatou"],"picked":"animator:Priestess+1","floor":34},{"not_picked":["animator:Alexander+1","animator:MumenRider+1"],"picked":"animator:Tatsumaki","floor":35},{"not_picked":["animator:MaesHughes","animator:YuiTsuruno"],"picked":"animator:NagisaMomoe+1","floor":37},{"not_picked":["animator:IrohaTamaki+1","animator:MaesHughes+1"],"picked":"animator:Rider+1","floor":38},{"not_picked":["animator:Assassin+1","animator:Greed"],"picked":"animator:MamiTomoe+1","floor":40},{"not_picked":["animator:Genos","animator:MumenRider"],"picked":"animator:Melzalgald","floor":41}],"player_experience":431294,"relics_obtained":[{"floor":9,"key":"CloakClasp"},{"floor":12,"key":"Bag of Preparation"},{"floor":26,"key":"Dream Catcher"},{"floor":29,"key":"animator:OldCoffin"}],"event_choices":[{"damage_healed":0,"gold_gain":175,"player_choice":"AGREE","damage_taken":0,"max_hp_gain":0,"max_hp_loss":0,"event_name":"Liars Game","floor":2,"gold_loss":0,"cards_obtained":["Doubt"]},{"damage_healed":0,"gold_gain":0,"cards_transformed":["animator:Strike"],"player_choice":"Transformed","damage_taken":0,"max_hp_gain":0,"max_hp_loss":0,"event_name":"Transmorgrifier","floor":5,"gold_loss":0,"cards_obtained":["animator:Boros"]},{"damage_healed":0,"gold_gain":0,"player_choice":"Read","damage_taken":0,"max_hp_gain":0,"max_hp_loss":0,"event_name":"The Library","floor":20,"gold_loss":0,"cards_obtained":["animator:KyokoSakura"]},{"damage_healed":0,"gold_gain":0,"player_choice":"Shed Blood","damage_taken":20,"max_hp_gain":5,"max_hp_loss":0,"event_name":"Forgotten Altar","floor":21,"gold_loss":0},{"damage_healed":0,"gold_gain":0,"player_choice":"Opened","damage_taken":0,"relics_obtained":["Champion Belt"],"max_hp_gain":0,"max_hp_loss":0,"event_name":"The Mausoleum","floor":24,"gold_loss":0,"cards_obtained":["Writhe"]},{"damage_healed":0,"gold_gain":0,"player_choice":"Forge","damage_taken":0,"max_hp_gain":0,"max_hp_loss":0,"event_name":"Accursed Blacksmith","floor":39,"gold_loss":0,"cards_upgraded":["animator:Tatsumaki"]}],"is_beta":false,"boss_relics":[{"not_picked":["SacredBark","Ectoplasm"],"picked":"animator:HolyGrailRelic"},{"not_picked":["Coffee Dripper","Empty Cage"],"picked":"Tiny House"}],"items_purged_floors":[],"is_endless":false,"potions_floor_spawned":[1,3,4,16,18,19,29,31,37,41],"killed_by":"3 Darklings","ascension_level":0}}