{"host":"kdt6w7ix8lwe69i9","time":1611632256,"event":{"mods":["100% Spire Juice","Bartender","BaseMod","ChefMod","Downfall","Evolution","Fiend Mod","Jorbs\u0027s Wanderer Trilogy","Minty Spire (QoL Compilation)","Reimu（博丽灵梦）","Robot Space Explorer","Shade Mod","StSLib","The Caster","The Cursed","The Disciple","The Dragon Tamer","The Druid","The Fake Hero","The Forsaken","The Gatherer","The Marked","TheBandit","TheSwordswoman"],"gold_per_floor":[117,117,192,269,269,269,0,10,10,27,57,57,57,75,75,176,176,194,194,293,304,304,304,319,319,346,358,385,385,402,428,428,531,531,548,548,548,548,561,591,604,616,616,616,628,648,683,701,701,701,701,701,4,39,39,39],"floor_reached":55,"language":"ENG","playtime":5944,"items_purged":[],"score":842,"play_id":"180ceeb4-bfc6-45f8-ac84-596e2113b670","local_time":"20210125223736","is_ascension_mode":false,"campfire_choices":[{"floor":6,"key":"REST"},{"floor":13,"key":"RECALL"},{"data":"Enlightenment","floor":15,"key":"SMITH"},{"data":"RobotSpaceExplorer:Accelerator","floor":23,"key":"SMITH"},{"data":"RobotSpaceExplorer:Pulsar","floor":25,"key":"SMITH"},{"floor":32,"key":"REST"},{"floor":44,"key":"REST"},{"data":"RobotSpaceExplorer:PowerCollector","floor":49,"key":"SMITH"},{"data":"RobotSpaceExplorer:PowerCollector","floor":52,"key":"SMITH"}],"circlet_count":0,"master_deck":["RobotSpaceExplorer:SurgingStrike","RobotSpaceExplorer:SurgingStrike","RobotSpaceExplorer:SurgingStrike","RobotSpaceExplorer:SurgingStrike+1","RobotSpaceExplorer:Counterblock+1","RobotSpaceExplorer:Counterblock","RobotSpaceExplorer:Counterblock","RobotSpaceExplorer:Counterblock+1","RobotSpaceExplorer:Scan+1","RobotSpaceExplorer:MiniLasers","RobotSpaceExplorer:MetalStrike+1","RobotSpaceExplorer:PowerCollector+1","RobotSpaceExplorer:Pulsar+1","RobotSpaceExplorer:SurgingShield","Enlightenment+1","RobotSpaceExplorer:ShovelStrike","RobotSpaceExplorer:Probe","RobotSpaceExplorer:Accelerator+1","RobotSpaceExplorer:Probe","RobotSpaceExplorer:StarLightning+1","RobotSpaceExplorer:GlueSpray+1","RobotSpaceExplorer:RigExplosive+1","RobotSpaceExplorer:Pulsar+1","RobotSpaceExplorer:StunGrenade+1","RobotSpaceExplorer:MetalStrike+1","RobotSpaceExplorer:StarLightning","CurseOfTheBell","RobotSpaceExplorer:PowerCollector+1","Madness+1","Madness+1","Mayhem","Sadistic Nature","Madness+1","RobotSpaceExplorer:FranticSearch+1","RobotSpaceExplorer:Pulsar+1","RobotSpaceExplorer:JunkDive+1","RobotSpaceExplorer:PowerCollector+1","RobotSpaceExplorer:Fix+1","RobotSpaceExplorer:ShovelStrike+1","RobotSpaceExplorer:ScrapMissile+1","RobotSpaceExplorer:SelfCleaning+1","RobotSpaceExplorer:SurgingStrike+1","RobotSpaceExplorer:Discharger","RobotSpaceExplorer:ImprovisedAttack","RobotSpaceExplorer:Discharger"],"relics":["EVO:Axolotl","Sozu","Boot","Toxic Egg 2","Philosopher\u0027s Stone","RobotSpaceExplorer:PlasmaHourglass","MutagenicStrength","Toy Ornithopter","Gremlin Horn","Eternal Feather","Calling Bell","War Paint","CrazyTorch:ReiMu","Ice Cream","theForsaken:ScaryMask","Dream Catcher","Regal Pillow","Centennial Puzzle","theForsaken:Lifeblossom","Choco_Feather","Medical Kit","Bag of Marbles"],"acts_visited":["Exordium","TheCity","TheBeyond","TheEnding"],"potions_floor_usage":[],"damage_taken":[{"damage":0,"enemies":"Small Slimes","floor":1,"turns":2},{"damage":0,"enemies":"2 Louse","floor":8,"turns":3},{"damage":0,"enemies":"Jaw Worm","floor":10,"turns":3},{"damage":1,"enemies":"Gremlin Nob","floor":11,"turns":3},{"damage":0,"enemies":"Large Slime","floor":14,"turns":3},{"damage":0,"enemies":"Slime Boss","floor":16,"turns":6},{"damage":8,"enemies":"Shell Parasite","floor":18,"turns":4},{"damage":0,"enemies":"Spheric Guardian","floor":21,"turns":3},{"damage":5,"enemies":"Snecko","floor":24,"turns":4},{"damage":10,"enemies":"Snake Plant","floor":27,"turns":3},{"damage":22,"enemies":"Slavers","floor":28,"turns":5},{"damage":1,"enemies":"Centurion and Healer","floor":30,"turns":4},{"damage":2,"enemies":"Book of Stabbing","floor":31,"turns":4},{"damage":43,"enemies":"Collector","floor":33,"turns":7},{"damage":5,"enemies":"3 Shapes","floor":35,"turns":4},{"damage":0,"enemies":"Orb Walker","floor":39,"turns":3},{"damage":11,"enemies":"Reptomancer","floor":40,"turns":4},{"damage":11,"enemies":"Jaw Worm Horde","floor":41,"turns":4},{"damage":0,"enemies":"Maw","floor":42,"turns":5},{"damage":4,"enemies":"Writhing Mass","floor":45,"turns":5},{"damage":1,"enemies":"Sphere and 2 Shapes","floor":46,"turns":4},{"damage":16,"enemies":"Nemesis","floor":47,"turns":5},{"damage":0,"enemies":"Spire Growth","floor":48,"turns":3},{"damage":43,"enemies":"Donu and Deca","floor":50,"turns":7},{"damage":50,"enemies":"Shield and Spear","floor":54,"turns":3},{"damage":45,"enemies":"The Heart","floor":55,"turns":2}],"seed_played":"386836994993337135","potions_obtained":[],"is_trial":false,"path_per_floor":["M","?","?","?","?","R","$","M","T","M","E","$","R","M","R","B",null,"M","?","?","M","?","R","M","R","T","M","E","T","M","E","R","B",null,"M","?","?","?","M","E","M","M","T","R","M","M","E","M","R","B",null,"R","$","E","B"],"character_chosen":"RobotSpaceExplorer","items_purchased":["RobotSpaceExplorer:PowerCollector","RobotSpaceExplorer:Pulsar","RobotSpaceExplorer:SurgingShield","Enlightenment","theForsaken:Lifeblossom","Choco_Feather","Medical Kit","RobotSpaceExplorer:Discharger","RobotSpaceExplorer:ImprovisedAttack"],"campfire_rested":3,"item_purchase_floors":[7,7,7,7,53,53,53,53,53],"current_hp_per_floor":[75,60,49,49,49,71,71,71,71,71,70,70,70,70,70,70,75,67,67,67,67,75,75,70,70,70,60,38,38,37,35,72,29,75,70,61,51,51,51,40,29,29,29,75,71,74,64,64,75,38,75,75,75,27,0,0],"gold":39,"neow_bonus":"BOSS_RELIC","is_daily":false,"chose_seed":false,"campfire_upgraded":5,"win_rate":0.0,"timestamp":1611632256,"path_taken":["M","?","?","?","?","R","$","M","T","M","E","$","R","?","R","BOSS","M","?","?","M","?","R","?","R","T","M","E","?","M","E","R","BOSS","M","?","?","?","M","E","M","M","T","R","M","?","E","M","R","BOSS","R","$","E","BOSS"],"items_purchased_type":["Card","Card","Card","Card","Relic","Relic","Relic","Card","Card"],"build_version":"2020-12-22","purchased_purges":0,"victory":false,"max_hp_per_floor":[75,75,75,75,75,75,75,75,75,75,75,75,75,75,75,75,75,75,75,75,75,75,75,75,75,75,75,75,75,75,75,75,75,75,75,75,75,75,75,75,75,75,75,75,75,75,75,75,75,75,75,75,75,75,75,75],"card_choices":[{"not_picked":["RobotSpaceExplorer:FreezeRay","RobotSpaceExplorer:SwiftStep"],"picked":"RobotSpaceExplorer:MetalStrike","floor":1},{"not_picked":["RobotSpaceExplorer:FranticSearch","RobotSpaceExplorer:Reload"],"picked":"RobotSpaceExplorer:ShovelStrike","floor":8},{"not_picked":["RobotSpaceExplorer:Electroshield","RobotSpaceExplorer:FrostMissile"],"picked":"RobotSpaceExplorer:Probe","floor":10},{"not_picked":["RobotSpaceExplorer:PowerGlove","RobotSpaceExplorer:ShockMissile"],"picked":"RobotSpaceExplorer:Accelerator","floor":11},{"not_picked":["RobotSpaceExplorer:SlimeMissile","RobotSpaceExplorer:MetalStrike"],"picked":"RobotSpaceExplorer:Probe","floor":14},{"not_picked":["RobotSpaceExplorer:Blaster","RobotSpaceExplorer:Multitool"],"picked":"RobotSpaceExplorer:Exploration+1","floor":16},{"not_picked":["RobotSpaceExplorer:FranticSearch+1","RobotSpaceExplorer:Counterblock+1"],"picked":"RobotSpaceExplorer:StarLightning+1","floor":18},{"not_picked":["RobotSpaceExplorer:ShockKick","RobotSpaceExplorer:GlueShot+1"],"picked":"RobotSpaceExplorer:GlueSpray+1","floor":21},{"not_picked":["RobotSpaceExplorer:Wormhole+1","RobotSpaceExplorer:SurgingStrike"],"picked":"RobotSpaceExplorer:RigExplosive+1","floor":24},{"not_picked":["RobotSpaceExplorer:StunGrenade+1","RobotSpaceExplorer:FrostMissile"],"picked":"RobotSpaceExplorer:Pulsar+1","floor":27},{"not_picked":["RobotSpaceExplorer:PowerGlove+1","RobotSpaceExplorer:ShockKick"],"picked":"RobotSpaceExplorer:StunGrenade+1","floor":28},{"not_picked":["RobotSpaceExplorer:SurgingShield+1","RobotSpaceExplorer:IronShell+1"],"picked":"RobotSpaceExplorer:MetalStrike+1","floor":30},{"not_picked":["RobotSpaceExplorer:FranticSearch+1","RobotSpaceExplorer:IronShell+1"],"picked":"RobotSpaceExplorer:StarLightning","floor":31},{"not_picked":["RobotSpaceExplorer:Arsenal+1","RobotSpaceExplorer:Wormhole+1"],"picked":"RobotSpaceExplorer:Exploration+1","floor":33},{"not_picked":["RobotSpaceExplorer:RigExplosive+1","RobotSpaceExplorer:SurgingStrike"],"picked":"RobotSpaceExplorer:PowerCollector+1","floor":35},{"not_picked":["Jack Of All Trades+1","Panacea+1"],"picked":"Mayhem","floor":37},{"not_picked":["Dramatic Entrance","Metamorphosis+1"],"picked":"Sadistic Nature","floor":37},{"not_picked":["Finesse+1","The Bomb+1"],"picked":"Madness+1","floor":37},{"not_picked":["RobotSpaceExplorer:MakeshiftVolley","RobotSpaceExplorer:ImprovisedAttack"],"picked":"RobotSpaceExplorer:FranticSearch+1","floor":39},{"not_picked":["RobotSpaceExplorer:DualCore","RobotSpaceExplorer:ScrapShield+1"],"picked":"RobotSpaceExplorer:Pulsar+1","floor":40},{"not_picked":["RobotSpaceExplorer:FranticSearch+1","RobotSpaceExplorer:SurgingStrike+1"],"picked":"RobotSpaceExplorer:JunkDive+1","floor":41},{"not_picked":["RobotSpaceExplorer:Counterblock+1","RobotSpaceExplorer:SurgingStrike+1"],"picked":"RobotSpaceExplorer:PowerCollector","floor":42},{"not_picked":["RobotSpaceExplorer:Probe+1","RobotSpaceExplorer:IronShell+1"],"picked":"RobotSpaceExplorer:Fix+1","floor":44},{"not_picked":["RobotSpaceExplorer:StunGrenade","RobotSpaceExplorer:SurgingStrike"],"picked":"RobotSpaceExplorer:ShovelStrike+1","floor":45},{"not_picked":["RobotSpaceExplorer:Electroshield+1","RobotSpaceExplorer:ShovelStrike+1"],"picked":"RobotSpaceExplorer:ScrapMissile+1","floor":46},{"not_picked":["RobotSpaceExplorer:ShovelStrike+1","RobotSpaceExplorer:SlimeMissile+1"],"picked":"RobotSpaceExplorer:SelfCleaning+1","floor":47},{"not_picked":["RobotSpaceExplorer:MakeshiftVolley","RobotSpaceExplorer:ImprovisedAttack"],"picked":"RobotSpaceExplorer:SurgingStrike+1","floor":48},{"not_picked":["RobotSpaceExplorer:Probe+1","RobotSpaceExplorer:Exploration+1"],"picked":"RobotSpaceExplorer:Discharger","floor":54}],"player_experience":1887513,"relics_obtained":[{"floor":9,"key":"Boot"},{"floor":11,"key":"Toxic Egg 2"},{"floor":18,"key":"RobotSpaceExplorer:PlasmaHourglass"},{"floor":28,"key":"Toy Ornithopter"},{"floor":29,"key":"Gremlin Horn"},{"floor":31,"key":"Eternal Feather"},{"floor":34,"key":"War Paint"},{"floor":34,"key":"CrazyTorch:ReiMu"},{"floor":34,"key":"Ice Cream"},{"floor":35,"key":"theForsaken:ScaryMask"},{"floor":40,"key":"Dream Catcher"},{"floor":43,"key":"Regal Pillow"},{"floor":47,"key":"Centennial Puzzle"},{"floor":54,"key":"Bag of Marbles"}],"event_choices":[{"damage_healed":0,"gold_gain":0,"player_choice":"Entered Light","damage_taken":15,"max_hp_gain":0,"max_hp_loss":0,"event_name":"Shining Light","floor":2,"gold_loss":0,"cards_upgraded":["RobotSpaceExplorer:Counterblock","RobotSpaceExplorer:SurgingStrike"]},{"damage_healed":0,"gold_gain":75,"player_choice":"Gather Gold","damage_taken":11,"max_hp_gain":0,"max_hp_loss":0,"event_name":"World of Goop","floor":3,"gold_loss":0},{"damage_healed":0,"gold_gain":77,"player_choice":"Gained Gold","damage_taken":0,"max_hp_gain":0,"max_hp_loss":0,"event_name":"Golden Wing","floor":4,"gold_loss":0},{"damage_healed":0,"gold_gain":0,"player_choice":"Grow","damage_taken":0,"max_hp_gain":0,"max_hp_loss":0,"event_name":"Living Wall","floor":5,"gold_loss":0,"cards_upgraded":["RobotSpaceExplorer:MetalStrike"]},{"damage_healed":0,"gold_gain":0,"player_choice":"Inject Mutagens","damage_taken":0,"relics_obtained":["MutagenicStrength"],"max_hp_gain":0,"max_hp_loss":0,"event_name":"Drug Dealer","floor":19,"gold_loss":0},{"damage_healed":0,"gold_gain":99,"player_choice":"Stole From Cult","damage_taken":0,"max_hp_gain":0,"max_hp_loss":0,"event_name":"Nest","floor":20,"gold_loss":0},{"damage_healed":8,"gold_gain":0,"player_choice":"Full Heal","damage_taken":0,"max_hp_gain":0,"max_hp_loss":0,"event_name":"Wheel of Change","floor":22,"gold_loss":0},{"damage_healed":0,"gold_gain":0,"player_choice":"Embrace Madness","damage_taken":9,"max_hp_gain":0,"max_hp_loss":0,"event_name":"Winding Halls","floor":36,"gold_loss":0,"cards_obtained":["Madness","Madness"]},{"damage_healed":0,"gold_gain":0,"player_choice":"Memory 3","damage_taken":10,"max_hp_gain":0,"max_hp_loss":0,"event_name":"SensoryStone","floor":37,"gold_loss":0}],"is_beta":false,"boss_relics":[{"not_picked":["Velvet Choker","SlaversCollar"],"picked":"Philosopher\u0027s Stone"},{"not_picked":["Fusion Hammer","Pandora\u0027s Box"],"picked":"Calling Bell"}],"items_purged_floors":[],"is_endless":false,"potions_floor_spawned":[8,14,21,27,28,33,41,45,47],"killed_by":"The Heart","ascension_level":0}}