{"host":"iphsb0ccnjx0pfn6","time":1611664138,"event":{"mods":["2.2 Compatiblity","AchievementEnabler","BaseMod","Colored Map","DeckTracker","Keyboard Shortcuts","Minty Spire (QoL Compilation)","Permanent Neow","Quick Restart","Relic Stats","StSLib","SuperFastMode","Uncapped","everything is the same but u backflip on backflip"],"gold_per_floor":[118,118,133,151,151,151,178,178,201,217,228,61,61,7,7,7,7],"floor_reached":16,"language":"KOR","playtime":377,"items_purged":["Strike_G"],"score":200,"play_id":"a5cae5c9-3f13-4444-9d64-70a81ffd24f7","local_time":"20210126212858","is_ascension_mode":true,"campfire_choices":[{"data":"All Out Attack","floor":6,"key":"SMITH"},{"data":"Underhanded Strike","floor":8,"key":"SMITH"},{"data":"Crippling Poison","floor":15,"key":"SMITH"}],"circlet_count":0,"master_deck":["AscendersBane","Strike_G","Strike_G","Strike_G","Strike_G","Defend_G","Defend_G","Defend_G","Defend_G","Defend_G","Survivor","Neutralize","Purity","Footwork","All Out Attack+1","Underhanded Strike+1","Crippling Poison+1","Dagger Throw","Choke","Blade Dance","Blade Dance"],"relics":["Ring of the Snake","Strawberry","Pantograph","Akabeko","Eternal Feather"],"acts_visited":[],"potions_floor_usage":[7,7],"damage_taken":[{"damage":2,"enemies":"Cultist","floor":1,"turns":5},{"damage":5,"enemies":"Small Slimes","floor":3,"turns":8},{"damage":0,"enemies":"Jaw Worm","floor":4,"turns":6},{"damage":15,"enemies":"Lagavulin","floor":7,"turns":9},{"damage":0,"enemies":"Blue Slaver","floor":10,"turns":3},{"damage":11,"enemies":"3 Louse","floor":11,"turns":3},{"damage":30,"enemies":"Hexaghost","floor":16,"turns":9}],"seed_played":"-8684881621804353219","potions_obtained":[{"floor":1,"key":"DuplicationPotion"},{"floor":4,"key":"DuplicationPotion"},{"floor":10,"key":"LiquidMemories"}],"is_trial":false,"path_per_floor":["M","?","M","M","?","R","E","R","T","M","M","$","T","$","R","B"],"character_chosen":"THE_SILENT","items_purchased":["Choke","Blade Dance","Blade Dance"],"campfire_rested":0,"item_purchase_floors":[12,12,14],"current_hp_per_floor":[57,62,57,57,46,46,31,31,31,31,20,20,20,20,32,27,27],"gold":7,"neow_bonus":"RANDOM_COLORLESS","is_daily":false,"chose_seed":false,"campfire_upgraded":3,"win_rate":0.0,"timestamp":1611664138,"path_taken":["M","?","M","M","?","R","E","R","T","M","M","$","?","?","R","BOSS"],"items_purchased_type":["Card","Card","Card"],"build_version":"2020-12-22","purchased_purges":1,"victory":false,"max_hp_per_floor":[66,71,71,71,78,78,78,78,78,78,78,78,78,78,78,78,78],"relic_stats":{"counters":[7,43],"Pantograph":25,"Eternal Feather":12,"obtain_stats":[{"Strawberry":5,"Pantograph":7,"Eternal Feather":13,"Akabeko":9,"Ring of the Snake":0},{"Strawberry":3,"Pantograph":4,"Eternal Feather":6,"Akabeko":4,"Ring of the Snake":0},{"Strawberry":19,"Pantograph":28,"Eternal Feather":34,"Akabeko":28,"Ring of the Snake":0}],"Ring of the Snake":[14]},"card_choices":[{"not_picked":["Dramatic Entrance","Good Instincts"],"picked":"Purity","floor":0},{"not_picked":["Prepared","Calculated Gamble"],"picked":"Footwork","floor":1},{"not_picked":["Slice","Setup"],"picked":"All Out Attack","floor":3},{"not_picked":["Slice","Expertise","Outmaneuver"],"picked":"SKIP","floor":4},{"not_picked":["Backstab","Quick Slash"],"picked":"Underhanded Strike","floor":7},{"not_picked":["Predator","Dodge and Roll"],"picked":"Crippling Poison","floor":10},{"not_picked":["Cloak And Dagger","Doppelganger"],"picked":"Dagger Throw","floor":11}],"player_experience":1282504,"relics_obtained":[{"floor":7,"key":"Pantograph"},{"floor":9,"key":"Akabeko"},{"floor":13,"key":"Eternal Feather"}],"event_choices":[{"damage_healed":0,"gold_gain":0,"player_choice":"Donut","damage_taken":0,"max_hp_gain":5,"max_hp_loss":0,"event_name":"Big Fish","floor":2,"gold_loss":0},{"damage_healed":0,"gold_gain":0,"player_choice":"Success","damage_taken":18,"relics_obtained":["Strawberry"],"max_hp_gain":0,"max_hp_loss":0,"event_name":"Scrap Ooze","floor":5,"gold_loss":0}],"is_beta":false,"boss_relics":[],"items_purged_floors":[12],"is_endless":false,"potions_floor_spawned":[1,4,10],"killed_by":"Hexaghost","ascension_level":20}}