{"host":"4qin5krp9hszysdc","time":1611629942,"event":{"mods":["AchievementEnabler","BaseMod","BetterRewards","Infinite Spire","Jorbs\u0027s Wanderer Trilogy","Minty Spire (QoL Compilation)","Quick Restart","StSLib","The Cursed"],"gold_per_floor":[110,122,122,134,149,149,175,175,227,258,223,258,308,6,6,83,83,94,94,114,132,132,132,163,197,249,280,280,294,325,340,340,417,417,432,457,476,489,451,451,471,490,513,537,537,569,569,164,164,164],"floor_reached":51,"language":"ENG","playtime":3606,"items_purged":["Strike_B","Strike_B","Strike_B"],"score":1893,"play_id":"9ea8ca5d-22ca-4889-a4a8-50fb98f77927","local_time":"20210125215902","is_ascension_mode":true,"campfire_choices":[{"floor":6,"key":"DIG"},{"data":"Defragment","floor":15,"key":"SMITH"},{"floor":23,"key":"DIG"},{"data":"infinitespire:SevenWalls","floor":28,"key":"SMITH"},{"data":"Consume","floor":32,"key":"SMITH"},{"floor":40,"key":"DIG"},{"data":"Enlightenment","floor":47,"key":"SMITH"},{"floor":49,"key":"DIG"}],"circlet_count":0,"master_deck":["AscendersBane","Defend_B","Defend_B","Defend_B","Defend_B","Zap","Dualcast","Defragment+1","Self Repair","Capacitor","BootSequence","FTL","Heatsinks","Compile Driver","Recycle","Creative AI","Gash","infinitespire:SealOfDarkness+","infinitespire:SevenWalls+1","Go for the Eyes+1","Coolheaded","Consume+1","All For One","Recycle","Defragment+1","Meteor Strike","Redo+1","Sunder+1","Beam Cell+1","Fission","Enlightenment+1","Impatience","Blind","Meteor Strike"],"relics":["FrozenCore","Emotion Chip","Du-Vu Doll","Strange Spoon","Tiny Chest","OrangePellets","infinitespire:Freezer","Shovel","infinitespire:Eraser","Akabeko","Juzu Bracelet","infinitespire:ShieldingShard","Toy Ornithopter","Ancient Tea Set","Membership Card","TungstenRod","Nuclear Battery","Runic Pyramid","infinitespire:Lychee Nut","Bronze Scales","Blood Vial","Red Mask","PreservedInsect","DataDisk","infinitespire:WardingShard","Lizard Tail","White Beast Statue","Omamori","MealTicket","Gremlin Horn","ClockworkSouvenir","Calipers","Letter Opener","Symbiotic Virus"],"acts_visited":["Exordium","TheCity","TheBeyond"],"potions_floor_usage":[10,12,25,27,30,33,46,50],"damage_taken":[{"damage":3,"enemies":"Small Slimes","floor":1,"turns":4},{"damage":0,"enemies":"Jaw Worm","floor":2,"turns":3},{"damage":4,"enemies":"Cultist","floor":4,"turns":4},{"damage":11,"enemies":"Looter","floor":5,"turns":4},{"damage":24,"enemies":"Lagavulin","floor":7,"turns":8},{"damage":10,"enemies":"3 Sentries","floor":10,"turns":9},{"damage":10,"enemies":"Gremlin Nob","floor":12,"turns":3},{"damage":20,"enemies":"Slime Boss","floor":16,"turns":7},{"damage":4,"enemies":"Chosen","floor":18,"turns":6},{"damage":3,"enemies":"Spheric Guardian","floor":20,"turns":5},{"damage":1,"enemies":"Cultist and Chosen","floor":21,"turns":7},{"damage":0,"enemies":"Book of Stabbing","floor":24,"turns":5},{"damage":4,"enemies":"Masked Bandits","floor":25,"turns":5},{"damage":0,"enemies":"Gremlin Leader","floor":27,"turns":9},{"damage":1,"enemies":"Shelled Parasite and Fungi","floor":29,"turns":5},{"damage":0,"enemies":"Slavers","floor":30,"turns":5},{"damage":0,"enemies":"Chosen and Byrds","floor":31,"turns":6},{"damage":3,"enemies":"Collector","floor":33,"turns":11},{"damage":0,"enemies":"Orb Walker","floor":35,"turns":5},{"damage":0,"enemies":"Mind Bloom Boss Battle","floor":36,"turns":11},{"damage":8,"enemies":"3 Darklings","floor":37,"turns":7},{"damage":0,"enemies":"Spire Growth","floor":38,"turns":5},{"damage":7,"enemies":"Transient","floor":41,"turns":5},{"damage":0,"enemies":"Jaw Worm Horde","floor":42,"turns":4},{"damage":0,"enemies":"Reptomancer","floor":46,"turns":9},{"damage":0,"enemies":"Awakened One","floor":50,"turns":11}],"seed_played":"238028198027976268","potions_obtained":[{"floor":1,"key":"Dexterity Potion"},{"floor":4,"key":"FearPotion"},{"floor":16,"key":"LiquidMemories"},{"floor":18,"key":"PotionOfCapacity"},{"floor":21,"key":"infinitespire:BlackPotion"},{"floor":25,"key":"LiquidMemories"},{"floor":31,"key":"AttackPotion"},{"floor":37,"key":"Fire Potion"},{"floor":38,"key":"GamblersBrew"},{"floor":46,"key":"SpeedPotion"}],"is_trial":false,"path_per_floor":["M","M","?","M","M","R","E","?","T","E","?","E","T","$","R","B",null,"M","AVR","M","M","?","R","E","?","T","E","R","M","E","M","R","B",null,"M","?","M","M","$","R","M","M","T","T","?","E","R","$","R","B",null],"character_chosen":"DEFECT","items_purchased":["Defragment","Self Repair","Strange Spoon","Tiny Chest","OrangePellets","infinitespire:Freezer","Capacitor","Membership Card","TungstenRod","ClockworkSouvenir","Calipers","Letter Opener"],"campfire_rested":0,"item_purchase_floors":[0,0,0,0,0,0,0,14,14,48,48,48],"current_hp_per_floor":[26,33,38,41,37,37,20,20,20,17,36,33,33,33,33,20,62,65,57,57,57,57,57,57,57,57,57,57,57,57,57,57,57,57,57,57,57,57,57,57,57,57,57,57,48,57,57,57,57,57],"gold":164,"neow_bonus":"","is_daily":false,"chose_seed":false,"campfire_upgraded":4,"win_rate":0.0,"timestamp":1611629942,"path_taken":["M","M","?","M","M","R","E","?","T","E","?","E","?","$","R","BOSS","M","AVR","M","M","?","R","E","?","T","E","R","M","E","M","R","BOSS","M","?","M","M","$","R","M","M","T","?","?","E","R","$","R","BOSS"],"items_purchased_type":["Card","Card","Relic","Relic","Relic","Relic","Card","Relic","Relic","Relic","Relic","Relic"],"build_version":"2020-12-22","purchased_purges":3,"victory":true,"max_hp_per_floor":[71,71,76,76,76,76,76,76,76,76,76,76,76,76,76,76,76,76,57,57,57,57,57,57,57,57,57,57,57,57,57,57,57,57,57,57,57,57,57,57,57,57,57,57,57,57,57,57,57,57],"card_choices":[{"not_picked":["Steam","Skim"],"picked":"BootSequence","floor":1},{"not_picked":["Streamline","Turbo","Gash"],"picked":"SKIP","floor":2},{"not_picked":["Sweeping Beam","Hologram"],"picked":"FTL","floor":4},{"not_picked":["Rebound","Leap","Scrape"],"picked":"SKIP","floor":5},{"not_picked":["Stack","Static Discharge"],"picked":"Heatsinks","floor":7},{"not_picked":["Double Energy","Thunder Strike"],"picked":"Compile Driver","floor":10},{"not_picked":["Leap","Reboot"],"picked":"Recycle","floor":12},{"not_picked":["Amplify","Core Surge"],"picked":"Creative AI","floor":16},{"not_picked":["Turbo","Doom and Gloom"],"picked":"Gash","floor":18},{"not_picked":["Chill","Doom and Gloom"],"picked":"Go for the Eyes+1","floor":20},{"not_picked":["Sweeping Beam","Double Energy"],"picked":"Coolheaded","floor":21},{"not_picked":["Rebound","Static Discharge"],"picked":"Consume","floor":24},{"not_picked":["Double Energy","Go for the Eyes"],"picked":"All For One","floor":27},{"not_picked":["Barrage","Go for the Eyes","Stack"],"picked":"SKIP","floor":29},{"not_picked":["Stack","Darkness"],"picked":"Recycle","floor":30},{"not_picked":["Sweeping Beam","Ball Lightning"],"picked":"Defragment+1","floor":31},{"not_picked":["Reboot","Thunder Strike"],"picked":"Meteor Strike","floor":33},{"not_picked":["Doom and Gloom","Sweeping Beam"],"picked":"Redo+1","floor":35},{"not_picked":["Barrage","Static Discharge"],"picked":"Sunder+1","floor":36},{"not_picked":["Steam+1","Compile Driver","Redo"],"picked":"SKIP","floor":37},{"not_picked":["Steam Power+1","Force Field+1"],"picked":"Beam Cell+1","floor":38},{"not_picked":["Stack","Fusion","Beam Cell"],"picked":"SKIP","floor":41},{"not_picked":["White Noise","Undo"],"picked":"Fission","floor":42},{"not_picked":["Jack Of All Trades","Trip"],"picked":"Enlightenment","floor":45},{"not_picked":["Deep Breath","Dark Shackles"],"picked":"Impatience","floor":45},{"not_picked":["HandOfGreed","Swift Strike"],"picked":"Blind","floor":45},{"not_picked":["Rip and Tear","Conserve Battery"],"picked":"Meteor Strike","floor":46}],"player_experience":2880126,"relics_obtained":[{"floor":6,"key":"infinitespire:Eraser"},{"floor":7,"key":"Akabeko"},{"floor":9,"key":"Juzu Bracelet"},{"floor":10,"key":"infinitespire:ShieldingShard"},{"floor":12,"key":"Toy Ornithopter"},{"floor":13,"key":"Ancient Tea Set"},{"floor":23,"key":"Bronze Scales"},{"floor":24,"key":"Blood Vial"},{"floor":25,"key":"Red Mask"},{"floor":26,"key":"PreservedInsect"},{"floor":27,"key":"DataDisk"},{"floor":30,"key":"infinitespire:WardingShard"},{"floor":36,"key":"Lizard Tail"},{"floor":40,"key":"White Beast Statue"},{"floor":43,"key":"Omamori"},{"floor":44,"key":"MealTicket"},{"floor":46,"key":"Gremlin Horn"},{"floor":49,"key":"Symbiotic Virus"}],"event_choices":[{"damage_healed":0,"gold_gain":0,"player_choice":"Donut","damage_taken":0,"max_hp_gain":5,"max_hp_loss":0,"event_name":"Big Fish","floor":3,"gold_loss":0},{"cards_removed":["Strike_B"],"damage_healed":0,"gold_gain":0,"player_choice":"Purged","damage_taken":0,"max_hp_gain":0,"max_hp_loss":0,"event_name":"Purifier","floor":8,"gold_loss":0},{"damage_healed":19,"gold_gain":0,"player_choice":"Healed","damage_taken":0,"max_hp_gain":0,"max_hp_loss":0,"event_name":"The Cleric","floor":11,"gold_loss":35},{"damage_healed":0,"gold_gain":0,"player_choice":"Ignored","damage_taken":0,"max_hp_gain":0,"max_hp_loss":0,"event_name":"Vampires","floor":22,"gold_loss":0},{"damage_healed":0,"gold_gain":0,"player_choice":"Fought Bandits","damage_taken":0,"max_hp_gain":0,"max_hp_loss":0,"event_name":"Masked Bandits","floor":25,"gold_loss":0},{"damage_healed":0,"gold_gain":0,"player_choice":"Fight","damage_taken":0,"max_hp_gain":0,"max_hp_loss":0,"event_name":"MindBloom","floor":36,"gold_loss":0},{"damage_healed":0,"gold_gain":0,"player_choice":"Memory 3","damage_taken":10,"max_hp_gain":0,"max_hp_loss":0,"event_name":"SensoryStone","floor":45,"gold_loss":0}],"is_beta":false,"boss_relics":[{"not_picked":["Coffee Dripper","Astrolabe"],"picked":"Nuclear Battery"},{"not_picked":["Tiny House","Pandora\u0027s Box"],"picked":"FrozenCore"}],"items_purged_floors":[19,39,48],"is_endless":false,"potions_floor_spawned":[1,4,16,18,21,25,31,37,38,41,42,46],"ascension_level":15}}