{"host":"4u66lrbz4v7cei5p","time":1611693812,"event":{"mods":["BaseMod","Bestiary","Colored Map","Minty Spire (QoL Compilation)","StSLib"],"gold_per_floor":[111,36,56,56,66,101,113,138,138,156,175,175,175,192,192,292,292,311,311,321,4,304,304,304,304,304,314,330,40,40,40],"floor_reached":30,"language":"ENG","playtime":706,"items_purged":["Defend_P","Defend_P","Writhe"],"score":317,"play_id":"2d10b4b5-bb5c-4a41-ac18-0f9660ce54c7","local_time":"20210126124332","is_ascension_mode":false,"campfire_choices":[{"data":"Tantrum","floor":13,"key":"SMITH"},{"data":"Brilliance","floor":15,"key":"SMITH"},{"data":"Vault","floor":23,"key":"SMITH"},{"data":"Eruption","floor":25,"key":"SMITH"}],"circlet_count":0,"master_deck":["Strike_P","Strike_P","Strike_P","Strike_P","Defend_P","Eruption+1","Vigilance","BowlingBash","CutThroughFate","Tantrum+1","EmptyMind","Vengeance","Brilliance+1","Vault+1","ReachHeaven+1"],"relics":["PureWater","NeowsBlessing","The Courier","Frozen Egg 2","WingedGreaves","SlaversCollar","Bag of Marbles","Bag of Preparation","Old Coin","Turnip","HornCleat"],"acts_visited":["Exordium","TheCity"],"potions_floor_usage":[8],"damage_taken":[{"damage":0,"enemies":"Cultist","floor":1,"turns":1},{"damage":0,"enemies":"Small Slimes","floor":3,"turns":1},{"damage":0,"enemies":"2 Louse","floor":5,"turns":1},{"damage":9,"enemies":"3 Sentries","floor":6,"turns":3},{"damage":21,"enemies":"Red Slaver","floor":7,"turns":4},{"damage":0,"enemies":"Gremlin Nob","floor":8,"turns":2},{"damage":0,"enemies":"Large Slime","floor":10,"turns":2},{"damage":0,"enemies":"2 Fungi Beasts","floor":11,"turns":2},{"damage":5,"enemies":"Red Slaver","floor":14,"turns":2},{"damage":0,"enemies":"Slime Boss","floor":16,"turns":4},{"damage":10,"enemies":"Chosen","floor":18,"turns":3},{"damage":4,"enemies":"Shell Parasite","floor":20,"turns":2},{"damage":21,"enemies":"3 Cultists","floor":27,"turns":5},{"damage":16,"enemies":"Snake Plant","floor":28,"turns":4},{"damage":22,"enemies":"Gremlin Leader","floor":30,"turns":1}],"seed_played":"-440780888438906763","potions_obtained":[{"floor":3,"key":"EntropicBrew"},{"floor":5,"key":"Regen Potion"},{"floor":6,"key":"GamblersBrew"},{"floor":8,"key":"PowerPotion"}],"is_trial":false,"path_per_floor":["M","$","M","$","M","E","M","E","T","M","M","?","R","M","R","B",null,"M","?","M","$","?","R","?","R","T","M","M","$","E"],"character_chosen":"WATCHER","items_purchased":["Bag of Marbles","Bag of Preparation","HornCleat"],"campfire_rested":0,"item_purchase_floors":[21,21,29],"current_hp_per_floor":[72,72,72,72,72,63,42,47,47,47,47,71,71,66,66,66,72,62,62,58,58,58,58,58,58,58,37,21,21,0,0],"gold":40,"neow_bonus":"THREE_ENEMY_KILL","is_daily":false,"chose_seed":false,"campfire_upgraded":4,"win_rate":0.0,"timestamp":1611693812,"path_taken":["M","$","?","?","M","E","M","E","T","M","?","?","R","M","R","BOSS","M","?","?","?","?","R","?","R","T","M","?","$","E"],"items_purchased_type":["Relic","Relic","Relic"],"build_version":"2020-12-22","purchased_purges":3,"victory":false,"max_hp_per_floor":[72,72,72,72,72,72,72,72,72,72,72,72,72,72,72,72,72,72,72,72,72,72,72,72,72,72,72,72,72,72,72],"card_choices":[{"not_picked":["Consecrate","PathToVictory"],"picked":"BowlingBash","floor":1},{"not_picked":["CutThroughFate","EmptyMind","WindmillStrike"],"picked":"SKIP","floor":3},{"not_picked":["EmptyMind","WindmillStrike"],"picked":"CutThroughFate","floor":3},{"not_picked":["WindmillStrike","TalkToTheHand"],"picked":"Tantrum","floor":5},{"not_picked":["EmptyMind","FlurryOfBlows","ClearTheMind"],"picked":"SKIP","floor":6},{"not_picked":["FlurryOfBlows","ClearTheMind"],"picked":"EmptyMind","floor":6},{"not_picked":["PathToVictory","SashWhip"],"picked":"Vengeance","floor":7},{"not_picked":["Protect","EmptyFist","ClearTheMind"],"picked":"SKIP","floor":8},{"not_picked":["EmptyFist","SashWhip"],"picked":"Brilliance","floor":10},{"not_picked":["Crescendo","InnerPeace","SashWhip"],"picked":"SKIP","floor":11},{"not_picked":["SandsOfTime","FollowUp","Protect"],"picked":"SKIP","floor":14},{"not_picked":["Judgement","ConjureBlade"],"picked":"Vault","floor":16},{"not_picked":["WheelKick","FollowUp","Indignation"],"picked":"SKIP","floor":18},{"not_picked":["DeceiveReality","LikeWater+1","ClearTheMind"],"picked":"SKIP","floor":20},{"not_picked":["Consecrate","SashWhip","FollowUp+1"],"picked":"SKIP","floor":27},{"not_picked":["Protect","FlyingSleeves+1"],"picked":"ReachHeaven+1","floor":28}],"player_experience":85159,"relics_obtained":[{"floor":6,"key":"The Courier"},{"floor":8,"key":"Frozen Egg 2"},{"floor":9,"key":"WingedGreaves"},{"floor":26,"key":"Turnip"}],"event_choices":[{"damage_healed":24,"gold_gain":0,"player_choice":"Banana","damage_taken":0,"max_hp_gain":0,"max_hp_loss":0,"event_name":"Big Fish","floor":12,"gold_loss":0},{"cards_removed":["Defend_P"],"damage_healed":0,"gold_gain":0,"player_choice":"Offered Basic","damage_taken":0,"max_hp_gain":0,"max_hp_loss":0,"event_name":"Bonfire Elementals","floor":19,"gold_loss":0},{"damage_healed":0,"gold_gain":0,"player_choice":"Opened","damage_taken":0,"relics_obtained":["Old Coin"],"max_hp_gain":0,"max_hp_loss":0,"event_name":"The Mausoleum","floor":22,"gold_loss":0,"cards_obtained":["Writhe"]},{"damage_healed":0,"gold_gain":0,"player_choice":"Bought 0 Potions","damage_taken":0,"max_hp_gain":0,"max_hp_loss":0,"event_name":"The Woman in Blue","floor":24,"gold_loss":0}],"is_beta":false,"boss_relics":[{"not_picked":["Busted Crown","Coffee Dripper"],"picked":"SlaversCollar"}],"items_purged_floors":[2,21,29],"is_endless":false,"potions_floor_spawned":[3,5,6,8,11,16,20,27],"killed_by":"Gremlin Leader","ascension_level":0}}