{"host":"bq4pt811tk9yrmjl","time":1611696945,"event":{"mods":["AchievementEnabler","BaseMod","Colored Map","Colored Powertips","Defuse TimeMaze Blight","Hermit","Minty Spire (QoL Compilation)","StSLib","SuperFastMode"],"gold_per_floor":[111,186,204,61,61,61,61,61,107,141,141,141,141,141,141,240,240,252,252,221,44,44,79,79,79,79,94,94,60,60,71,71,174,174,192,206,306,306,306,306,338,338,338,366,80,98,110,20,20,20,20,20,20,20,20],"floor_reached":54,"language":"ENG","playtime":1205,"items_purged":["Blizzard+1"],"score":765,"play_id":"27ce6776-a832-4888-afbd-6bcc1944b693","local_time":"20210126193545","is_ascension_mode":true,"campfire_choices":[{"data":"Zap","floor":6.0,"key":"SMITH"},{"data":"Ball Lightning","floor":8.0,"key":"SMITH"},{"data":"Conserve Battery","floor":11.0,"key":"SMITH"},{"floor":15.0,"key":"RECALL"},{"data":"Echo Form","floor":24.0,"key":"SMITH"},{"floor":28.0,"key":"REST"},{"data":"Loop","floor":32.0,"key":"SMITH"},{"data":"The Bomb","floor":40.0,"key":"SMITH"},{"floor":49.0,"key":"REST"},{"data":"Force Field","floor":52.0,"key":"SMITH"}],"circlet_count":0,"master_deck":["Strike_B+1","Strike_B+1","Strike_B+1","Strike_B+1","Defend_B+1","Defend_B+1","Defend_B+1","Defend_B+1","Zap+1","Dualcast+1","Conserve Battery+1","Ball Lightning+1","Echo Form+1","Loop+1","Defragment+1","Melter+1","Genetic Algorithm+1","Conserve Battery+1","The Bomb+1","Force Field+1","Beam Cell+1","Hologram+1"],"relics":["Cracked Core","NeowsBlessing","Sling","Juzu Bracelet","Lantern","SlaversCollar","Anchor","Membership Card","Bag of Preparation","Astrolabe","Potion Belt","Ice Cream","CaptainsWheel","Pantograph","Gremlin Horn"],"acts_visited":["Exordium","TheCity","TheBeyond","TheEnding"],"potions_floor_usage":[],"damage_taken":[{"damage":0.0,"enemies":"2 Louse","floor":1.0,"turns":1.0},{"damage":0.0,"enemies":"Small Slimes","floor":3.0,"turns":1.0},{"damage":0.0,"enemies":"3 Sentries","floor":10.0,"turns":1.0},{"damage":19.0,"enemies":"The Guardian","floor":16.0,"turns":12.0},{"damage":10.0,"enemies":"Shell Parasite","floor":18.0,"turns":5.0},{"damage":22.0,"enemies":"2 Thieves","floor":20.0,"turns":5.0},{"damage":2.0,"enemies":"Gremlin Leader","floor":23.0,"turns":6.0},{"damage":0.0,"enemies":"Shelled Parasite and Fungi","floor":27.0,"turns":6.0},{"damage":0.0,"enemies":"Snecko","floor":31.0,"turns":5.0},{"damage":5.0,"enemies":"Champ","floor":33.0,"turns":10.0},{"damage":16.0,"enemies":"3 Darklings","floor":35.0,"turns":6.0},{"damage":0.0,"enemies":"Orb Walker","floor":36.0,"turns":4.0},{"damage":2.0,"enemies":"Nemesis","floor":41.0,"turns":5.0},{"damage":41.0,"enemies":"Reptomancer","floor":44.0,"turns":6.0},{"damage":4.0,"enemies":"Spire Growth","floor":46.0,"turns":5.0},{"damage":1.0,"enemies":"Transient","floor":47.0,"turns":5.0},{"damage":95.0,"enemies":"Awakened One","floor":50.0,"turns":19.0},{"damage":112,"enemies":"Shield and Spear","floor":54,"turns":6}],"seed_played":"-8897185520472731740","potions_obtained":[{"floor":3.0,"key":"Ancient Potion"},{"floor":10.0,"key":"PowerPotion"},{"floor":18.0,"key":"Fruit Juice"},{"floor":20.0,"key":"ColorlessPotion"},{"floor":31.0,"key":"GamblersBrew"},{"floor":44.0,"key":"GamblersBrew"},{"floor":46.0,"key":"GamblersBrew"},{"floor":47.0,"key":"SkillPotion"}],"is_trial":false,"path_per_floor":["M","?","M","$","?","R","?","R","T","E","R","?","?","?","R","B",null,"M","?","M","$","?","E","R","?","T","M","R","$","?","M","R","B",null,"M","M","?","?","?","R","E","?","T","E","$","M","M","$","R","B",null,"R","$","E"],"character_chosen":"DEFECT","items_purchased":["Sling","Membership Card","ColorlessPotion","Loop","Pantograph","Gremlin Horn","FairyPotion","Regen Potion"],"campfire_rested":2,"item_purchase_floors":[4,21,21,29,45,45,48,48],"current_hp_per_floor":[75,64,64,64,64,64,69,69,69,69,69,69,69,69,69,50,80,75,75,53,53,53,51,51,51,51,51,76,76,76,76,76,71,85,69,69,69,69,69,69,67,67,67,26,26,22,21,21,46,25,85,85,85,0,0],"gold":20,"neow_bonus":"THREE_ENEMY_KILL","is_daily":false,"chose_seed":false,"campfire_upgraded":7,"win_rate":0.0,"timestamp":1611696945,"path_taken":["M","?","M","$","?","R","?","R","T","E","R","?","?","?","R","BOSS","M","?","M","$","?","E","R","?","T","M","R","?","?","M","R","BOSS","M","M","?","?","?","R","E","?","T","E","$","M","M","?","R","BOSS","R","$","E"],"items_purchased_type":["Relic","Relic","Potion","Card","Relic","Relic","Potion","Potion"],"build_version":"2020-12-22","purchased_purges":1,"victory":false,"max_hp_per_floor":[75,75,75,75,75,75,80,80,80,80,80,80,80,80,80,80,80,85,85,85,85,85,85,85,85,85,85,85,85,85,85,85,85,85,85,85,85,85,85,85,85,85,85,85,85,85,85,85,85,85,85,85,85,85,85],"card_choices":[{"not_picked":["Compile Driver","Beam Cell"],"picked":"Conserve Battery","floor":1.0},{"not_picked":["Compile Driver","Leap"],"picked":"Ball Lightning","floor":3.0},{"not_picked":["White Noise","Recycle"],"picked":"Gash","floor":10.0},{"not_picked":["Biased Cognition","Fission"],"picked":"Echo Form","floor":16.0},{"not_picked":["Compile Driver","Barrage"],"picked":"Auto Shields","floor":18.0},{"not_picked":["Genetic Algorithm","Steam","Barrage"],"picked":"SKIP","floor":20.0},{"not_picked":["Rebound+1","Reboot","Hologram"],"picked":"SKIP","floor":23.0},{"not_picked":["Compile Driver+1","Ball Lightning+1"],"picked":"Go for the Eyes","floor":27.0},{"not_picked":["Steam","Gash"],"picked":"Defragment+1","floor":31.0},{"not_picked":["Seek","Rainbow"],"picked":"Thunder Strike","floor":33.0},{"not_picked":["Conserve Battery","Heatsinks+1","Hologram"],"picked":"SKIP","floor":35.0},{"not_picked":["Blizzard","Cold Snap"],"picked":"Conserve Battery+1","floor":36.0},{"not_picked":["Blind","Enlightenment"],"picked":"The Bomb","floor":38.0},{"not_picked":["Coolheaded+1","Loop+1"],"picked":"Force Field","floor":41.0},{"not_picked":["Streamline","Melter"],"picked":"Beam Cell+1","floor":44.0},{"not_picked":["Beam Cell","BootSequence"],"picked":"Hologram+1","floor":46.0},{"not_picked":["BootSequence","Gash+1","Lockon"],"picked":"SKIP","floor":47.0}],"player_experience":261868,"relics_obtained":[{"floor":9.0,"key":"Juzu Bracelet"},{"floor":10.0,"key":"Lantern"},{"floor":23.0,"key":"Bag of Preparation"},{"floor":41.0,"key":"Potion Belt"},{"floor":43.0,"key":"Ice Cream"},{"floor":44.0,"key":"CaptainsWheel"}],"event_choices":[{"damage_healed":0.0,"max_hp_gain":0.0,"max_hp_loss":0.0,"gold_gain":75.0,"event_name":"World of Goop","player_choice":"Gather Gold","floor":2.0,"gold_loss":0.0,"damage_taken":11.0},{"damage_healed":0.0,"max_hp_gain":0.0,"max_hp_loss":0.0,"gold_gain":0.0,"event_name":"Liars Game","player_choice":"Ignored","floor":5.0,"gold_loss":0.0,"damage_taken":0.0},{"damage_healed":0.0,"max_hp_gain":5.0,"max_hp_loss":0.0,"gold_gain":0.0,"event_name":"Big Fish","player_choice":"Donut","floor":7.0,"gold_loss":0.0,"damage_taken":0.0},{"damage_healed":0.0,"max_hp_gain":0.0,"max_hp_loss":0.0,"gold_gain":0.0,"event_name":"Match and Keep!","player_choice":"0 cards matched","floor":12.0,"gold_loss":0.0,"damage_taken":0.0,"cards_obtained":[]},{"damage_healed":0.0,"max_hp_gain":0.0,"max_hp_loss":0.0,"gold_gain":0.0,"event_name":"The Cleric","player_choice":"Leave","floor":13.0,"gold_loss":0.0,"damage_taken":0.0},{"damage_healed":0.0,"max_hp_gain":0.0,"max_hp_loss":0.0,"gold_gain":0.0,"event_name":"Living Wall","player_choice":"Grow","floor":14.0,"gold_loss":0.0,"damage_taken":0.0,"cards_upgraded":["Dualcast"]},{"damage_healed":0.0,"max_hp_gain":0.0,"max_hp_loss":0.0,"gold_gain":0.0,"event_name":"The Mausoleum","player_choice":"Opened","floor":19.0,"gold_loss":0.0,"damage_taken":0.0,"relics_obtained":["Anchor"]},{"damage_healed":0.0,"max_hp_gain":0.0,"max_hp_loss":0.0,"gold_gain":0.0,"event_name":"Ghosts","player_choice":"Ignored","floor":22.0,"gold_loss":0.0,"damage_taken":0.0},{"damage_healed":0.0,"max_hp_gain":0.0,"max_hp_loss":0.0,"gold_gain":0.0,"event_name":"Back to Basics","player_choice":"Simplicity","floor":25.0,"gold_loss":0.0,"damage_taken":0.0,"cards_upgraded":["Strike_B","Strike_B","Strike_B","Strike_B","Defend_B","Defend_B","Defend_B","Defend_B"]},{"damage_healed":0.0,"max_hp_gain":0.0,"max_hp_loss":0.0,"gold_gain":0.0,"event_name":"Vampires","player_choice":"Ignored","floor":30.0,"gold_loss":0.0,"damage_taken":0.0},{"damage_healed":0.0,"max_hp_gain":0.0,"max_hp_loss":0.0,"gold_gain":100.0,"event_name":"Golden Shrine","player_choice":"Pray","floor":37.0,"gold_loss":0.0,"damage_taken":0.0},{"damage_healed":0.0,"max_hp_gain":0.0,"max_hp_loss":0.0,"gold_gain":0.0,"event_name":"SensoryStone","player_choice":"Memory 1","floor":38.0,"gold_loss":0.0,"damage_taken":0.0},{"damage_healed":0.0,"max_hp_gain":0.0,"max_hp_loss":0.0,"gold_gain":0.0,"event_name":"Mysterious Sphere","player_choice":"Ignored","floor":39.0,"gold_loss":0.0,"damage_taken":0.0},{"cards_removed":["Auto Shields"],"damage_healed":0.0,"max_hp_gain":0.0,"max_hp_loss":0.0,"gold_gain":0.0,"event_name":"Falling","player_choice":"Removed Skill","floor":42.0,"gold_loss":0.0,"damage_taken":0.0}],"is_beta":false,"boss_relics":[{"not_picked":["Snecko Eye","Philosopher\u0027s Stone"],"picked":"SlaversCollar"},{"not_picked":["Calling Bell","Runic Pyramid"],"picked":"Astrolabe"}],"items_purged_floors":[45],"is_endless":false,"potions_floor_spawned":[3,10,18,20,31,44,46,47],"killed_by":"Shield and Spear","ascension_level":1}}