{"host":"jn2qdns2nxijvlnt","time":1611646429,"event":{"mods":["BaseMod","Minty Spire (QoL Compilation)","Quick Restart"],"gold_per_floor":[111,186,156,172,18,48,48,74,155,155,155,155,155,172,172,172,172],"floor_reached":16,"language":"ENG","playtime":763,"items_purged":[],"score":164,"play_id":"024916bb-d056-43c4-a5de-d14bb321d376","local_time":"20210126023349","is_ascension_mode":true,"campfire_choices":[{"floor":7,"key":"REST"},{"floor":11,"key":"REST"},{"floor":13,"key":"REST"},{"data":"Caltrops","floor":15,"key":"SMITH"}],"circlet_count":0,"master_deck":["AscendersBane","Strike_G","Strike_G","Strike_G","Strike_G","Strike_G","Defend_G","Defend_G","Defend_G","Defend_G","Defend_G","Survivor","Neutralize+1","Cloak And Dagger","Backstab","Backstab","Caltrops+1","Deflect","Flying Knee+1"],"relics":["Ring of the Snake","DollysMirror","Strawberry","Art of War","Molten Egg 2"],"acts_visited":["Exordium"],"potions_floor_usage":[4,6,8,16],"damage_taken":[{"damage":1,"enemies":"Small Slimes","floor":1,"turns":5},{"damage":0,"enemies":"Cultist","floor":4,"turns":3},{"damage":47,"enemies":"Lagavulin","floor":6,"turns":9},{"damage":31,"enemies":"Gremlin Nob","floor":8,"turns":5},{"damage":0,"enemies":"2 Louse","floor":14,"turns":3},{"damage":69,"enemies":"Slime Boss","floor":16,"turns":13}],"seed_played":"-5926209197283544391","potions_obtained":[{"floor":3,"key":"SpeedPotion"},{"floor":3,"key":"SteroidPotion"},{"floor":6,"key":"Energy Potion"},{"floor":8,"key":"Energy Potion"}],"is_trial":false,"path_per_floor":["M","?","?","M","$","E","R","E","T","?","R","?","R","M","R","B"],"character_chosen":"THE_SILENT","items_purchased":["DollysMirror"],"campfire_rested":3,"item_purchase_floors":[5],"current_hp_per_floor":[62,51,51,51,51,11,34,3,3,3,26,51,74,74,74,5,5],"gold":172,"neow_bonus":"UPGRADE_CARD","is_daily":false,"chose_seed":false,"campfire_upgraded":1,"win_rate":0.0,"timestamp":1611646429,"path_taken":["M","?","?","?","$","E","R","E","T","?","R","?","R","M","R","BOSS"],"items_purchased_type":["Relic"],"build_version":"2020-12-22","purchased_purges":0,"victory":false,"max_hp_per_floor":[70,70,70,70,70,77,77,77,77,77,77,77,77,77,77,77,77],"card_choices":[{"not_picked":["Backflip","Deadly Poison"],"picked":"Cloak And Dagger","floor":1},{"not_picked":["Calculated Gamble","Slice"],"picked":"Backstab","floor":4},{"not_picked":["Bouncing Flask","Prepared"],"picked":"Caltrops","floor":6},{"not_picked":["Quick Slash","Bouncing Flask"],"picked":"Deflect","floor":8},{"not_picked":["Skewer+1","After Image"],"picked":"Flying Knee+1","floor":14}],"player_experience":560238,"relics_obtained":[{"floor":6,"key":"Strawberry"},{"floor":8,"key":"Art of War"},{"floor":9,"key":"Molten Egg 2"}],"event_choices":[{"damage_healed":0,"gold_gain":75,"player_choice":"Gather Gold","damage_taken":11,"max_hp_gain":0,"max_hp_loss":0,"event_name":"World of Goop","floor":2,"gold_loss":0},{"damage_healed":0,"gold_gain":0,"player_choice":"Bought 2 Potions","damage_taken":0,"max_hp_gain":0,"max_hp_loss":0,"event_name":"The Woman in Blue","floor":3,"gold_loss":0},{"damage_healed":0,"gold_gain":0,"player_choice":"Ignored","damage_taken":0,"max_hp_gain":0,"max_hp_loss":0,"event_name":"Shining Light","floor":10,"gold_loss":0},{"damage_healed":25,"gold_gain":0,"player_choice":"Banana","damage_taken":0,"max_hp_gain":0,"max_hp_loss":0,"event_name":"Big Fish","floor":12,"gold_loss":0}],"is_beta":false,"boss_relics":[],"items_purged_floors":[],"is_endless":false,"potions_floor_spawned":[6,8],"killed_by":"Slime Boss","ascension_level":11}}