{"host":"dcj2yvrgcvh5dl2s","time":1611667094,"event":{"mods":["BaseMod","Bestiary","Better Note","Block Reminder","Colored Powertips","Curses Come First","DeckTracker","Minty Spire (QoL Compilation)","Quick Restart","Rare Cards Sparkle","Relic Stats","StSLib"],"gold_per_floor":[114,114,114,114,129,129,164,89,89,1,1,1,37,60,60,60,60],"floor_reached":16,"language":"ENG","playtime":260,"items_purged":["Regret"],"score":255,"play_id":"2f617077-536f-41da-835d-988d0e1b4039","local_time":"20210126231814","is_ascension_mode":true,"campfire_choices":[{"data":"Heavy Blade","floor":6,"key":"SMITH"},{"data":"Flex","floor":11,"key":"SMITH"},{"data":"Exhume","floor":15,"key":"SMITH"}],"circlet_count":0,"master_deck":["AscendersBane","Strike_R","Strike_R","Strike_R","Strike_R","Strike_R","Defend_R","Defend_R","Defend_R","Defend_R","Bash","Whirlwind+1","Heavy Blade+1","Flex+1","Metallicize","Exhume+1","Inflame"],"relics":["Burning Blood","NeowsBlessing","Golden Idol","Pen Nib","HornCleat","Blue Candle","Art of War"],"acts_visited":["Exordium"],"potions_floor_usage":[13,13,16,16],"damage_taken":[{"damage":0,"enemies":"2 Louse","floor":1,"turns":1},{"damage":0,"enemies":"Small Slimes","floor":5,"turns":1},{"damage":0,"enemies":"Gremlin Nob","floor":7,"turns":1},{"damage":11,"enemies":"Lagavulin","floor":13,"turns":7},{"damage":2,"enemies":"Jaw Worm","floor":14,"turns":2},{"damage":61,"enemies":"The Guardian","floor":16,"turns":10}],"seed_played":"555853372466788679","potions_obtained":[{"floor":1,"key":"Block Potion"},{"floor":5,"key":"HeartOfIron"},{"floor":13,"key":"BlessingOfTheForge"},{"floor":14,"key":"EssenceOfSteel"}],"is_trial":false,"path_per_floor":["M","?","?","?","M","R","E","$","T","$","R","$","E","M","R","B"],"character_chosen":"IRONCLAD","items_purchased":["Metallicize"],"campfire_rested":0,"item_purchase_floors":[10],"current_hp_per_floor":[74,74,48,48,54,54,60,60,60,60,60,60,55,59,59,0,0],"gold":60,"neow_bonus":"THREE_ENEMY_KILL","is_daily":false,"chose_seed":false,"campfire_upgraded":3,"win_rate":0.0,"timestamp":1611667094,"path_taken":["M","?","?","?","?","R","E","$","T","?","R","$","E","M","R","BOSS"],"items_purchased_type":["Card"],"build_version":"2020-12-22","purchased_purges":1,"victory":false,"max_hp_per_floor":[75,75,75,75,75,75,75,75,75,75,75,75,75,75,75,75,75],"relic_stats":{"counters":[6,22],"Golden Idol":22,"Blue Candle":[0],"Pen Nib":[2],"Art of War":[1],"obtain_stats":[{"HornCleat":7,"NeowsBlessing":0,"Golden Idol":3,"Blue Candle":9,"Pen Nib":4,"Art of War":13,"Burning Blood":0},{"HornCleat":3,"NeowsBlessing":0,"Golden Idol":1,"Blue Candle":3,"Pen Nib":1,"Art of War":4,"Burning Blood":0},{"HornCleat":3,"NeowsBlessing":0,"Golden Idol":1,"Blue Candle":3,"Pen Nib":1,"Art of War":10,"Burning Blood":0}],"Burning Blood":30},"card_choices":[{"not_picked":["Havoc","Flex"],"picked":"Whirlwind","floor":1},{"not_picked":["Entrench","Perfected Strike"],"picked":"Heavy Blade","floor":5},{"not_picked":["Heavy Blade","Pommel Strike"],"picked":"Flex","floor":7},{"not_picked":["Flame Barrier","Headbutt"],"picked":"Exhume","floor":13},{"not_picked":["Cleave","True Grit"],"picked":"Inflame","floor":14}],"player_experience":2267735,"relics_obtained":[{"floor":7,"key":"HornCleat"},{"floor":9,"key":"Blue Candle"},{"floor":13,"key":"Art of War"}],"event_choices":[{"damage_healed":0,"gold_gain":0,"player_choice":"Grow","damage_taken":0,"max_hp_gain":0,"max_hp_loss":0,"event_name":"Living Wall","floor":2,"gold_loss":0,"cards_upgraded":["Whirlwind"]},{"damage_healed":0,"gold_gain":0,"player_choice":"Take Damage","damage_taken":26,"relics_obtained":["Golden Idol"],"max_hp_gain":0,"max_hp_loss":0,"event_name":"Golden Idol","floor":3,"gold_loss":0},{"damage_healed":0,"gold_gain":0,"player_choice":"Box","damage_taken":0,"relics_obtained":["Pen Nib"],"max_hp_gain":0,"max_hp_loss":0,"event_name":"Big Fish","floor":4,"gold_loss":0,"cards_obtained":["Regret"]}],"is_beta":false,"boss_relics":[],"items_purged_floors":[8],"is_endless":false,"potions_floor_spawned":[1,5,13,14],"killed_by":"The Guardian","ascension_level":19}}