{"host":"qdfumeom6htv8yxl","time":1611702564,"event":{"mods":["AchievementEnabler","BaseMod","Bestiary","Block Reminder","Minty Spire (QoL Compilation)","Quick Restart","Relic Stats"],"gold_per_floor":[119,269,269,194,194,222,222,249,297,309,329,341,362,397,397,397,397],"floor_reached":16,"language":"ENG","playtime":3171,"items_purged":["Doubt"],"score":328,"play_id":"057a06d0-ab63-420b-949e-6f69dd8f0a6b","local_time":"20210126170924","is_ascension_mode":true,"campfire_choices":[{"data":"Rip and Tear","floor":7,"key":"SMITH"},{"data":"Hologram","floor":15,"key":"SMITH"}],"circlet_count":0,"master_deck":["AscendersBane","Strike_B","Strike_B","Strike_B","Strike_B","Defend_B","Defend_B","Defend_B","Defend_B","Zap","Dualcast","Beam Cell+1","Rip and Tear+1","Sweeping Beam","Sweeping Beam","Hologram+1","Self Repair","Reboot"],"relics":["Cracked Core","NeowsBlessing","Ornamental Fan","HornCleat","Toy Ornithopter","Potion Belt","Odd Mushroom","Orichalcum"],"acts_visited":["Exordium"],"potions_floor_usage":[12,14],"damage_taken":[{"damage":0,"enemies":"Small Slimes","floor":1,"turns":1},{"damage":0,"enemies":"Gremlin Nob","floor":6,"turns":1},{"damage":0,"enemies":"3 Sentries","floor":8,"turns":1},{"damage":0,"enemies":"Jaw Worm","floor":10,"turns":3},{"damage":0,"enemies":"Cultist","floor":11,"turns":3},{"damage":5,"enemies":"2 Fungi Beasts","floor":12,"turns":2},{"damage":0,"enemies":"The Mushroom Lair","floor":13,"turns":3},{"damage":36,"enemies":"Lagavulin","floor":14,"turns":5},{"damage":33,"enemies":"The Guardian","floor":16,"turns":6}],"seed_played":"4508505351028150641","potions_obtained":[{"floor":6,"key":"SkillPotion"},{"floor":8,"key":"Swift Potion"},{"floor":12,"key":"SteroidPotion"},{"floor":13,"key":"Explosive Potion"}],"is_trial":false,"path_per_floor":["M","?","T","$","?","E","R","E","T","M","M","M","?","E","R","B"],"character_chosen":"DEFECT","items_purchased":[],"campfire_rested":0,"item_purchase_floors":[],"current_hp_per_floor":[64,64,64,64,64,64,64,64,64,64,64,64,64,33,33,0,0],"gold":397,"neow_bonus":"THREE_ENEMY_KILL","is_daily":false,"chose_seed":false,"campfire_upgraded":2,"win_rate":0.0,"timestamp":1611702564,"path_taken":["M","?","?","$","?","E","R","E","T","M","?","M","?","E","R","BOSS"],"items_purchased_type":[],"build_version":"2020-12-22","purchased_purges":1,"victory":false,"max_hp_per_floor":[71,71,71,71,71,71,71,71,71,71,71,71,71,71,71,71,71],"relic_stats":{"counters":[9,25],"Ornamental Fan":[36],"Orichalcum":[18],"obtain_stats":[{"Potion Belt":9,"HornCleat":6,"NeowsBlessing":0,"Ornamental Fan":3,"Odd Mushroom":13,"Orichalcum":14,"Cracked Core":0,"Toy Ornithopter":8},{"Potion Belt":3,"HornCleat":2,"NeowsBlessing":0,"Ornamental Fan":1,"Odd Mushroom":7,"Orichalcum":8,"Cracked Core":0,"Toy Ornithopter":3},{"Potion Belt":3,"HornCleat":2,"NeowsBlessing":0,"Ornamental Fan":1,"Odd Mushroom":14,"Orichalcum":19,"Cracked Core":0,"Toy Ornithopter":3}],"Toy Ornithopter":10},"card_choices":[{"not_picked":["Rebound","Conserve Battery"],"picked":"Beam Cell","floor":1},{"not_picked":["Sweeping Beam","Leap"],"picked":"Rip and Tear","floor":6},{"not_picked":["Compile Driver","Force Field","Heatsinks"],"picked":"SKIP","floor":8},{"not_picked":["Double Energy","Rebound"],"picked":"Sweeping Beam","floor":10},{"not_picked":["Ball Lightning","Cold Snap"],"picked":"Sweeping Beam","floor":11},{"not_picked":["Rainbow","Stack"],"picked":"Hologram","floor":12},{"not_picked":["Steam","Ball Lightning"],"picked":"Self Repair","floor":13},{"not_picked":["Rebound","Scrape"],"picked":"Reboot","floor":14}],"player_experience":1847345,"relics_obtained":[{"floor":3,"key":"Ornamental Fan"},{"floor":6,"key":"HornCleat"},{"floor":8,"key":"Toy Ornithopter"},{"floor":9,"key":"Potion Belt"},{"floor":13,"key":"Odd Mushroom"},{"floor":14,"key":"Orichalcum"}],"event_choices":[{"damage_healed":0,"gold_gain":150,"player_choice":"AGREE","damage_taken":0,"max_hp_gain":0,"max_hp_loss":0,"event_name":"Liars Game","floor":2,"gold_loss":0,"cards_obtained":["Doubt"]},{"damage_healed":0,"gold_gain":0,"player_choice":"Upgraded","damage_taken":0,"max_hp_gain":0,"max_hp_loss":0,"event_name":"Upgrade Shrine","floor":5,"gold_loss":0,"cards_upgraded":["Beam Cell"]},{"damage_healed":0,"gold_gain":0,"player_choice":"Fought Mushrooms","damage_taken":0,"max_hp_gain":0,"max_hp_loss":0,"event_name":"Mushrooms","floor":13,"gold_loss":0}],"is_beta":false,"boss_relics":[],"items_purged_floors":[4],"is_endless":false,"potions_floor_spawned":[6,8,12,13],"killed_by":"The Guardian","ascension_level":19}}