{"host":"l2dnabsh5e0fsksb","time":1611641274,"event":{"mods":["2.2 Compatiblity","BaseMod","Downfall","Minty Spire (QoL Compilation)","Quick Restart","StSLib"],"gold_per_floor":[99,109,209,309,328,328,328,342,242,259,274,2,2,30,40,137,137,37,52,64,64,64,64,64,74,74,86,97,107,92,92,107,211,211,211,211,222,233,26,38,38,38,58,58,74,123,23,52,65,65,65,65,65,65],"floor_reached":52,"language":"ENG","playtime":2248,"items_purged":["Regret"],"score":904,"play_id":"deb5e4f2-7569-4f28-bc63-e6784f9c1471","local_time":"20210126163754","is_ascension_mode":true,"campfire_choices":[{"floor":1.0,"key":"RECALL"},{"data":"bronze:Separator","floor":9.0,"key":"SMITH"},{"floor":13.0,"key":"REST"},{"data":"bronze:Mutator","floor":18.0,"key":"SMITH"},{"data":"bronze:Philosophize","floor":26.0,"key":"SMITH"},{"floor":35.0,"key":"REST"},{"floor":42.0,"key":"REST"},{"floor":44.0,"key":"REST"},{"floor":47,"key":"REST"}],"circlet_count":0,"master_deck":["bronze:Strike+1","bronze:Strike","bronze:Strike+1","bronze:Defend","bronze:Defend","bronze:Replicate+1","bronze:Goto","bronze:Separator+1","bronze:GetLatest","bronze:Separator","bronze:FollowUp","bronze:Fortify","bronze:WhirlingStrike","bronze:Philosophize+1","bronze:Mutator+1","bronze:Constructor","bronze:ChildClass","bronze:FineTuning+1","bronze:Iterate","bronze:ForLoop+1","bronze:Terminator+1","bronze:DelayedGuard","bronze:Iterate","bronze:Mutator","bronze:ChosenStrike","bronze:CutThrough+1","bronze:Repulsor+1","bronze:Deprecate+1","bronze:DelayedSlice+1","bronze:Deprecate+1","bronze:DelayedSlice+1"],"relics":["bronze:BronzeCore","bronze:CableSpool","Pantograph","downfall:HeartBlessingRed","Whetstone","Bottled Flame","expansioncontent:StudyCardRelic","downfall:HeartBlessingGreen","Bronze Scales","Fusion Hammer","Bag of Marbles","bronze:Timepiece","TungstenRod","downfall:HeartBlessingBlue","PreservedInsect"],"acts_visited":["Exordium","TheCity","TheBeyond","TheEnding"],"potions_floor_usage":[50,50],"damage_taken":[{"damage":0.0,"enemies":"Cultist","floor":2.0,"turns":4.0},{"damage":7.0,"enemies":"Jaw Worm","floor":5.0,"turns":3.0},{"damage":0.0,"enemies":"2 Louse","floor":8.0,"turns":3.0},{"damage":2.0,"enemies":"2 Fungi Beasts","floor":10.0,"turns":2.0},{"damage":8.0,"enemies":"Blue Slaver","floor":11.0,"turns":2.0},{"damage":0.0,"enemies":"downfall:FleeingMerchant","floor":12.0,"turns":4.0},{"damage":26.0,"enemies":"Lagavulin","floor":14.0,"turns":5.0},{"damage":0.0,"enemies":"3 Louse","floor":15.0,"turns":2.0},{"damage":40.0,"enemies":"SI_SHIV_ARCHETYPE","floor":16.0,"turns":7.0},{"damage":17.0,"enemies":"Shell Parasite","floor":19.0,"turns":4.0},{"damage":0.0,"enemies":"3 Cultists","floor":20.0,"turns":4.0},{"damage":6.0,"enemies":"Snake Plant","floor":25.0,"turns":3.0},{"damage":30.0,"enemies":"Cultist and Chosen","floor":27.0,"turns":4.0},{"damage":8.0,"enemies":"Centurion and Healer","floor":28.0,"turns":3.0},{"damage":31.0,"enemies":"Shelled Parasite and Fungi","floor":29.0,"turns":3.0},{"damage":5.0,"enemies":"downfall:FleeingMerchant","floor":30.0,"turns":4.0},{"damage":20.0,"enemies":"Sentry and Sphere","floor":32.0,"turns":4.0},{"damage":26.0,"enemies":"IC_MUSHROOM_ARCHETYPE","floor":33.0,"turns":7.0},{"damage":3.0,"enemies":"3 Darklings","floor":37.0,"turns":3.0},{"damage":18.0,"enemies":"3 Shapes","floor":38.0,"turns":7.0},{"damage":7.0,"enemies":"downfall:FleeingMerchant","floor":39.0,"turns":4.0},{"damage":3.0,"enemies":"Transient","floor":40.0,"turns":5.0},{"damage":20.0,"enemies":"Maw","floor":43.0,"turns":6.0},{"damage":36.0,"enemies":"4 Shapes","floor":45.0,"turns":7.0},{"damage":6,"enemies":"2 Orb Walkers","floor":46,"turns":2},{"damage":30,"enemies":"Nemesis","floor":48,"turns":5},{"damage":9,"enemies":"3 Darklings","floor":49,"turns":3},{"damage":55,"enemies":"DF_ARCHETYPE_ORBS","floor":50,"turns":6},{"damage":94,"enemies":"downfall:CharBossMerchant","floor":52,"turns":6}],"seed_played":"-532520433765661605","potions_obtained":[{"floor":2.0,"key":"Swift Potion"},{"floor":11.0,"key":"Dexterity Potion"},{"floor":14.0,"key":"FearPotion"},{"floor":15.0,"key":"Weak Potion"},{"floor":20.0,"key":"Swift Potion"},{"floor":21.0,"key":"CultistPotion"},{"floor":29.0,"key":"Explosive Potion"},{"floor":33.0,"key":"Block Potion"},{"floor":38.0,"key":"Explosive Potion"},{"floor":40.0,"key":"Weak Potion"},{"floor":46,"key":"GamblersBrew"},{"floor":48,"key":"ColorlessPotion"}],"is_trial":false,"path_per_floor":["R","M","?","?","M","T","T","M","R","M","M","$","R","E","M","B",null,"R","M","M","?","?","?","T","M","R","M","M","M","$","?","M","B",null,"R","?","M","M","$","M","T","R","M","R","M","?","R","E","M","B",null,"E"],"character_chosen":"THE_AUTOMATON","items_purchased":["Whetstone","Fruit Juice","Bag of Marbles","bronze:Timepiece"],"campfire_rested":5,"item_purchase_floors":[12,12,39,39],"current_hp_per_floor":[63,63,63,63,56,56,56,56,56,54,46,46,67,41,46,31,64,64,47,47,47,85,69,69,63,63,33,25,16,11,11,20,19,72,90,90,87,69,62,59,59,86,66,90,54,48,88,58,49,19,80,0,0,0],"gold":65,"neow_bonus":"UPGRADE_CARD","is_daily":false,"chose_seed":false,"campfire_upgraded":3,"win_rate":0.0,"timestamp":1611641274,"path_taken":["R","M","?","?","M","?","T","M","R","M","M","$","R","E","M","BOSS","R","M","M","?","?","?","T","M","R","M","M","M","?","?","M","BOSS","R","?","?","M","$","M","T","R","M","R","?","?","R","E","M","BOSS","E"],"items_purchased_type":["Relic","Potion","Relic","Relic"],"build_version":"2020-12-22","purchased_purges":1,"victory":false,"max_hp_per_floor":[70,70,70,70,70,70,70,70,70,70,70,70,70,70,75,75,75,75,75,75,75,85,90,90,90,90,90,90,90,90,90,90,90,90,90,90,90,90,90,90,90,90,90,90,90,90,100,100,100,100,100,100,100,100],"card_choices":[{"not_picked":["bronze:Optimize","bronze:Branch"],"picked":"bronze:Separator","floor":2.0},{"not_picked":["bronze:Safeguard","bronze:Turbo"],"picked":"bronze:GetLatest","floor":5.0},{"not_picked":["bronze:CutThrough","bronze:Turbo"],"picked":"bronze:Separator","floor":8.0},{"not_picked":["bronze:DelayedSlice","bronze:Invalidate"],"picked":"bronze:FollowUp","floor":10.0},{"not_picked":["bronze:DigitalCarnage","bronze:CloningBeam"],"picked":"bronze:Fortify","floor":11.0},{"not_picked":["bronze:Shield","bronze:Overheat"],"picked":"bronze:CleanCode","floor":12.0},{"not_picked":["bronze:FineTuning","bronze:Turbo"],"picked":"bronze:WhirlingStrike","floor":14.0},{"not_picked":["bronze:OilSpill","bronze:ItsAFeature"],"picked":"bronze:Philosophize","floor":15.0},{"not_picked":["bronze:SpaghettiCode","bronze:Assembly"],"picked":"bronze:Mutator","floor":16.0},{"not_picked":["bronze:Refactor","bronze:Frontload"],"picked":"bronze:Constructor","floor":19.0},{"not_picked":["bronze:MaxOutput+1","bronze:Invalidate"],"picked":"bronze:ChildClass","floor":20.0},{"not_picked":["bronze:Invalidate","bronze:Philosophize"],"picked":"bronze:FineTuning+1","floor":25.0},{"not_picked":["bronze:Boost","bronze:BitShift"],"picked":"bronze:Iterate","floor":27.0},{"not_picked":["bronze:Return","bronze:ChildClass"],"picked":"bronze:ForLoop+1","floor":28.0},{"not_picked":["bronze:Allocate","bronze:Hardcode"],"picked":"bronze:Terminator+1","floor":29.0},{"not_picked":["bronze:Deprecate+1","bronze:Constructor"],"picked":"bronze:DelayedGuard","floor":30.0},{"not_picked":["bronze:Branch","bronze:Deprecate"],"picked":"bronze:Iterate","floor":32.0},{"not_picked":["bronze:ShipIt","bronze:Hardcode"],"picked":"bronze:Mutator","floor":33.0},{"not_picked":["bronze:Shell","bronze:Allocate"],"picked":"bronze:ChosenStrike","floor":37.0},{"not_picked":["bronze:CutThrough","bronze:Separator+1","bronze:Shield+1"],"picked":"SKIP","floor":38.0},{"not_picked":["bronze:Return","bronze:Separator+1"],"picked":"bronze:CutThrough+1","floor":39.0},{"not_picked":["bronze:WildBeam","bronze:Branch"],"picked":"bronze:Repulsor+1","floor":40.0},{"not_picked":["bronze:ForLoop+1","bronze:Frontload"],"picked":"bronze:Deprecate+1","floor":43.0},{"not_picked":["bronze:Refactor","bronze:BuggyMess+1"],"picked":"bronze:DelayedSlice+1","floor":45.0},{"not_picked":["bronze:Shield","bronze:BugBarrage"],"picked":"bronze:Deprecate+1","floor":46},{"not_picked":["bronze:Iterate","bronze:Allocate"],"picked":"bronze:DelayedSlice+1","floor":48},{"not_picked":["bronze:ShipIt","bronze:Branch","bronze:Overheat+1"],"picked":"SKIP","floor":49}],"player_experience":1839504,"relics_obtained":[{"floor":6.0,"key":"bronze:CableSpool"},{"floor":7.0,"key":"Pantograph"},{"floor":14.0,"key":"Bottled Flame"},{"floor":24.0,"key":"Bronze Scales"},{"floor":46,"key":"TungstenRod"},{"floor":48,"key":"PreservedInsect"}],"event_choices":[{"damage_healed":0,"gold_gain":0,"player_choice":"Fight","damage_taken":0,"max_hp_gain":0,"max_hp_loss":0,"event_name":"Mysterious Sphere","floor":46,"gold_loss":0}],"is_beta":false,"boss_relics":[{"not_picked":["Pandora\u0027s Box","Empty Cage"],"picked":"expansioncontent:StudyCardRelic"},{"not_picked":["Snecko Eye","Runic Dome"],"picked":"Fusion Hammer"}],"items_purged_floors":[39],"is_endless":false,"potions_floor_spawned":[2,11,14,15,20,29,33,38,40,46,48],"killed_by":"downfall:CharBossMerchant","ascension_level":6}}