{"host":"li7nr9q4d53iu1rb","time":1611700146,"event":{"mods":["AchievementEnabler","BaseMod","Colored Map","Colored Powertips","Downfall","Highlight Path","Minty Spire (QoL Compilation)","Permanent Neow","Quick Restart","Random Character Button","StSLib"],"gold_per_floor":[114,126,76,76,76,106,106,133,212,31,64,64,83,83,83,187,187,197,197,197,197,197,197,223,243,243,243,243,243,274,291,291,391,391,406,406,406,22,36,36,64,81,81,116,116,127,141,141,141,141,141,141,32,63,63,63],"floor_reached":55,"language":"ENG","playtime":3038,"items_purged":[],"score":982,"play_id":"88f3959e-8700-4064-a966-e09f02e77914","local_time":"20210126182906","is_ascension_mode":true,"campfire_choices":[{"floor":12,"key":"RECALL"},{"data":"Metamorphosis","floor":15,"key":"SMITH"},{"data":"Limit Break","floor":23,"key":"SMITH"},{"floor":27,"key":"REST"},{"floor":29,"key":"REST"},{"data":"Battle Trance","floor":32,"key":"SMITH"},{"data":"Bloodletting","floor":40,"key":"SMITH"},{"floor":45,"key":"REST"},{"floor":49,"key":"REST"},{"data":"Brutality","floor":52,"key":"SMITH"}],"circlet_count":0,"master_deck":["Strike_R","Strike_R+1","Strike_R+1","Defend_R","Wild Strike","Shockwave","Flex","Battle Trance+1","Metamorphosis+1","Bloodletting+1","Flex","Limit Break+1","Rage","Rage","Flex+1","Pommel Strike","Brutality+1","Anger+1","Intimidate+1","Entrench+1","Metamorphosis+1","Flash of Steel","Evolve+1","Evolve+1","Pommel Strike","Wild Strike","Shrug It Off+1","Anger","Offering"],"relics":["Burning Blood","Potion Belt","Letter Opener","Bag of Marbles","Ice Cream","Ornamental Fan","Omamori","Runic Pyramid","Nilry\u0027s Codex","MutagenicStrength","Pear","Shuriken","The Courier","Bag of Preparation","Astrolabe","Eternal Feather","Toy Ornithopter","Strawberry","Dream Catcher","Bronze Scales"],"acts_visited":["Exordium","TheCity","TheBeyond","TheEnding"],"potions_floor_usage":[11,24,30,30,31,39,41,44,48,50,55],"damage_taken":[{"damage":0,"enemies":"Small Slimes","floor":1,"turns":4},{"damage":2,"enemies":"Jaw Worm","floor":2,"turns":3},{"damage":27,"enemies":"Gremlin Nob","floor":6,"turns":5},{"damage":28,"enemies":"Lagavulin","floor":8,"turns":6},{"damage":4,"enemies":"Gremlin Nob","floor":11,"turns":3},{"damage":3,"enemies":"2 Louse","floor":13,"turns":1},{"damage":10,"enemies":"Slime Boss","floor":16,"turns":8},{"damage":13,"enemies":"2 Thieves","floor":18,"turns":4},{"damage":45,"enemies":"Gremlin Leader","floor":24,"turns":5},{"damage":18,"enemies":"Shell Parasite","floor":25,"turns":5},{"damage":10,"enemies":"Book of Stabbing","floor":30,"turns":3},{"damage":3,"enemies":"3 Cultists","floor":31,"turns":3},{"damage":36,"enemies":"Automaton","floor":33,"turns":6},{"damage":16,"enemies":"3 Shapes","floor":35,"turns":4},{"damage":18,"enemies":"3 Darklings","floor":39,"turns":5},{"damage":36,"enemies":"Reptomancer","floor":41,"turns":4},{"damage":28,"enemies":"Maw","floor":42,"turns":5},{"damage":37,"enemies":"Nemesis","floor":44,"turns":3},{"damage":76,"enemies":"Writhing Mass","floor":46,"turns":4},{"damage":23,"enemies":"3 Darklings","floor":47,"turns":4},{"damage":5,"enemies":"2 Orb Walkers","floor":48,"turns":2},{"damage":63,"enemies":"Donu and Deca","floor":50,"turns":6},{"damage":57,"enemies":"Shield and Spear","floor":54,"turns":4},{"damage":97,"enemies":"The Heart","floor":55,"turns":3}],"seed_played":"-3595693710009489839","potions_obtained":[{"floor":1,"key":"Weak Potion"},{"floor":6,"key":"FairyPotion"},{"floor":13,"key":"EssenceOfSteel"},{"floor":18,"key":"GamblersBrew"},{"floor":24,"key":"LiquidBronze"},{"floor":28,"key":"SmokeBomb"},{"floor":28,"key":"Swift Potion"},{"floor":28,"key":"SkillPotion"},{"floor":33,"key":"BloodPotion"},{"floor":35,"key":"GamblersBrew"},{"floor":39,"key":"PowerPotion"},{"floor":42,"key":"DistilledChaos"},{"floor":54,"key":"Energy Potion"}],"is_trial":false,"path_per_floor":["M","M","?","T","?","E","?","E","T","$","E","R","M","?","R","B",null,"M","?","?","?","?","R","E","M","T","R","?","R","E","M","R","B",null,"M","?","?","$","M","R","E","M","T","E","R","M","M","?","R","B",null,"R","$","E","B"],"character_chosen":"IRONCLAD","items_purchased":["Metamorphosis","Eternal Feather","Toy Ornithopter","Flash of Steel","Offering"],"campfire_rested":4,"item_purchase_floors":[10,38,38,38,53],"current_hp_per_floor":[80,80,80,80,64,43,69,47,47,47,49,49,52,72,72,68,80,73,57,57,67,67,67,28,16,16,43,43,70,66,69,69,39,90,80,80,80,80,73,85,67,45,45,19,60,35,18,24,68,35,97,97,97,46,0,0],"gold":63,"neow_bonus":"RANDOM_COMMON_RELIC","is_daily":false,"chose_seed":false,"campfire_upgraded":5,"win_rate":0.0,"timestamp":1611700146,"path_taken":["M","M","?","?","?","E","?","E","T","$","E","R","M","?","R","BOSS","M","?","?","?","?","R","E","M","T","R","?","R","E","?","R","BOSS","M","?","?","$","M","R","E","?","T","E","R","M","M","?","R","BOSS","R","$","E","BOSS"],"items_purchased_type":["Card","Relic","Relic","Card","Card"],"build_version":"2020-12-22","purchased_purges":0,"victory":false,"max_hp_per_floor":[80,80,80,80,80,80,80,80,80,80,80,80,80,80,80,80,80,80,80,80,90,90,90,90,90,90,90,90,90,90,90,90,90,90,90,90,90,90,90,90,97,97,97,97,97,97,97,97,97,97,97,97,97,97,97,97],"card_choices":[{"not_picked":["Sever Soul","Clothesline"],"picked":"Wild Strike","floor":1},{"not_picked":["Armaments","Whirlwind"],"picked":"Shockwave","floor":2},{"not_picked":["Pommel Strike","Anger"],"picked":"Flex","floor":6},{"not_picked":["Metallicize","Body Slam"],"picked":"Battle Trance","floor":8},{"not_picked":["Barricade","Uppercut"],"picked":"Bloodletting","floor":11},{"not_picked":["Cleave","Headbutt"],"picked":"Flex","floor":13},{"not_picked":["Impervious","Juggernaut"],"picked":"Limit Break","floor":16},{"not_picked":["Second Wind","Clothesline"],"picked":"Rage","floor":18},{"not_picked":["Flame Barrier","Ghostly Armor"],"picked":"Rage","floor":24},{"not_picked":["Infernal Blade","Headbutt"],"picked":"Flex+1","floor":25},{"not_picked":["Iron Wave","Havoc"],"picked":"Pommel Strike","floor":30},{"not_picked":["Combust","True Grit","Entrench"],"picked":"SKIP","floor":31},{"not_picked":["Berserk","Reaper"],"picked":"Brutality","floor":33},{"not_picked":["Armaments","Sword Boomerang+1","Flame Barrier+1"],"picked":"SKIP","floor":35},{"not_picked":["Shrug It Off","Dropkick+1"],"picked":"Evolve+1","floor":39},{"not_picked":["Cleave","Havoc","True Grit"],"picked":"SKIP","floor":41},{"not_picked":["True Grit","Iron Wave+1"],"picked":"Evolve+1","floor":42},{"not_picked":["Thunderclap+1","Brutality","Burning Pact"],"picked":"SKIP","floor":44},{"not_picked":["Sever Soul+1","True Grit"],"picked":"Pommel Strike","floor":45},{"not_picked":["Body Slam","Headbutt"],"picked":"Wild Strike","floor":46},{"not_picked":["Headbutt","Iron Wave"],"picked":"Shrug It Off+1","floor":47},{"not_picked":["Clash+1","Rupture+1"],"picked":"Anger","floor":49},{"not_picked":["Perfected Strike","Metallicize+1","Sentinel"],"picked":"SKIP","floor":54}],"player_experience":249588,"relics_obtained":[{"floor":4,"key":"Letter Opener"},{"floor":6,"key":"Bag of Marbles"},{"floor":8,"key":"Ice Cream"},{"floor":9,"key":"Ornamental Fan"},{"floor":11,"key":"Omamori"},{"floor":19,"key":"Nilry\u0027s Codex"},{"floor":24,"key":"Shuriken"},{"floor":26,"key":"The Courier"},{"floor":30,"key":"Bag of Preparation"},{"floor":41,"key":"Strawberry"},{"floor":44,"key":"Dream Catcher"},{"floor":54,"key":"Bronze Scales"}],"event_choices":[{"cards_removed":["Strike_R"],"damage_healed":0,"gold_gain":0,"player_choice":"Card Removal","damage_taken":0,"max_hp_gain":0,"max_hp_loss":0,"event_name":"The Cleric","floor":3,"gold_loss":50},{"damage_healed":0,"gold_gain":0,"player_choice":"Entered Light","damage_taken":16,"max_hp_gain":0,"max_hp_loss":0,"event_name":"Shining Light","floor":5,"gold_loss":0,"cards_upgraded":["Strike_R","Strike_R"]},{"damage_healed":26,"gold_gain":0,"player_choice":"Banana","damage_taken":0,"max_hp_gain":0,"max_hp_loss":0,"event_name":"Big Fish","floor":7,"gold_loss":0},{"damage_healed":20,"gold_gain":0,"player_choice":"Healed and dodged fight","damage_taken":0,"max_hp_gain":0,"max_hp_loss":0,"event_name":"Mushrooms","floor":14,"gold_loss":0,"cards_obtained":["Parasite"]},{"damage_healed":0,"gold_gain":0,"player_choice":"Obtained Book","damage_taken":16,"max_hp_gain":0,"max_hp_loss":0,"event_name":"Cursed Tome","floor":19,"gold_loss":0},{"damage_healed":0,"gold_gain":0,"player_choice":"Inject Mutagens","damage_taken":0,"relics_obtained":["MutagenicStrength"],"max_hp_gain":0,"max_hp_loss":0,"event_name":"Drug Dealer","floor":20,"gold_loss":0},{"damage_healed":0,"gold_gain":0,"player_choice":"Opened","damage_taken":0,"relics_obtained":["Pear"],"max_hp_gain":0,"max_hp_loss":0,"event_name":"The Mausoleum","floor":21,"gold_loss":0},{"cards_removed":["Defend_R"],"damage_healed":0,"gold_gain":0,"player_choice":"Elegance","damage_taken":0,"max_hp_gain":0,"max_hp_loss":0,"event_name":"Back to Basics","floor":22,"gold_loss":0},{"damage_healed":0,"gold_gain":0,"player_choice":"Got Potions","damage_taken":0,"max_hp_gain":0,"max_hp_loss":0,"event_name":"Lab","floor":28,"gold_loss":0},{"cards_removed":["Bash"],"damage_healed":0,"gold_gain":0,"player_choice":"Removed Attack","damage_taken":0,"max_hp_gain":0,"max_hp_loss":0,"event_name":"Falling","floor":36,"gold_loss":0},{"damage_healed":0,"gold_gain":0,"player_choice":"Copied","damage_taken":0,"max_hp_gain":0,"max_hp_loss":0,"event_name":"Duplicator","floor":37,"gold_loss":0,"cards_obtained":["Metamorphosis"]},{"damage_healed":0,"gold_gain":0,"player_choice":"Fight","damage_taken":0,"max_hp_gain":0,"max_hp_loss":0,"event_name":"Mysterious Sphere","floor":48,"gold_loss":0}],"is_beta":false,"boss_relics":[{"not_picked":["Black Blood","Pandora\u0027s Box"],"picked":"Runic Pyramid"},{"not_picked":["Tiny House","Coffee Dripper"],"picked":"Astrolabe"}],"items_purged_floors":[],"is_endless":false,"potions_floor_spawned":[1,6,13,18,24,33,35,39,42,54],"killed_by":"The Heart","ascension_level":4}}