{"host":"7tqog9fnhs0gxmti","time":1611655642,"event":{"mods":["AchievementEnabler","Act Like it!","Astrologer","BaseMod","Beaked The Cultist","CapriCore","Colored Map","Colored Powertips","Hermit","Highlight Path","Marisa????????","Minty Spire (QoL Compilation)","Quick Restart","Random Character Button","Rare Cards Sparkle","Robot Space Explorer","Somnambulant","StSLib","The Bug Knight","The Construct","The Cursed","The Disciple","The Gatherer","The Hayseed","The Marked","Wandering Minibosses","everything is the same but u backflip on backflip"],"gold_per_floor":[114,289,305,305,322,322,351,351,376,411,63,18,18,31,31,132,132,82,82],"floor_reached":18,"language":"ENG","playtime":733,"items_purged":[],"score":168,"play_id":"9b8e8716-1a53-435d-8565-27ad2926cc86","local_time":"20210126180722","is_ascension_mode":false,"campfire_choices":[{"data":"beaked:Ceremony","floor":6,"key":"SMITH"},{"floor":13,"key":"REST"},{"data":"beaked:CrazyRituals","floor":15,"key":"SMITH"}],"circlet_count":0,"master_deck":["beaked:Strike_Y","beaked:Strike_Y","beaked:Strike_Y","beaked:Strike_Y","beaked:Strike_Y","beaked:Strike_Y","beaked:Defend_Y","beaked:Defend_Y","beaked:Defend_Y","beaked:Defend_Y","beaked:Ceremony","beaked:Ceremony+1","beaked:Ceremony+1","beaked:Foresight","beaked:DigDeep","beaked:CursingBlood","beaked:Devastation","beaked:Insight","beaked:BraceForImpact","beaked:CrazyRituals+1","beaked:VolatileMisfortune+1"],"relics":["beaked:MendingPlumage","Art of War","Ancient Tea Set","Oddly Smooth Stone","beaked:ShinyBauble","Singing Bowl","Frozen Egg 2","beaked:SacrificeDoll"],"acts_visited":["Exordium","TheCity"],"potions_floor_usage":[10],"damage_taken":[{"damage":18,"enemies":"2 Louse","floor":1,"turns":4},{"damage":24,"enemies":"Small Slimes","floor":3,"turns":5},{"damage":7,"enemies":"Cultist","floor":5,"turns":6},{"damage":54,"enemies":"3 Sentries","floor":7,"turns":11},{"damage":39,"enemies":"Gremlin Nob","floor":10,"turns":6},{"damage":7,"enemies":"Looter","floor":12,"turns":5},{"damage":21,"enemies":"3 Louse","floor":14,"turns":7},{"damage":27,"enemies":"Slime Boss","floor":16,"turns":10},{"damage":100048,"enemies":"3 Byrds","floor":18,"turns":5}],"seed_played":"-2976608131453665662","potions_obtained":[{"floor":3,"key":"Fire Potion"},{"floor":10,"key":"construct:ShiftPotion"}],"is_trial":false,"path_per_floor":["M","?","M","?","M","R","E","?","T","E","$","M","R","M","R","B",null,"M"],"character_chosen":"BEAKED_THE_CULTIST","items_purchased":["Singing Bowl","beaked:Insight","beaked:BraceForImpact"],"campfire_rested":1,"item_purchase_floors":[11,11,11],"current_hp_per_floor":[38,38,27,27,41,41,18,18,18,8,8,17,32,52,52,51,52,0,0],"gold":82,"neow_bonus":"RANDOM_COMMON_RELIC","is_daily":false,"chose_seed":false,"campfire_upgraded":2,"win_rate":0.0,"timestamp":1611655642,"path_taken":["M","?","M","?","M","R","E","?","T","E","$","?","R","M","R","BOSS","M"],"items_purchased_type":["Relic","Card","Card"],"build_version":"2020-12-22","purchased_purges":0,"victory":false,"max_hp_per_floor":[50,50,50,50,50,50,50,50,50,50,50,50,50,52,52,52,52,52,52],"card_choices":[{"not_picked":["beaked:SacrificialDive","beaked:MaddeningMurmurs"],"picked":"beaked:Foresight","floor":1},{"not_picked":["beaked:Overexert","beaked:Resilience"],"picked":"beaked:DigDeep","floor":3},{"not_picked":["beaked:WarriorSpirit","beaked:Windmill","beaked:Poke"],"picked":"SKIP","floor":5},{"not_picked":["beaked:KnowThyFoe","beaked:Cower"],"picked":"beaked:CursingBlood","floor":7},{"not_picked":["beaked:RuinSticks","beaked:CursingBlood"],"picked":"beaked:Devastation","floor":10},{"not_picked":["beaked:Tweet","beaked:Poke"],"picked":"beaked:CrazyRituals","floor":12},{"not_picked":["beaked:Cower","beaked:DarkTribute","beaked:FeelMyPain"],"picked":"Singing Bowl","floor":14},{"not_picked":["beaked:FakeOut","beaked:DarkTribute"],"picked":"beaked:VolatileMisfortune+1","floor":16}],"player_experience":861387,"relics_obtained":[{"floor":7,"key":"Ancient Tea Set"},{"floor":9,"key":"Oddly Smooth Stone"},{"floor":10,"key":"beaked:ShinyBauble"},{"floor":16,"key":"Frozen Egg 2"}],"event_choices":[{"damage_healed":0,"gold_gain":175,"player_choice":"AGREE","damage_taken":0,"max_hp_gain":0,"max_hp_loss":0,"event_name":"Liars Game","floor":2,"gold_loss":0,"cards_obtained":["Doubt"]},{"damage_healed":0,"gold_gain":0,"player_choice":"Grow","damage_taken":0,"max_hp_gain":0,"max_hp_loss":0,"event_name":"Living Wall","floor":4,"gold_loss":0,"cards_upgraded":["beaked:Ceremony"]},{"cards_removed":["Doubt"],"damage_healed":0,"gold_gain":0,"player_choice":"Removed Curses","damage_taken":0,"max_hp_gain":0,"max_hp_loss":0,"event_name":"Fountain of Cleansing","floor":8,"gold_loss":0}],"is_beta":false,"boss_relics":[{"not_picked":["construct:ClawGrip","Coffee Dripper"],"picked":"beaked:SacrificeDoll"}],"items_purged_floors":[],"is_endless":false,"potions_floor_spawned":[3,10],"killed_by":"3 Byrds","ascension_level":0}}