{"host":"5wf60zc4jjt9ov65","time":1611683495,"event":{"mods":["AchievementEnabler","BaseMod","Beaked The Cultist","Bestiary","Better Altar","Better Match","Better Note","Better Sensory Stone","Better Skull","Better Third Choice","BetterRewards","Colored Map","Colored Powertips","Downfall","Googly Eyes","Halation","Highlight Path","Hubris","Infinite Spire","Minty Spire (QoL Compilation)","Permanent Neow","Quick Restart","Replay The Spire","StSLib","The Bug Knight","The Construct"],"gold_per_floor":[114,127,141,158,158,185,200,215,264,244,263,317,352,368,368,368,368],"floor_reached":16,"language":"ENG","playtime":1240,"items_purged":[],"score":166,"play_id":"a7800e17-ac02-4e8c-9801-33a5d464071b","local_time":"20210126125135","is_ascension_mode":false,"campfire_choices":[{"data":"ReplayTheSpireMod:Muscle Training","floor":15,"key":"SMITH"}],"circlet_count":0,"master_deck":["Strike_R","Strike_R","Strike_R","Strike_R","Defend_R","Defend_R","Defend_R","Defend_R","Bash","Second Wind","hubris:ReadiedAction","infinitespire:OneForAll+1","Metallicize","Thunderclap","Shrug It Off","Twin Strike","Shockwave","Twin Strike","ReplayTheSpireMod:Muscle Training+1"],"relics":["Burning Blood","Pen Nib","hubris:TenFootPole","ReplayFunnel"],"acts_visited":["Exordium"],"potions_floor_usage":[6,6,13],"damage_taken":[{"damage":13,"enemies":"Cultist","floor":1,"turns":5},{"damage":5,"enemies":"Small Slimes","floor":2,"turns":4},{"damage":21,"enemies":"2 Louse","floor":3,"turns":5},{"damage":26,"enemies":"Gremlin Gang","floor":4,"turns":8},{"damage":15,"enemies":"Lagavulin","floor":6,"turns":7},{"damage":2,"enemies":"Looter","floor":7,"turns":3},{"damage":3,"enemies":"3 Louse","floor":8,"turns":4},{"damage":4,"enemies":"Blue Slaver","floor":11,"turns":2},{"damage":12,"enemies":"HollowMod:MossKnight","floor":13,"turns":3},{"damage":9,"enemies":"Exordium Thugs","floor":14,"turns":5},{"damage":30,"enemies":"Hexaghost","floor":16,"turns":9}],"seed_played":"-13401439329695894","potions_obtained":[{"floor":3,"key":"Strength Potion"},{"floor":4,"key":"hexamod:SoulburnPotion"},{"floor":7,"key":"construct:ShiftPotion"},{"floor":10,"key":"SkillPotion"},{"floor":11,"key":"Reflective Coating"},{"floor":14,"key":"Milkshake"}],"is_trial":false,"path_per_floor":["M","M","M","M","?","E","M","M","T","?","M","?","E","M","R","B"],"character_chosen":"IRONCLAD","items_purchased":[],"campfire_rested":0,"item_purchase_floors":[],"current_hp_per_floor":[73,74,59,39,39,30,34,37,37,37,39,39,33,30,30,0,0],"gold":368,"neow_bonus":"TRANSFORM_CARD","is_daily":false,"chose_seed":false,"campfire_upgraded":1,"win_rate":0.0,"timestamp":1611683495,"path_taken":["M","M","?","M","?","E","?","M","T","?","?","?","E","M","R","BOSS"],"items_purchased_type":[],"build_version":"2020-12-22","purchased_purges":0,"victory":false,"max_hp_per_floor":[80,80,80,80,80,80,80,80,80,80,80,80,80,80,80,80,80],"card_choices":[{"not_picked":["Clothesline","Pommel Strike"],"picked":"hubris:ReadiedAction","floor":1},{"not_picked":["Reckless Charge","Flex"],"picked":"infinitespire:OneForAll","floor":2},{"not_picked":["Clothesline","Reckless Charge"],"picked":"Metallicize","floor":3},{"not_picked":["Headbutt","Run Through"],"picked":"Thunderclap","floor":4},{"not_picked":["Flex","Second Wind"],"picked":"Shrug It Off","floor":6},{"not_picked":["Thunderclap","ReplayTheSpireMod:Strike From Hell"],"picked":"Twin Strike","floor":7},{"not_picked":["Reckless Charge","Sword Boomerang"],"picked":"Shockwave","floor":8},{"not_picked":["ReplayTheSpireMod:LeadingStrike","Flex"],"picked":"Twin Strike","floor":11},{"not_picked":["Searing Blow","Dropkick"],"picked":"ReplayTheSpireMod:Muscle Training","floor":13},{"not_picked":["Perfected Strike","Infernal Blade","True Grit"],"picked":"SKIP","floor":14}],"player_experience":129356,"relics_obtained":[{"floor":6,"key":"Pen Nib"},{"floor":9,"key":"hubris:TenFootPole"},{"floor":13,"key":"ReplayFunnel"}],"event_choices":[{"damage_healed":0,"gold_gain":0,"player_choice":"Upgraded","damage_taken":0,"max_hp_gain":0,"max_hp_loss":0,"event_name":"Upgrade Shrine","floor":5,"gold_loss":0,"cards_upgraded":["infinitespire:OneForAll"]},{"damage_healed":0,"gold_gain":0,"player_choice":"Bought 1 Potion","damage_taken":0,"max_hp_gain":0,"max_hp_loss":0,"event_name":"The Woman in Blue","floor":10,"gold_loss":0},{"damage_healed":0,"gold_gain":54,"player_choice":"Gained Gold","damage_taken":0,"max_hp_gain":0,"max_hp_loss":0,"event_name":"Golden Wing","floor":12,"gold_loss":0}],"is_beta":false,"boss_relics":[],"items_purged_floors":[],"is_endless":false,"potions_floor_spawned":[3,4,7,11,14],"killed_by":"Hexaghost","ascension_level":0}}