{"host":"Mute","time":1611623362,"event":{"mods":["BaseMod","Colored Map","Downfall","Minty Spire (QoL Compilation)","StSLib"],"gold_per_floor":[99,111,130,230,60,92,92,92,110,110,144,29,57,87,98,98,98,98],"floor_reached":16,"language":"ENG","playtime":1457,"items_purged":["hexamod:Defend","hexamod:Defend"],"score":118,"play_id":"c73835d6-7bb7-4707-ad76-bb30b3ebd209","local_time":"20210125200922","is_ascension_mode":false,"campfire_choices":[{"data":"hexamod:Sear","floor":1,"key":"SMITH"},{"data":"hexamod:GhostOfSpireFuture","floor":8,"key":"SMITH"},{"data":"hexamod:ChargedBarrage","floor":10,"key":"SMITH"}],"circlet_count":0,"master_deck":["hexamod:Strike","hexamod:Strike","hexamod:Strike","hexamod:Strike","hexamod:Defend+1","hexamod:Defend","hexamod:Sear+1","hexamod:Float","hexamod:UnleashSpirits","hexamod:AdvancingGuard","hexamod:InspiringFlames","hexamod:ChargedBarrage+1","hexamod:GhostOfSpireFuture+1","hexamod:StepThrough","hexamod:SkipABeat+1","hexamod:RadiantFlame","hexamod:FastForward"],"relics":["hexamod:SpiritBrand","Omamori","Darkstone Periapt","hexamod:InflammatoryLetter","Juzu Bracelet","War Paint"],"acts_visited":["Exordium"],"potions_floor_usage":[12,13],"damage_taken":[{"damage":1,"enemies":"Cultist","floor":2,"turns":3},{"damage":2,"enemies":"2 Louse","floor":3,"turns":2},{"damage":0,"enemies":"downfall:FleeingMerchant","floor":5,"turns":4},{"damage":29,"enemies":"Gremlin Nob","floor":6,"turns":6},{"damage":6,"enemies":"Jaw Worm","floor":9,"turns":4},{"damage":29,"enemies":"3 Sentries","floor":11,"turns":9},{"damage":0,"enemies":"downfall:FleeingMerchant","floor":12,"turns":4},{"damage":2,"enemies":"Lagavulin","floor":13,"turns":6},{"damage":0,"enemies":"Blue Slaver","floor":15,"turns":3},{"damage":4,"enemies":"SI_SHIV_ARCHETYPE","floor":16,"turns":5}],"seed_played":"7803568157765548049","potions_obtained":[{"floor":3,"key":"Energy Potion"},{"floor":11,"key":"Guardian:BlockOnCardUsePotion"},{"floor":13,"key":"ColorlessPotion"},{"floor":15,"key":"SmokeBomb"}],"is_trial":false,"path_per_floor":["R","M","M","?","$","E","T","R","M","R","E","$","E","?","M","B"],"character_chosen":"THE_SPIRIT","items_purchased":["hexamod:GhostOfSpireFuture"],"campfire_rested":0,"item_purchase_floors":[5],"current_hp_per_floor":[70,69,67,67,67,38,38,38,32,32,3,3,1,1,1,0,0,0],"gold":98,"neow_bonus":"ONE_RANDOM_RARE_CARD","is_daily":false,"chose_seed":false,"campfire_upgraded":3,"win_rate":0.0,"timestamp":1611623362,"path_taken":["R","M","?","?","$","E","T","R","M","R","E","?","E","?","M","BOSS"],"items_purchased_type":["Card"],"build_version":"2020-12-18","purchased_purges":2,"victory":false,"max_hp_per_floor":[70,70,70,70,70,70,70,70,70,70,70,70,70,70,70,70,70,70],"card_choices":[{"not_picked":["hexamod:HauntingEcho","hexamod:SwordOfDarkness"],"picked":"hexamod:AdvancingGuard","floor":2},{"not_picked":["hexamod:RainOfEmbers","hexamod:GhostLash"],"picked":"hexamod:InspiringFlames","floor":3},{"not_picked":["hexamod:ShieldOfDarkness","hexamod:Firestarter"],"picked":"hexamod:ChargedBarrage","floor":5},{"not_picked":["hexamod:SpectersWail","hexamod:BurningTouch","hexamod:InspiringFlames"],"picked":"SKIP","floor":6},{"not_picked":["hexamod:GhostOfSpirePast","hexamod:BurningTouch"],"picked":"hexamod:StepThrough","floor":9},{"not_picked":["hexamod:FifthSeal","hexamod:NightmareGuise"],"picked":"hexamod:SkipABeat","floor":11},{"not_picked":["hexamod:Again","hexamod:GhostflameBarrier","hexamod:HeatMetal"],"picked":"SKIP","floor":12},{"not_picked":["hexamod:Firestarter","hexamod:GhostflameBarrier"],"picked":"hexamod:RadiantFlame","floor":13},{"not_picked":["hexamod:NightmareGuise","hexamod:InspiringFlames"],"picked":"hexamod:FastForward","floor":15}],"player_experience":449558,"relics_obtained":[{"floor":6,"key":"Omamori"},{"floor":7,"key":"Darkstone Periapt"},{"floor":11,"key":"hexamod:InflammatoryLetter"},{"floor":13,"key":"Juzu Bracelet"}],"event_choices":[],"is_beta":true,"boss_relics":[],"items_purged_floors":[5,12],"is_endless":false,"potions_floor_spawned":[3,11,13,15],"killed_by":"SI_SHIV_ARCHETYPE","ascension_level":0}}