{"host":"o3n4et6u1y1w2h5j","time":1611674746,"event":{"mods":["AchievementEnabler","BaseMod","Minty Spire (QoL Compilation)","StSLib"],"gold_per_floor":[110,122,142,153,168,197,197,197,197],"floor_reached":8,"language":"ENG","playtime":617,"items_purged":[],"score":63,"play_id":"08da6d6c-f848-4372-a2af-3c3783a8d5a9","local_time":"20210126072546","is_ascension_mode":true,"campfire_choices":[{"data":"Heavy Blade","floor":7,"key":"SMITH"}],"circlet_count":0,"master_deck":["Strike_R","Strike_R","Strike_R","Defend_R","Defend_R","Defend_R","Defend_R","Bash","Shame","Heavy Blade+1","True Grit","Infernal Blade","Shrug It Off","Thunderclap","Twin Strike","Flex"],"relics":["Burning Blood","Mercury Hourglass"],"acts_visited":["Exordium"],"potions_floor_usage":[6],"damage_taken":[{"damage":4,"enemies":"Cultist","floor":1,"turns":4},{"damage":8,"enemies":"Small Slimes","floor":2,"turns":3},{"damage":0,"enemies":"Jaw Worm","floor":3,"turns":2},{"damage":11,"enemies":"Lots of Slimes","floor":4,"turns":4},{"damage":0,"enemies":"2 Fungi Beasts","floor":5,"turns":3},{"damage":34,"enemies":"3 Sentries","floor":6,"turns":7},{"damage":52,"enemies":"Lagavulin","floor":8,"turns":6}],"seed_played":"5206768929392407178","potions_obtained":[{"floor":4,"key":"ColorlessPotion"},{"floor":6,"key":"BloodPotion"}],"is_trial":false,"path_per_floor":["M","M","M","M","M","E","R","E"],"character_chosen":"IRONCLAD","items_purchased":[],"campfire_rested":0,"item_purchase_floors":[],"current_hp_per_floor":[80,78,80,75,80,52,52,0,0],"gold":197,"neow_bonus":"TRANSFORM_TWO_CARDS","is_daily":false,"chose_seed":false,"campfire_upgraded":1,"win_rate":0.0,"timestamp":1611674746,"path_taken":["M","M","?","M","?","E","R","E"],"items_purchased_type":[],"build_version":"2020-12-22","purchased_purges":0,"victory":false,"max_hp_per_floor":[80,80,80,80,80,80,80,80,80],"card_choices":[{"not_picked":["Headbutt","Anger"],"picked":"Infernal Blade","floor":1},{"not_picked":["Intimidate","Clash"],"picked":"Shrug It Off","floor":2},{"not_picked":["Anger","Pommel Strike"],"picked":"Thunderclap","floor":3},{"not_picked":["Headbutt","Sword Boomerang"],"picked":"Twin Strike","floor":4},{"not_picked":["Brutality","Cleave"],"picked":"Flex","floor":5},{"not_picked":["Cleave","Pommel Strike","Twin Strike"],"picked":"SKIP","floor":6},{"not_picked":["Cleave","Pommel Strike","Twin Strike"],"picked":"SKIP","floor":6}],"player_experience":24895,"relics_obtained":[{"floor":6,"key":"Mercury Hourglass"}],"event_choices":[],"is_beta":false,"boss_relics":[],"items_purged_floors":[],"is_endless":false,"potions_floor_spawned":[4,6],"killed_by":"Lagavulin","ascension_level":1}}