{"host":"w3q5ijqu8eoknil3","time":1611644500,"event":{"mods":["AchievementEnabler","BaseMod","Block Reminder","Colored Map","Colored Powertips","Curses Come First","Dark Map","Minty Spire (QoL Compilation)","Quick Restart","Relic Stats","StSLib","ojb\u0027s Better Paths Mod","ojb\u0027s Info Mod","slay the spire mod where everything is the same but ironclad has a cowboy hat"],"gold_per_floor":[113,130,145,70,70,70,70,84,84,117,172,172,199,228,240,324,336,319,331,360,297,224,236,248,248],"floor_reached":24,"language":"ENG","playtime":890,"items_purged":[],"score":378,"play_id":"81d3f7cc-ac0d-4e52-843b-52d155dcfcfa","local_time":"20210126070140","is_ascension_mode":true,"campfire_choices":[{"data":"Endless Agony","floor":6,"key":"SMITH"},{"floor":15,"key":"REST"},{"data":"Blade Dance","floor":23,"key":"SMITH"}],"circlet_count":0,"master_deck":["AscendersBane","Strike_G","Defend_G","Defend_G","Defend_G","Defend_G","Defend_G","Survivor","Neutralize","Endless Agony+1","Dodge and Roll","Slice","Deadly Poison","After Image","Dash","PiercingWail","Infinite Blades","Dagger Spray","Doppelganger","All Out Attack","Blade Dance+1","Acrobatics"],"relics":["Ring of the Snake","Kunai","Thread and Needle","Bronze Scales","MawBank","Runic Pyramid","Lantern"],"acts_visited":["Exordium","TheCity"],"potions_floor_usage":[11,11,16,18],"damage_taken":[{"damage":0,"enemies":"Small Slimes","floor":1,"turns":6},{"damage":0,"enemies":"2 Louse","floor":2,"turns":3},{"damage":1,"enemies":"Jaw Worm","floor":3,"turns":4},{"damage":2,"enemies":"Blue Slaver","floor":8,"turns":4},{"damage":18,"enemies":"3 Sentries","floor":10,"turns":13},{"damage":15,"enemies":"Lagavulin Event","floor":11,"turns":8},{"damage":0,"enemies":"2 Fungi Beasts","floor":14,"turns":3},{"damage":6,"enemies":"The Guardian","floor":16,"turns":14},{"damage":13,"enemies":"2 Thieves","floor":18,"turns":4},{"damage":3,"enemies":"3 Byrds","floor":20,"turns":4},{"damage":45,"enemies":"Gremlin Leader","floor":24,"turns":6}],"seed_played":"5466286571894257797","potions_obtained":[{"floor":1,"key":"SteroidPotion"},{"floor":2,"key":"Swift Potion"},{"floor":14,"key":"BlessingOfTheForge"},{"floor":16,"key":"CunningPotion"}],"is_trial":false,"path_per_floor":["M","M","M","?","?","R","$","M","T","E","?","?","T","M","R","B",null,"M","?","M","?","?","R","E"],"character_chosen":"THE_SILENT","items_purchased":[],"campfire_rested":1,"item_purchase_floors":[],"current_hp_per_floor":[44,44,43,43,48,48,48,46,46,28,13,13,13,13,34,28,60,47,47,44,44,44,44,0,0],"gold":248,"neow_bonus":"TRANSFORM_TWO_CARDS","is_daily":false,"chose_seed":false,"campfire_upgraded":2,"win_rate":0.0,"timestamp":1611644500,"path_taken":["M","M","M","?","?","R","$","M","T","E","?","?","?","M","R","BOSS","M","?","M","?","?","R","E"],"items_purchased_type":[],"build_version":"2020-12-22","purchased_purges":0,"victory":false,"max_hp_per_floor":[66,66,66,66,71,71,71,71,71,71,71,71,71,71,71,71,71,71,71,71,71,71,71,71,71],"relic_stats":{"counters":[11,69],"Bronze Scales":[118],"Kunai":[20],"MawBank":132,"obtain_stats":[{"Lantern":22,"Bronze Scales":11,"Thread and Needle":10,"Kunai":9,"MawBank":13,"Ring of the Snake":0,"Runic Pyramid":17},{"Lantern":10,"Bronze Scales":6,"Thread and Needle":5,"Kunai":4,"MawBank":6,"Ring of the Snake":0,"Runic Pyramid":8},{"Lantern":63,"Bronze Scales":38,"Thread and Needle":30,"Kunai":17,"MawBank":38,"Ring of the Snake":0,"Runic Pyramid":55}],"Ring of the Snake":[23]},"card_choices":[{"not_picked":["Blur","Expertise"],"picked":"Slice","floor":1},{"not_picked":["Prepared","Backflip"],"picked":"Deadly Poison","floor":2},{"not_picked":["Dagger Throw","Noxious Fumes"],"picked":"After Image","floor":3},{"not_picked":["Quick Slash","Poisoned Stab"],"picked":"Dash","floor":8},{"not_picked":["Cloak And Dagger","Heel Hook"],"picked":"PiercingWail","floor":10},{"not_picked":["Deadly Poison","Flying Knee"],"picked":"Infinite Blades","floor":11},{"not_picked":["Dagger Throw","Dodge and Roll"],"picked":"Dagger Spray","floor":14},{"not_picked":["Wraith Form v2","Night Terror"],"picked":"Doppelganger","floor":16},{"not_picked":["Dodge and Roll","Tactician"],"picked":"All Out Attack","floor":18},{"not_picked":["Quick Slash","Escape Plan"],"picked":"Acrobatics","floor":20}],"player_experience":1018846,"relics_obtained":[{"floor":9,"key":"Kunai"},{"floor":10,"key":"Thread and Needle"},{"floor":11,"key":"Bronze Scales"},{"floor":13,"key":"MawBank"}],"event_choices":[{"cards_removed":["Strike_G"],"damage_healed":0,"gold_gain":0,"player_choice":"Card Removal","damage_taken":0,"max_hp_gain":0,"max_hp_loss":0,"event_name":"The Cleric","floor":4,"gold_loss":75},{"damage_healed":0,"gold_gain":0,"player_choice":"Donut","damage_taken":0,"max_hp_gain":5,"max_hp_loss":0,"event_name":"Big Fish","floor":5,"gold_loss":0},{"damage_healed":0,"gold_gain":30,"player_choice":"Searched \u00273\u0027 times","damage_taken":0,"max_hp_gain":0,"max_hp_loss":0,"event_name":"Dead Adventurer","floor":11,"gold_loss":0},{"damage_healed":0,"gold_gain":0,"player_choice":"Ignored","damage_taken":0,"max_hp_gain":0,"max_hp_loss":0,"event_name":"Shining Light","floor":12,"gold_loss":0},{"damage_healed":0,"gold_gain":0,"player_choice":"Read","damage_taken":0,"max_hp_gain":0,"max_hp_loss":0,"event_name":"The Library","floor":19,"gold_loss":0,"cards_obtained":["Blade Dance"]},{"cards_removed":["Strike_G"],"damage_healed":0,"gold_gain":0,"player_choice":"Gave Gold","damage_taken":0,"max_hp_gain":0,"max_hp_loss":0,"event_name":"Beggar","floor":21,"gold_loss":75},{"damage_healed":0,"gold_gain":0,"player_choice":"Obtained Relic","damage_taken":0,"relics_obtained":["Lantern"],"max_hp_gain":0,"max_hp_loss":0,"event_name":"Addict","floor":22,"gold_loss":85}],"is_beta":false,"boss_relics":[{"not_picked":["Ectoplasm","SacredBark"],"picked":"Runic Pyramid"}],"items_purged_floors":[],"is_endless":false,"potions_floor_spawned":[1,2,14,16],"killed_by":"Gremlin Leader","ascension_level":19}}