{"host":"sav7uxregyirlf69","time":1611627771,"event":{"mods":["AchievementEnabler","BaseMod","Colored Map","DeckTracker","Keyboard Shortcuts","Minty Spire (QoL Compilation)","READ ME - Guardian Mod","StSLib","SuperFastMode"],"gold_per_floor":[110,122,140,140,140,173,173,205,205,0,11,11,11,30,30,106,106,120,81,81,351,328,362,362,362,362,374,184,184,184,184],"floor_reached":30,"language":"KOR","playtime":478,"items_purged":["Strike_R","Strike_R"],"score":512,"play_id":"08763729-8eca-4aed-b39b-1f06a3b21d47","local_time":"20210126112251","is_ascension_mode":true,"campfire_choices":[{"data":"Carnage","floor":7,"key":"SMITH"},{"data":"Disarm","floor":13,"key":"SMITH"},{"data":"Shrug It Off","floor":15,"key":"SMITH"},{"data":"Entrench","floor":25,"key":"SMITH"}],"circlet_count":0,"master_deck":["AscendersBane","Defend_R","Defend_R","Defend_R","Defend_R","Bash","Pommel Strike+1","Shrug It Off+1","Feel No Pain","Carnage+1","Disarm+1","Reaper","Corruption","Power Through","Fire Breathing","Second Wind","Entrench+1","Dark Embrace","Decay"],"relics":["Burning Blood","Juzu Bracelet","Art of War","Sozu","Lantern"],"acts_visited":["Exordium","TheCity"],"potions_floor_usage":[6,8,11,16],"damage_taken":[{"damage":1,"enemies":"Cultist","floor":1,"turns":3},{"damage":4,"enemies":"Jaw Worm","floor":2,"turns":5},{"damage":2,"enemies":"Small Slimes","floor":3,"turns":5},{"damage":32,"enemies":"Gremlin Nob","floor":6,"turns":4},{"damage":3,"enemies":"3 Sentries","floor":8,"turns":9},{"damage":9,"enemies":"Red Slaver","floor":11,"turns":3},{"damage":9,"enemies":"Looter","floor":14,"turns":3},{"damage":51,"enemies":"The Guardian","floor":16,"turns":10},{"damage":0,"enemies":"Chosen","floor":18,"turns":5},{"damage":16,"enemies":"2 Thieves","floor":22,"turns":4},{"damage":34,"enemies":"Slavers","floor":23,"turns":5},{"damage":0,"enemies":"Snake Plant","floor":27,"turns":5},{"damage":45,"enemies":"Gremlin Leader","floor":30,"turns":3}],"seed_played":"4064683943396810718","potions_obtained":[{"floor":1,"key":"Strength Potion"},{"floor":2,"key":"Regen Potion"},{"floor":6,"key":"ElixirPotion"}],"is_trial":false,"path_per_floor":["M","M","M","?","?","E","R","E","T","$","M","?","R","M","R","B",null,"M","$","?","?","M","E","?","R","T","M","$","?","E"],"character_chosen":"IRONCLAD","items_purchased":["Disarm","Strength Potion","Fire Breathing","Dark Embrace"],"campfire_rested":0,"item_purchase_floors":[10,10,19,28],"current_hp_per_floor":[55,57,61,61,61,35,35,38,38,38,44,85,85,82,82,40,74,85,85,85,58,48,32,32,32,32,41,41,41,0,0],"gold":184,"neow_bonus":"TRANSFORM_TWO_CARDS","is_daily":false,"chose_seed":false,"campfire_upgraded":4,"win_rate":0.0,"timestamp":1611627771,"path_taken":["M","M","?","?","?","E","R","E","T","$","M","?","R","M","R","BOSS","M","$","?","?","M","E","?","R","T","M","$","?","E"],"items_purchased_type":["Card","Potion","Card","Card"],"build_version":"2020-12-22","purchased_purges":2,"victory":false,"max_hp_per_floor":[75,75,75,75,75,75,75,75,75,75,75,85,85,85,85,85,85,85,85,85,85,85,85,85,85,85,85,85,85,85,85],"card_choices":[{"not_picked":["Sever Soul","True Grit"],"picked":"Shrug It Off","floor":1},{"not_picked":["Warcry","Sentinel","Iron Wave"],"picked":"SKIP","floor":2},{"not_picked":["Intimidate","Thunderclap"],"picked":"Feel No Pain","floor":3},{"not_picked":["True Grit","Shrug It Off"],"picked":"Carnage","floor":6},{"not_picked":["Iron Wave","Pummel","Infernal Blade"],"picked":"SKIP","floor":8},{"not_picked":["Pummel","Pommel Strike"],"picked":"Reaper","floor":11},{"not_picked":["Twin Strike","Dual Wield","Sever Soul"],"picked":"SKIP","floor":14},{"not_picked":["Reaper","Feed"],"picked":"Corruption","floor":16},{"not_picked":["Dark Embrace","Sever Soul"],"picked":"Power Through","floor":18},{"not_picked":["Sever Soul","True Grit"],"picked":"Second Wind","floor":22},{"not_picked":["Iron Wave","Cleave+1"],"picked":"Entrench","floor":23},{"not_picked":["Rupture","Clothesline","Anger"],"picked":"SKIP","floor":27}],"player_experience":1383439,"relics_obtained":[{"floor":6,"key":"Juzu Bracelet"},{"floor":9,"key":"Art of War"},{"floor":23,"key":"Lantern"}],"event_choices":[{"damage_healed":0,"gold_gain":0,"player_choice":"Grow","damage_taken":0,"max_hp_gain":0,"max_hp_loss":0,"event_name":"Living Wall","floor":4,"gold_loss":0,"cards_upgraded":["Pommel Strike"]},{"cards_removed":["Strike_R"],"damage_healed":0,"gold_gain":0,"player_choice":"Purged","damage_taken":0,"max_hp_gain":0,"max_hp_loss":0,"event_name":"Purifier","floor":5,"gold_loss":0},{"cards_removed":["Limit Break"],"damage_healed":31,"gold_gain":0,"player_choice":"Offered Rare","damage_taken":0,"max_hp_gain":10,"max_hp_loss":0,"event_name":"Bonfire Elementals","floor":12,"gold_loss":0},{"damage_healed":0,"gold_gain":270,"player_choice":"GOLD GOLD GOLD ","damage_taken":27,"max_hp_gain":0,"max_hp_loss":0,"event_name":"Knowing Skull","floor":21,"potions_obtained":[],"gold_loss":0,"cards_obtained":[]},{"damage_healed":0,"gold_gain":0,"player_choice":"Ignored","damage_taken":0,"max_hp_gain":0,"max_hp_loss":0,"event_name":"The Mausoleum","floor":24,"gold_loss":0},{"damage_healed":0,"gold_gain":0,"player_choice":"Cursed","damage_taken":0,"max_hp_gain":0,"max_hp_loss":0,"event_name":"Wheel of Change","floor":29,"gold_loss":0,"cards_obtained":["Decay"]}],"is_beta":false,"boss_relics":[{"not_picked":["Astrolabe","Fusion Hammer"],"picked":"Sozu"}],"items_purged_floors":[10,28],"is_endless":false,"potions_floor_spawned":[1,2,6,18,23],"killed_by":"Gremlin Leader","ascension_level":20}}