{"host":"c52z9ixzgdjttcmx","time":1611701866,"event":{"mods":["BaseMod","Colored Powertips","Downfall","Filter the Spire","Minty Spire (QoL Compilation)","Rare Cards Sparkle","Relic Stats","StSLib"],"gold_per_floor":[99,99,99,99,157,157,157,190,208,223,239,249,249,269,279,279,279,279],"floor_reached":16,"language":"ENG","playtime":749,"items_purged":[],"score":102,"play_id":"95662272-d638-4e22-946a-fbfa2c946fca","local_time":"20210126165746","is_ascension_mode":false,"campfire_choices":[{"data":"champ:Execute","floor":1,"key":"SMITH"},{"floor":13,"key":"REST"}],"circlet_count":0,"master_deck":["champ:Strike","champ:Strike+1","champ:Strike","champ:Strike","champ:Defend","champ:Defend","champ:Defend+1","champ:Defend","champ:Execute+1","champ:Taunt","champ:StanceDance+1","downfall:Malfunctioning","champ:ShieldSlam","champ:BladeFlurry","champ:DancingMaster","champ:FalseCounter","champ:TornadoPunch","champ:TornadoPunch","champ:FlashCut","champ:CrownThrow","champ:EndlessRage"],"relics":["champ:ChampionCrown","downfall:HeartsMalice","Oddly Smooth Stone","StoneCalendar","Letter Opener"],"acts_visited":["Exordium"],"potions_floor_usage":[9,10,11,12,15],"damage_taken":[{"damage":0,"enemies":"Small Slimes","floor":2,"turns":1},{"damage":0,"enemies":"Lagavulin Event","floor":5,"turns":1},{"damage":0,"enemies":"Cultist","floor":6,"turns":1},{"damage":32,"enemies":"3 Sentries","floor":8,"turns":7},{"damage":16,"enemies":"2 Louse","floor":9,"turns":2},{"damage":44,"enemies":"Gremlin Gang","floor":10,"turns":6},{"damage":40,"enemies":"3 Louse","floor":11,"turns":3},{"damage":13,"enemies":"Blue Slaver","floor":12,"turns":3},{"damage":9,"enemies":"2 Fungi Beasts","floor":14,"turns":4},{"damage":5,"enemies":"Exordium Thugs","floor":15,"turns":2},{"damage":35,"enemies":"DF_ARCHETYPE_STREAMLINE","floor":16,"turns":4}],"seed_played":"8871725089722241777","potions_obtained":[{"floor":8,"key":"FearPotion"},{"floor":9,"key":"Dexterity Potion"},{"floor":10,"key":"AttackPotion"},{"floor":11,"key":"SkillPotion"},{"floor":14,"key":"DuplicationPotion"}],"is_trial":false,"path_per_floor":["R","M","?","?","?","M","T","E","M","M","M","M","R","M","M","B"],"character_chosen":"THE_CHAMP","items_purchased":[],"campfire_rested":1,"item_purchase_floors":[],"current_hp_per_floor":[90,90,90,100,100,100,100,88,82,48,23,10,40,31,31,0,0,0],"gold":279,"neow_bonus":"THREE_ENEMY_KILL","is_daily":false,"chose_seed":false,"campfire_upgraded":1,"win_rate":0.0,"timestamp":1611701866,"path_taken":["R","M","?","?","?","M","T","E","M","M","M","M","R","M","M","BOSS"],"items_purchased_type":[],"build_version":"2020-12-22","purchased_purges":0,"victory":false,"max_hp_per_floor":[90,90,90,100,100,100,100,100,100,100,100,100,100,100,100,100,100,100],"relic_stats":{"counters":[11,31],"StoneCalendar":[23],"Letter Opener":[20],"obtain_stats":[{"Oddly Smooth Stone":5,"champ:ChampionCrown":0,"downfall:HeartsMalice":0,"StoneCalendar":7,"Letter Opener":8},{"Oddly Smooth Stone":2,"champ:ChampionCrown":0,"downfall:HeartsMalice":0,"StoneCalendar":3,"Letter Opener":4},{"Oddly Smooth Stone":0,"champ:ChampionCrown":0,"downfall:HeartsMalice":0,"StoneCalendar":0,"Letter Opener":7}]},"card_choices":[{"not_picked":["champ:Backstep","champ:Haymaker"],"picked":"champ:StanceDance","floor":2},{"not_picked":["champ:SkillfulDodge","champ:ArenaPreparation"],"picked":"champ:ShieldSlam","floor":5},{"not_picked":["champ:StanceDance","champ:Haymaker"],"picked":"champ:BladeFlurry","floor":6},{"not_picked":["champ:HeavySlash","champ:TripleStrike"],"picked":"champ:DancingMaster","floor":8},{"not_picked":["champ:StanceDance","champ:GutPunch"],"picked":"champ:FalseCounter","floor":9},{"not_picked":["champ:Haymaker","champ:StrikeOfGenius"],"picked":"champ:TornadoPunch","floor":10},{"not_picked":["champ:BerserkerStyle","champ:FlashCut"],"picked":"champ:TornadoPunch","floor":11},{"not_picked":["champ:ViciousMockery","champ:ShieldSlam"],"picked":"champ:FlashCut","floor":12},{"not_picked":["champ:FalseCounter","champ:TornadoPunch"],"picked":"champ:CrownThrow","floor":14},{"not_picked":["champ:AdrenalArmor","champ:ShieldWall"],"picked":"champ:EndlessRage","floor":15}],"player_experience":3356585,"relics_obtained":[{"floor":5,"key":"Oddly Smooth Stone"},{"floor":7,"key":"StoneCalendar"},{"floor":8,"key":"Letter Opener"}],"event_choices":[],"is_beta":false,"boss_relics":[],"items_purged_floors":[],"is_endless":false,"potions_floor_spawned":[8,9,10,11,14],"killed_by":"DF_ARCHETYPE_STREAMLINE","ascension_level":0}}