{"host":"5zotnur7vyqtklfj","time":1611701744,"event":{"mods":["AchievementEnabler","BaseMod","Block Reminder","Colored Map","Colored Powertips","Downfall","Hubris","Infinite Spire","Jorbs\u0027s Wanderer Trilogy","Minty Spire (QoL Compilation)","Replay The Spire","StSLib"],"gold_per_floor":[99,109,127,127,127,127,141,152,152,171,187,187,222,222,239,239,259,271,271,271],"floor_reached":18,"language":"ENG","playtime":2115,"items_purged":[],"score":116,"play_id":"20ca3a11-c91a-41b2-b740-72559f78bb64","local_time":"20210126175544","is_ascension_mode":false,"campfire_choices":[{"data":"Guardian:CurlUp","floor":1.0,"key":"SMITH"},{"data":"Guardian:TwinSlam","floor":14,"key":"SMITH"}],"circlet_count":0,"master_deck":["Guardian:Strike_Guardian","Guardian:Strike_Guardian","Guardian:Strike_Guardian","Guardian:Strike_Guardian","Guardian:Defend_Guardian","Guardian:Defend_Guardian","Guardian:Defend_Guardian","Guardian:Defend_Guardian","Guardian:CurlUp+1","Guardian:TwinSlam+1","Guardian:ShieldCharger","Guardian:Harden","Guardian:RollAttack","Guardian:ShieldSpikes","Guardian:DonusPower","Guardian:ShieldSpikes","Guardian:SentryBeam"],"relics":["Guardian:ModeShifter","infinitespire:Midas Blood","StrikeDummy","infinitespire:ShieldingShard"],"acts_visited":["Exordium"],"potions_floor_usage":[13],"damage_taken":[{"damage":9.0,"enemies":"Cultist","floor":2.0,"turns":4.0},{"damage":2.0,"enemies":"Jaw Worm","floor":3.0,"turns":5.0},{"damage":0,"enemies":"2 Louse","floor":7,"turns":4},{"damage":15,"enemies":"Lots of Slimes","floor":8,"turns":8},{"damage":11,"enemies":"Exordium Wildlife","floor":10,"turns":9},{"damage":2,"enemies":"2 Fungi Beasts","floor":11,"turns":7},{"damage":11,"enemies":"3 Sentries","floor":13,"turns":13},{"damage":0,"enemies":"Large Slime","floor":15,"turns":4},{"damage":0,"enemies":"3 Louse","floor":17,"turns":3},{"damage":58,"enemies":"WA_ARCHETYPE_RETAIN","floor":18,"turns":16}],"seed_played":"-6214299991300077895","potions_obtained":[{"floor":2.0,"key":"Dexterity Potion"},{"floor":8,"key":"Guardian:BlockOnCardUsePotion"},{"floor":13,"key":"Doom Potion"},{"floor":15,"key":"LifebloodPotion"}],"is_trial":false,"path_per_floor":["R","M","M","PTL","PTL","?","M","M","T","M","M","T","E","R","M","?","M","B"],"character_chosen":"GUARDIAN","items_purchased":[],"campfire_rested":0,"item_purchase_floors":[],"current_hp_per_floor":[88,79,77,77,77,77,77,62,62,51,49,49,38,38,38,38,38,0,0,0],"gold":271,"neow_bonus":"TEN_PERCENT_HP_BONUS","is_daily":false,"chose_seed":false,"campfire_upgraded":2,"win_rate":0.0,"timestamp":1611701744,"path_taken":["R","M","M","PTL","PTL","?","M","M","T","M","M","?","E","R","?","?","M","BOSS"],"items_purchased_type":[],"build_version":"2020-12-22","purchased_purges":0,"victory":false,"max_hp_per_floor":[88,88,88,88,88,88,88,88,88,88,88,88,88,88,88,88,88,88,88,88],"card_choices":[{"not_picked":["Guardian:Suspension","Guardian:PiercingHide"],"picked":"Guardian:Gem_Purple","floor":2.0},{"not_picked":["Guardian:VentSteam","Guardian:Gem_Lightblue"],"picked":"Guardian:ShieldCharger","floor":3},{"not_picked":["Guardian:Gem_Lightblue","Guardian:Suspension"],"picked":"Guardian:Gem_Green","floor":7},{"not_picked":["Guardian:TimeCapacitor","Guardian:Gem_Yellow"],"picked":"Guardian:Harden","floor":8},{"not_picked":["Guardian:PrimingBeam","Guardian:Incinerate"],"picked":"Guardian:Gem_Red","floor":10},{"not_picked":["Guardian:Incinerate","Guardian:VentSteam"],"picked":"Guardian:RollAttack","floor":11},{"not_picked":["Guardian:AncientConstruct","Guardian:BronzeOrb"],"picked":"Guardian:ShieldSpikes","floor":13},{"not_picked":["Guardian:Gem_Lightblue","Guardian:TemporalShield"],"picked":"Guardian:DonusPower","floor":15},{"not_picked":["Guardian:Gem_Green","Guardian:Suspension"],"picked":"Guardian:SentryBeam","floor":17}],"player_experience":432150,"relics_obtained":[{"floor":9,"key":"infinitespire:Midas Blood"},{"floor":12,"key":"StrikeDummy"},{"floor":13,"key":"infinitespire:ShieldingShard"}],"event_choices":[],"is_beta":false,"boss_relics":[],"items_purged_floors":[],"is_endless":false,"potions_floor_spawned":[2,8,13,15],"killed_by":"WA_ARCHETYPE_RETAIN","ascension_level":0}}