{"host":"8anmd7ibyxevnonj","time":1611674019,"event":{"mods":["BaseMod","Curses Come First","Downfall","Marisa????????","Minty Spire (QoL Compilation)","StSLib","The Cursed","The Marked"],"gold_per_floor":[99,110,166,176,276,295,295,328,338,356,356,391,459,478,490,490,490,490],"floor_reached":16,"language":"ENG","playtime":809,"items_purged":[],"score":166,"play_id":"08bb6bdd-c40c-4a74-83e8-edbe718c0cca","local_time":"20210126161339","is_ascension_mode":false,"campfire_choices":[{"data":"bronze:Replicate","floor":1,"key":"SMITH"},{"data":"bronze:OilSpill","floor":11,"key":"SMITH"}],"circlet_count":0,"master_deck":["bronze:Strike","bronze:Strike","bronze:Strike","bronze:Strike","bronze:Defend","bronze:Defend","bronze:Defend","bronze:Defend","bronze:Replicate+1","bronze:Goto","bronze:OilSpill+1","bronze:Separator","bronze:WildBeam","bronze:ChosenStrike","bronze:Terminator","bronze:ForceShield","bronze:OilSpill","bronze:Optimize","bronze:OilSpill","bronze:Allocate","bronze:FineTuning"],"relics":["bronze:BronzeCore","Vajra","downfall:CloakOfManyFaces","CultistMask","FaceOfCleric","NlothsMask","GremlinMask","SsserpentHead","Oddly Smooth Stone","Sundial"],"acts_visited":["Exordium"],"potions_floor_usage":[3,5,8,13],"damage_taken":[{"damage":3,"enemies":"Jaw Worm","floor":2,"turns":3},{"damage":0,"enemies":"Gremlin Nob","floor":3,"turns":2},{"damage":0,"enemies":"Cultist","floor":4,"turns":1},{"damage":12,"enemies":"downfall:FaceTrader","floor":5,"turns":6},{"damage":2,"enemies":"2 Louse","floor":6,"turns":2},{"damage":0,"enemies":"Gremlin Nob","floor":8,"turns":2},{"damage":0,"enemies":"Blue Slaver","floor":9,"turns":2},{"damage":0,"enemies":"3 Louse","floor":10,"turns":3},{"damage":18,"enemies":"3 Sentries","floor":12,"turns":5},{"damage":1,"enemies":"Lots of Slimes","floor":13,"turns":3},{"damage":4,"enemies":"Exordium Thugs","floor":14,"turns":3},{"damage":17,"enemies":"3 Louse","floor":15,"turns":4},{"damage":47,"enemies":"WA_ARCHETYPE_RETAIN","floor":16,"turns":4}],"seed_played":"6777149601064377715","potions_obtained":[{"floor":2,"key":"AttackPotion"},{"floor":4,"key":"Dexterity Potion"},{"floor":6,"key":"Explosive Potion"},{"floor":12,"key":"Block Potion"},{"floor":13,"key":"Explosive Potion"},{"floor":14,"key":"SteroidPotion"}],"is_trial":false,"path_per_floor":["R","M","?","M","?","M","T","E","M","M","R","E","M","M","M","B"],"character_chosen":"THE_AUTOMATON","items_purchased":[],"campfire_rested":0,"item_purchase_floors":[],"current_hp_per_floor":[77,74,74,74,62,61,61,62,63,64,64,47,47,44,28,0,0,0],"gold":490,"neow_bonus":"TEN_PERCENT_HP_BONUS","is_daily":false,"chose_seed":false,"campfire_upgraded":2,"win_rate":0.0,"timestamp":1611674019,"path_taken":["R","M","?","M","?","M","T","E","M","M","R","E","?","M","M","BOSS"],"items_purchased_type":[],"build_version":"2020-12-13","purchased_purges":0,"victory":false,"max_hp_per_floor":[77,77,77,77,77,78,78,79,80,81,81,82,83,84,85,85,85,85],"card_choices":[{"not_picked":["bronze:Branch","bronze:FineTuning"],"picked":"bronze:OilSpill","floor":2},{"not_picked":["bronze:Safeguard","bronze:Shield"],"picked":"bronze:Separator","floor":3},{"not_picked":["bronze:ForLoop","bronze:BitShift"],"picked":"bronze:WildBeam","floor":4},{"not_picked":["bronze:FineTuning","bronze:Overload"],"picked":"bronze:ChosenStrike","floor":6},{"not_picked":["bronze:DarkDash","bronze:Iterate"],"picked":"bronze:Terminator","floor":8},{"not_picked":["bronze:Shield","bronze:Overheat"],"picked":"bronze:ForceShield","floor":9},{"not_picked":["bronze:Overload","bronze:CloningBeam"],"picked":"bronze:OilSpill","floor":10},{"not_picked":["bronze:ItsAFeature","bronze:ShipIt"],"picked":"bronze:Optimize","floor":12},{"not_picked":["bronze:BitShift","bronze:DigitalCarnage"],"picked":"bronze:OilSpill","floor":13},{"not_picked":["bronze:Overload","bronze:DigitalCarnage"],"picked":"bronze:Allocate","floor":14},{"not_picked":["bronze:BronzeOrb","bronze:Turbo"],"picked":"bronze:FineTuning","floor":15}],"player_experience":57644,"relics_obtained":[{"floor":5,"key":"downfall:CloakOfManyFaces"},{"floor":8,"key":"Oddly Smooth Stone"},{"floor":12,"key":"Sundial"}],"event_choices":[],"is_beta":false,"boss_relics":[],"items_purged_floors":[],"is_endless":false,"potions_floor_spawned":[2,4,6,12,13,14],"killed_by":"WA_ARCHETYPE_RETAIN","ascension_level":0}}