{"host":"ds28d883r3sz42zs","time":1611664869,"event":{"mods":["2.2 Compatiblity","AchievementEnabler","Act Like it!","BaseMod","Bestiary","Better Match","Better Sensory Stone","Better Third Choice","Better-Laid Plans","BetterRewards","Block Reminder","Challenge The Spire","Colored Map","Colored Powertips","DeckTracker","Defuse TimeMaze Blight","Disable Question Mark Monsters","Displayed Cursed Tome","Emptier Cage","GifTheSpireLib","Gold Saver","Hallownest","Infinite Spire","Minty Spire (QoL Compilation)","Permanent Neow","Practice Mode","Quick Restart","Random Character Button","Rare Cards Sparkle","Relic Filter","Relic Sorter","Relic Stats","Reliquary","SacredBarkPlus","Shop Mod","Spire Arcade","StSLib","SuperFastMode","The Bug Knight","Uncapped","Unknown Chances","Wide Potions"],"gold_per_floor":[1254,1268,1268,1292,1311,1311,798,839,894,405,405,370,370,413,413,547,547,563,24,69,101,110,110,35,35,81,104,149,149,164,216,216,346,346,362,386,459,475,499,499,522,522,522,575,575,575,610,610,610,610,610,610,82,124,124],"floor_reached":56,"language":"ENG","playtime":1898,"items_purged":["Strike_G"],"score":2178,"play_id":"49a8135b-298d-4708-8ff4-5dc5269b0cb6","local_time":"20210126074109","is_ascension_mode":true,"campfire_choices":[{"data":"Neutralize","floor":6,"key":"SMITH"},{"data":"infinitespire:TheBestDefense","floor":13,"key":"SMITH"},{"data":"A Thousand Cuts","floor":15,"key":"SMITH"},{"data":"Well Laid Plans","floor":23,"key":"SMITH"},{"data":"Blade Dance","floor":25,"key":"SMITH"},{"data":"1","floor":32,"key":"LIFT"},{"data":"2","floor":40,"key":"LIFT"},{"data":"3","floor":42,"key":"LIFT"},{"floor":45,"key":"DIG"},{"floor":49,"key":"RECALL"},{"floor":52,"key":"DIG"}],"circlet_count":0,"master_deck":["Defend_G","Defend_G","Defend_G","Defend_G","Defend_G","Survivor","Neutralize+1","Poisoned Stab","Blade Dance+1","Deadly Poison","Leg Sweep","infinitespire:TheBestDefense+1","A Thousand Cuts+1","Noxious Fumes","Endless Agony","Corpse Explosion","Well Laid Plans+1","Flash of Steel","Ghostly","Ghostly","Ghostly","Ghostly","Ghostly","Slice+1","After Image","Riddle With Holes+1","Dash+1","Bullet Time","Blade Dance+1","Backflip","Blade Dance+1","infinitespire:TheBestDefense+1","Cloak And Dagger+1"],"relics":["Ring of the Snake","infinitespire:PuzzleCube","Golden Idol","reliquary:PartyBalloon","reliquary:PorcupineQuills","Ornamental Fan","CeramicFish","HornCleat","infinitespire:Lychee Nut","Empty Cage","Letter Opener","ClockworkSouvenir","Lantern","Girya","Enchiridion","Regal Pillow","Coffee Dripper","Shovel","reliquary:TuningFork","infinitespire:Beetle Shell","Unceasing Top","reliquary:HotPoker","Ornamental Fan","DollysMirror","Vajra","Toy Ornithopter"],"acts_visited":["Exordium","TheCity","TheBeyond","TheEnding"],"potions_floor_usage":[55,55],"damage_taken":[{"damage":0,"enemies":"Small Slimes","floor":1,"turns":3},{"damage":0,"enemies":"2 Louse","floor":2,"turns":2},{"damage":0,"enemies":"Jaw Worm","floor":4,"turns":3},{"damage":4,"enemies":"3 Louse","floor":5,"turns":4},{"damage":17,"enemies":"3 Sentries","floor":8,"turns":9},{"damage":1,"enemies":"Gremlin Nob","floor":14,"turns":4},{"damage":0,"enemies":"Hexaghost","floor":16,"turns":7},{"damage":0,"enemies":"Spheric Guardian","floor":18,"turns":1},{"damage":1,"enemies":"Shell Parasite","floor":21,"turns":3},{"damage":0,"enemies":"Snecko","floor":27,"turns":6},{"damage":2,"enemies":"Slavers","floor":28,"turns":3},{"damage":0,"enemies":"Snake Plant","floor":30,"turns":4},{"damage":0,"enemies":"Gremlin Leader","floor":31,"turns":5},{"damage":0,"enemies":"Automaton","floor":33,"turns":6},{"damage":0,"enemies":"Orb Walker","floor":35,"turns":3},{"damage":0,"enemies":"3 Darklings","floor":36,"turns":4},{"damage":1,"enemies":"2 Orb Walkers","floor":37,"turns":4},{"damage":0,"enemies":"Spire Growth","floor":38,"turns":5},{"damage":0,"enemies":"Writhing Mass","floor":39,"turns":4},{"damage":0,"enemies":"Maw","floor":41,"turns":5},{"damage":0,"enemies":"Nightmare","floor":44,"turns":8},{"damage":0,"enemies":"Nemesis","floor":47,"turns":5},{"damage":0,"enemies":"Time Eater","floor":50,"turns":6},{"damage":6,"enemies":"Shield and Spear","floor":54,"turns":3},{"damage":20,"enemies":"The Heart","floor":55,"turns":6}],"seed_played":"-8630685224176105501","potions_obtained":[{"floor":1,"key":"Ancient Potion"},{"floor":2,"key":"Swift Potion"},{"floor":8,"key":"DistilledChaos"},{"floor":14,"key":"Strength Potion"},{"floor":31,"key":"BlessingOfTheForge"},{"floor":38,"key":"GamblersBrew"}],"is_trial":false,"path_per_floor":["M","M","?","M","M","R","?","E","T","$","?","?","R","E","R","B",null,"M","$","?","M","?","R","?","R","T","M","E","?","M","E","R","B",null,"M","M","?","M","M","R","M","R","T","NM","R","?","E","?","R","B",null,"R","$","E","B",null],"character_chosen":"THE_SILENT","items_purchased":["Ornamental Fan","FairyPotion","Noxious Fumes","Letter Opener","Well Laid Plans","ClockworkSouvenir","Flash of Steel","reliquary:SculptingSteel","DollysMirror","Vajra"],"campfire_rested":0,"item_purchase_floors":[10,10,10,19,19,19,19,53,53,53],"current_hp_per_floor":[63,63,46,46,42,42,42,25,25,25,4,21,21,20,20,26,46,46,46,26,26,26,26,26,26,26,26,25,9,15,21,21,26,26,26,26,25,26,26,26,26,26,26,26,26,25,25,25,25,25,25,25,25,21,9],"gold":124,"neow_bonus":"RANDOM_COMMON_RELIC","is_daily":false,"chose_seed":false,"campfire_upgraded":5,"win_rate":0.0,"timestamp":1611664869,"path_taken":["M","M","?","M","M","R","?","E","T","$","?","?","R","E","R","BOSS","M","$","?","M","?","R","?","R","T","M","E","?","?","E","R","BOSS","M","M","?","M","M","R","M","R","T","NM","R","?","E","?","R","BOSS","R","$","E","BOSS"],"items_purchased_type":["Relic","Potion","Card","Relic","Card","Relic","Card","Relic","Relic","Relic"],"build_version":"2020-12-22","purchased_purges":1,"victory":true,"max_hp_per_floor":[70,70,70,70,70,70,70,70,70,70,70,70,70,52,52,52,52,52,52,26,26,26,26,26,26,26,26,26,26,26,26,26,26,26,26,26,26,26,26,26,26,26,26,26,26,25,25,25,25,25,25,25,25,25,25],"relic_stats":{"Regal Pillow":0,"Shovel":2,"counters":[25,113],"Golden Idol":209,"Ornamental Fan":[196],"CeramicFish":171,"Letter Opener":[190],"obtain_stats":[{"Lantern":26,"Regal Pillow":31,"reliquary:PartyBalloon":8,"CeramicFish":11,"Enchiridion":29,"Vajra":53,"Empty Cage":17,"ClockworkSouvenir":19,"reliquary:HotPoker":52,"HornCleat":11,"Shovel":37,"DollysMirror":53,"Ring of the Snake":0,"Girya":28,"Golden Idol":3,"infinitespire:Beetle Shell":45,"Letter Opener":19,"reliquary:PorcupineQuills":9,"Ornamental Fan":10,"infinitespire:Lychee Nut":14,"reliquary:SculptingSteel":53,"Coffee Dripper":34,"reliquary:TuningFork":44,"infinitespire:PuzzleCube":0,"Unceasing Top":47,"Toy Ornithopter":54},{"Lantern":9,"Regal Pillow":13,"reliquary:PartyBalloon":5,"CeramicFish":5,"Enchiridion":11,"Vajra":23,"Empty Cage":7,"ClockworkSouvenir":8,"reliquary:HotPoker":23,"HornCleat":5,"Shovel":17,"DollysMirror":23,"Ring of the Snake":0,"Girya":11,"Golden Idol":2,"infinitespire:Beetle Shell":21,"Letter Opener":8,"reliquary:PorcupineQuills":5,"Ornamental Fan":5,"infinitespire:Lychee Nut":6,"reliquary:SculptingSteel":23,"Coffee Dripper":14,"reliquary:TuningFork":21,"infinitespire:PuzzleCube":0,"Unceasing Top":22,"Toy Ornithopter":24},{"Lantern":36,"Regal Pillow":54,"reliquary:PartyBalloon":21,"CeramicFish":21,"Enchiridion":45,"Vajra":104,"Empty Cage":32,"ClockworkSouvenir":33,"reliquary:HotPoker":104,"HornCleat":21,"Shovel":71,"DollysMirror":104,"Ring of the Snake":0,"Girya":45,"Golden Idol":5,"infinitespire:Beetle Shell":93,"Letter Opener":33,"reliquary:PorcupineQuills":21,"Ornamental Fan":21,"infinitespire:Lychee Nut":25,"reliquary:SculptingSteel":104,"Coffee Dripper":60,"reliquary:TuningFork":93,"infinitespire:PuzzleCube":0,"Unceasing Top":98,"Toy Ornithopter":107}],"Unceasing Top":[3],"Toy Ornithopter":0,"Ring of the Snake":[52]},"card_choices":[{"not_picked":["Sucker Punch","Riddle With Holes"],"picked":"Poisoned Stab","floor":1},{"not_picked":["Flechettes","Outmaneuver"],"picked":"Blade Dance","floor":2},{"not_picked":["All Out Attack","Distraction"],"picked":"Deadly Poison","floor":4},{"not_picked":["Slice","Acrobatics"],"picked":"Leg Sweep","floor":5},{"not_picked":["infinitespire:Fortify","infinitespire:Collect"],"picked":"infinitespire:TheBestDefense","floor":7},{"not_picked":["Skewer","Deadly Poison"],"picked":"A Thousand Cuts","floor":8},{"not_picked":["Terror","Finisher"],"picked":"Endless Agony","floor":14},{"not_picked":["infinitespire:Neurotoxin","Bullet Time"],"picked":"Corpse Explosion","floor":16},{"not_picked":["Flying Knee","Bane","Prepared"],"picked":"SKIP","floor":18},{"not_picked":["Bane","PiercingWail"],"picked":"Slice+1","floor":21},{"not_picked":["Concentrate","Cloak And Dagger","Dagger Spray"],"picked":"SKIP","floor":27},{"not_picked":["Prepared","Bane"],"picked":"Riddle With Holes+1","floor":28},{"not_picked":["Riddle With Holes","Backstab","Distraction"],"picked":"SKIP","floor":30},{"not_picked":["Crippling Poison+1","Skewer"],"picked":"Dash+1","floor":31},{"not_picked":["Venomology","Phantasmal Killer"],"picked":"Bullet Time","floor":33},{"not_picked":["Prepared","Deadly Poison+1","Outmaneuver+1"],"picked":"SKIP","floor":35},{"not_picked":["Accuracy","Slice+1","Escape Plan"],"picked":"SKIP","floor":36},{"not_picked":["Flying Knee+1","Deadly Poison+1"],"picked":"Blade Dance+1","floor":37},{"not_picked":["Caltrops","Distraction+1","Slice"],"picked":"SKIP","floor":38},{"not_picked":["PiercingWail","Deadly Poison+1"],"picked":"Backflip","floor":39},{"not_picked":["Setup","Underhanded Strike","Flying Knee"],"picked":"SKIP","floor":41},{"not_picked":["Setup","Cloak And Dagger"],"picked":"Blade Dance+1","floor":44},{"not_picked":["Tactician","Accuracy","Predator"],"picked":"SKIP","floor":47},{"not_picked":["Blade Dance","Riddle With Holes"],"picked":"Cloak And Dagger+1","floor":54}],"player_experience":770802,"relics_obtained":[{"floor":8,"key":"reliquary:PartyBalloon"},{"floor":9,"key":"reliquary:PorcupineQuills"},{"floor":14,"key":"infinitespire:Lychee Nut"},{"floor":26,"key":"Lantern"},{"floor":28,"key":"Girya"},{"floor":31,"key":"Regal Pillow"},{"floor":37,"key":"Shovel"},{"floor":44,"key":"reliquary:TuningFork"},{"floor":45,"key":"infinitespire:Beetle Shell"},{"floor":47,"key":"Unceasing Top"},{"floor":52,"key":"reliquary:HotPoker"},{"floor":54,"key":"Toy Ornithopter"}],"event_choices":[{"damage_healed":0,"gold_gain":0,"player_choice":"Take Damage","damage_taken":17,"relics_obtained":["Golden Idol"],"max_hp_gain":0,"max_hp_loss":0,"event_name":"Golden Idol","floor":3,"gold_loss":0},{"damage_healed":0,"gold_gain":1,"player_choice":"Relic Relic ","damage_taken":48,"max_hp_gain":0,"max_hp_loss":0,"event_name":"betterThird:BetterScrap","floor":11,"gold_loss":0,"cards_obtained":["Uppercut"]},{"damage_healed":17,"gold_gain":0,"player_choice":"Healed","damage_taken":0,"max_hp_gain":0,"max_hp_loss":0,"event_name":"The Cleric","floor":12,"gold_loss":35},{"damage_healed":0,"gold_gain":0,"player_choice":"Became a Ghost","damage_taken":0,"max_hp_gain":0,"max_hp_loss":26,"event_name":"Ghosts","floor":20,"gold_loss":0,"cards_obtained":["Ghostly","Ghostly","Ghostly","Ghostly","Ghostly"]},{"damage_healed":0,"gold_gain":0,"player_choice":"Read","damage_taken":0,"max_hp_gain":0,"max_hp_loss":0,"event_name":"The Library","floor":22,"gold_loss":0,"cards_obtained":["After Image"]},{"cards_removed":["Strike_G"],"damage_healed":0,"gold_gain":0,"player_choice":"Gave Gold","damage_taken":0,"max_hp_gain":0,"max_hp_loss":0,"event_name":"Beggar","floor":24,"gold_loss":75},{"damage_healed":0,"gold_gain":0,"player_choice":"Obtained Book","damage_taken":16,"max_hp_gain":0,"max_hp_loss":0,"event_name":"Cursed Tome","floor":29,"gold_loss":0},{"damage_healed":0,"gold_gain":0,"player_choice":"Fight","damage_taken":0,"max_hp_gain":0,"max_hp_loss":0,"event_name":"Mysterious Sphere","floor":37,"gold_loss":0},{"damage_healed":0,"gold_gain":0,"player_choice":"Max HP","damage_taken":0,"max_hp_gain":0,"max_hp_loss":1,"event_name":"Winding Halls","floor":46,"gold_loss":0}],"is_beta":false,"boss_relics":[{"not_picked":["WristBlade","SlaversCollar"],"picked":"Empty Cage"},{"not_picked":["Tiny House","reliquary:Ember"],"picked":"Coffee Dripper"}],"items_purged_floors":[10],"is_endless":false,"potions_floor_spawned":[1,2,8,14,21,28,31,33,36,38,44,47],"ascension_level":9}}