{"host":"j9ki0s1dicmcfq9y","time":1611692307,"event":{"mods":["BaseMod","KinomotoSakuraMod(????)","Minty Spire (QoL Compilation)","StSLib"],"gold_per_floor":[117,135,85,85,160,186,186,186,209,209,540,540,557,94,94,189,189,205,225,237,162,162,162,176,20,20,20,45,61,92,110,110,207,207,222,240,251,264,119,152,172,172,197,258,258,302,302,321,321,321,321,321,72,104,104],"floor_reached":56,"language":"ENG","playtime":7369,"items_purged":["ClowCardTheRain","ClowCardTheShield"],"score":1330,"play_id":"3327d96c-fde9-435e-95d8-bec7f893d994","local_time":"20210126151827","is_ascension_mode":false,"campfire_choices":[{"data":"ClowCardTheBig","floor":7,"key":"SMITH"},{"data":"SpellCardSeal","floor":10,"key":"SMITH"},{"data":"ClowCardTheRain","floor":12,"key":"SMITH"},{"floor":15,"key":"REST"},{"floor":23,"key":"RECALL"},{"data":"ClowCardTheSand","floor":27,"key":"SMITH"},{"data":"ClowCardTheSword","floor":32,"key":"SMITH"},{"data":"ClowCardTheDash","floor":42,"key":"SMITH"},{"data":"ClowCardTheGlow","floor":49,"key":"SMITH"},{"data":"ClowCardTheShield","floor":52,"key":"SMITH"}],"circlet_count":0,"master_deck":["SakuraCardTheBubbles+","SakuraCardTheJump+","SakuraCardTheMove+","ClowCardTheSword+1","ClowCardTheShield+1","ClowCardTheShield","SpellCardSeal+1","SpellCardRelease","ClowCardTheRain+1","ClowCardTheBig+1","ClowCardTheRain+1","ClowCardTheSand+1","ClowCardTheDash+1","ClowCardTheFlower+1","ClowCardTheGlow+1","ClowCardTheIllusion+1","ClowCardTheGlow+1","ClowCardTheArrow+1","ClowCardTheThrough"],"relics":["KSMOD_SealedBook","KSMOD_StarWand","PreservedInsect","Dead Branch","KSMOD_Cerberus","Old Coin","DollysMirror","Anchor","Sozu","KSMOD_TouyasBicycle","Incense Burner","Centennial Puzzle","Sundial","Bottled Lightning","KSMOD_TaoistSuit","HandDrill","CeramicFish","Potion Belt","Pocketwatch","Eternal Feather","Orichalcum","Torii"],"acts_visited":["Exordium","TheCity","TheBeyond","TheEnding"],"potions_floor_usage":[],"damage_taken":[{"damage":3,"enemies":"Cultist","floor":1,"turns":5},{"damage":0,"enemies":"2 Louse","floor":2,"turns":3},{"damage":4,"enemies":"3 Sentries","floor":6,"turns":6},{"damage":22,"enemies":"Gremlin Nob","floor":11,"turns":4},{"damage":1,"enemies":"Small Slimes","floor":13,"turns":3},{"damage":14,"enemies":"Hexaghost","floor":16,"turns":5},{"damage":0,"enemies":"Chosen","floor":18,"turns":3},{"damage":0,"enemies":"Shell Parasite","floor":19,"turns":2},{"damage":0,"enemies":"Cultist and Chosen","floor":20,"turns":2},{"damage":0,"enemies":"Chosen and Byrds","floor":24,"turns":5},{"damage":15,"enemies":"Slavers","floor":28,"turns":4},{"damage":0,"enemies":"Centurion and Healer","floor":29,"turns":4},{"damage":2,"enemies":"Gremlin Leader","floor":30,"turns":6},{"damage":14,"enemies":"Snake Plant","floor":31,"turns":4},{"damage":0,"enemies":"Automaton","floor":33,"turns":7},{"damage":9,"enemies":"3 Darklings","floor":35,"turns":4},{"damage":0,"enemies":"Orb Walker","floor":36,"turns":2},{"damage":0,"enemies":"4 Shapes","floor":37,"turns":2},{"damage":0,"enemies":"Sphere and 2 Shapes","floor":38,"turns":4},{"damage":0,"enemies":"Nemesis","floor":40,"turns":4},{"damage":0,"enemies":"3 Darklings","floor":41,"turns":3},{"damage":5,"enemies":"2 Orb Walkers","floor":44,"turns":4},{"damage":2,"enemies":"Giant Head","floor":46,"turns":5},{"damage":0,"enemies":"Transient","floor":48,"turns":5},{"damage":10,"enemies":"Awakened One","floor":50,"turns":8},{"damage":0,"enemies":"Shield and Spear","floor":54,"turns":3},{"damage":43,"enemies":"The Heart","floor":55,"turns":6}],"seed_played":"-2711910238508687770","potions_obtained":[{"floor":2,"key":"FairyPotion"}],"is_trial":false,"path_per_floor":["M","M","?","?","?","E","R","?","T","R","E","R","M","$","R","B",null,"M","M","M","?","?","R","M","$","T","R","E","M","E","M","R","B",null,"M","M","M","M","$","E","M","R","T","?","?","E","?","M","R","B",null,"R","$","E","B",null],"character_chosen":"KINOMOTOSAKURA","items_purchased":["DollysMirror","ClowCardTheMove","ClowCardTheSand","Anchor","KSMOD_TouyasBicycle","HandDrill","Orichalcum"],"campfire_rested":1,"item_purchase_floors":[14,14,14,14,25,39,53],"current_hp_per_floor":[67,67,67,64,53,49,49,49,49,49,27,27,26,26,47,47,70,70,70,70,70,70,70,70,70,70,70,70,70,68,56,56,56,70,61,61,66,66,66,70,70,70,70,65,65,63,63,68,70,65,70,70,70,70,27],"gold":104,"neow_bonus":"RANDOM_COMMON_RELIC","is_daily":false,"chose_seed":false,"campfire_upgraded":8,"win_rate":0.0,"timestamp":1611692307,"path_taken":["M","M","?","?","?","E","R","?","T","R","E","R","?","$","R","BOSS","M","M","?","?","?","R","?","$","T","R","E","M","E","M","R","BOSS","M","M","M","M","$","E","M","R","T","?","?","E","?","M","R","BOSS","R","$","E","BOSS"],"items_purchased_type":["Relic","Card","Card","Relic","Relic","Relic","Relic"],"build_version":"2020-12-22","purchased_purges":2,"victory":true,"max_hp_per_floor":[70,70,70,70,70,70,70,70,70,70,70,70,70,70,70,70,70,70,70,70,70,70,70,70,70,70,70,70,70,70,70,70,70,70,70,70,70,70,70,70,70,70,70,70,70,70,70,70,70,70,70,70,70,70,70],"card_choices":[{"not_picked":["ClowCardTheArrow","ClowCardTheMist"],"picked":"ClowCardTheRain","floor":1},{"not_picked":["ClowCardTheWood","ClowCardTheChange","ClowCardTheDream"],"picked":"SKIP","floor":2},{"not_picked":["ClowCardTheMist","ClowCardThePower"],"picked":"ClowCardTheBig","floor":6},{"not_picked":["ClowCardTheShot","ClowCardTheArrow"],"picked":"ClowCardTheJump","floor":11},{"not_picked":["ClowCardTheErase","ClowCardTheIllusion","ClowCardTheLibra"],"picked":"SKIP","floor":13},{"not_picked":["ClowCardTheTwin","ClowCardTheTime"],"picked":"ClowCardTheDash","floor":16},{"not_picked":["ClowCardTheShadow","ClowCardTheMaze"],"picked":"ClowCardTheFlower+1","floor":18},{"not_picked":["ClowCardTheLibra","ClowCardTheArrow","ClowCardTheErase"],"picked":"SKIP","floor":19},{"not_picked":["ClowCardTheArrow","ClowCardTheErase","ClowCardTheBig"],"picked":"SKIP","floor":20},{"not_picked":["ClowCardTheSnow","ClowCardTheSong","ClowCardTheShadow"],"picked":"SKIP","floor":24},{"not_picked":["ClowCardTheLoop+1","ClowCardTheTime"],"picked":"ClowCardTheBubbles","floor":28},{"not_picked":["ClowCardTheCloud","ClowCardTheMirror","ClowCardTheIllusion"],"picked":"SKIP","floor":29},{"not_picked":["ClowCardTheBubbles+1","ClowCardTheEarthy"],"picked":"ClowCardTheCreate","floor":30},{"not_picked":["ClowCardTheShot","ClowCardTheShadow"],"picked":"ClowCardTheGlow+1","floor":31},{"not_picked":["ClowCardTheThunder","ClowCardTheReturn"],"picked":"ClowCardTheCreate","floor":33},{"not_picked":["ClowCardTheMove+1","ClowCardTheGlow"],"picked":"ClowCardTheIllusion+1","floor":35},{"not_picked":["ClowCardTheGlow+1","ClowCardTheShadow+1","ClowCardTheJump+1"],"picked":"SKIP","floor":36},{"not_picked":["ClowCardTheShot","ClowCardTheIllusion","ClowCardTheMirror"],"picked":"SKIP","floor":37},{"not_picked":["ClowCardTheRain","ClowCardTheSand"],"picked":"ClowCardTheGlow","floor":38},{"not_picked":["ClowCardTheFloat","ClowCardTheGlow","ClowCardTheCloud+1"],"picked":"SKIP","floor":40},{"not_picked":["ClowCardTheCloud+1","ClowCardTheEarthy+1","ClowCardTheVoice"],"picked":"SKIP","floor":41},{"not_picked":["ClowCardTheReturn","ClowCardTheLock"],"picked":"ClowCardTheArrow+1","floor":44},{"not_picked":["ClowCardTheErase","ClowCardTheIllusion+1"],"picked":"ClowCardTheThrough","floor":46},{"not_picked":["ClowCardTheShadow+1","ClowCardTheFreeze+1","ClowCardTheWood"],"picked":"SKIP","floor":48},{"not_picked":["ClowCardTheLittle","ClowCardTheSnow","ClowCardTheLibra"],"picked":"SKIP","floor":54}],"player_experience":646543,"relics_obtained":[{"floor":6,"key":"KSMOD_Cerberus"},{"floor":11,"key":"Old Coin"},{"floor":26,"key":"Incense Burner"},{"floor":28,"key":"Centennial Puzzle"},{"floor":30,"key":"Sundial"},{"floor":31,"key":"Bottled Lightning"},{"floor":35,"key":"KSMOD_TaoistSuit"},{"floor":40,"key":"CeramicFish"},{"floor":43,"key":"Potion Belt"},{"floor":44,"key":"Pocketwatch"},{"floor":46,"key":"Eternal Feather"},{"floor":54,"key":"Torii"}],"event_choices":[{"cards_removed":["ClowCardTheSword"],"damage_healed":0,"gold_gain":0,"player_choice":"Card Removal","damage_taken":0,"max_hp_gain":0,"max_hp_loss":0,"event_name":"The Cleric","floor":3,"gold_loss":50},{"damage_healed":0,"gold_gain":0,"player_choice":"Success","damage_taken":3,"relics_obtained":["Dead Branch"],"max_hp_gain":0,"max_hp_loss":0,"event_name":"Scrap Ooze","floor":4,"gold_loss":0},{"damage_healed":0,"gold_gain":75,"player_choice":"Gather Gold","damage_taken":11,"max_hp_gain":0,"max_hp_loss":0,"event_name":"World of Goop","floor":5,"gold_loss":0},{"damage_healed":0,"gold_gain":0,"cards_transformed":["ClowCardTheShield"],"player_choice":"Transformed","damage_taken":0,"max_hp_gain":0,"max_hp_loss":0,"event_name":"Transmorgrifier","floor":8,"gold_loss":0,"cards_obtained":["ClowCardTheRain"]},{"cards_removed":["ClowCardTheSword"],"damage_healed":0,"gold_gain":0,"player_choice":"Gave Gold","damage_taken":0,"max_hp_gain":0,"max_hp_loss":0,"event_name":"Beggar","floor":21,"gold_loss":75},{"cards_removed":["ClowCardTheSword"],"damage_healed":0,"gold_gain":0,"player_choice":"Purged","damage_taken":0,"max_hp_gain":0,"max_hp_loss":0,"event_name":"Purifier","floor":22,"gold_loss":0},{"damage_healed":0,"gold_gain":0,"player_choice":"Fight","damage_taken":0,"max_hp_gain":0,"max_hp_loss":0,"event_name":"Mysterious Sphere","floor":44,"gold_loss":0},{"damage_healed":0,"gold_gain":0,"player_choice":"Ignored","damage_taken":0,"max_hp_gain":0,"max_hp_loss":0,"event_name":"Tomb of Lord Red Mask","floor":45,"gold_loss":0},{"damage_healed":0,"gold_gain":0,"player_choice":"Memory 1","damage_taken":0,"max_hp_gain":0,"max_hp_loss":0,"event_name":"SensoryStone","floor":47,"gold_loss":0}],"is_beta":false,"boss_relics":[{"not_picked":["Busted Crown","Runic Dome"],"picked":"Sozu"},{"not_picked":["SlaversCollar","Tiny House"],"picked":"KSMOD_StarWand"}],"items_purged_floors":[14,53],"is_endless":false,"potions_floor_spawned":[2,19,20,30,31,40,41,44],"ascension_level":0}}