{"host":"aw5aop3hbkunav4s","time":1611641736,"event":{"mods":["2.2 Compatiblity","AchievementEnabler","BaseMod","Colored Map","Curses Come First","Minty Spire (QoL Compilation)","Relic Stats","StSLib","Synergy Search"],"gold_per_floor":[118,137,149,22,40,68,68,86,111,111,139,156,156,181,181,283,283,298,318,91,107,123,123,123],"floor_reached":23,"language":"ENG","playtime":4858,"items_purged":["Strike_R","Strike_R"],"score":312,"play_id":"7b62f111-2b5e-4c17-9d5f-c1f123e669c9","local_time":"20210126011536","is_ascension_mode":true,"campfire_choices":[{"data":"Bash","floor":7,"key":"SMITH"},{"data":"Flame Barrier","floor":10,"key":"SMITH"},{"floor":13,"key":"REST"},{"data":"Juggernaut","floor":15,"key":"SMITH"}],"circlet_count":0,"master_deck":["Strike_R","Strike_R","Strike_R","Defend_R","Defend_R","Defend_R","Defend_R","Bash+1","Pommel Strike","Cleave","Twin Strike","Combust","Flame Barrier+1","Intimidate","Juggernaut+1","True Grit","Uppercut","Metallicize","Burning Pact"],"relics":["Velvet Choker","Nunchaku","Bronze Scales","Happy Flower","Dream Catcher","Black Star"],"acts_visited":["Exordium","TheCity"],"potions_floor_usage":[6,8,16,18,22,23,23,23],"damage_taken":[{"damage":0,"enemies":"Small Slimes","floor":1,"turns":3},{"damage":0,"enemies":"2 Louse","floor":2,"turns":3},{"damage":7,"enemies":"Jaw Worm","floor":3,"turns":3},{"damage":8,"enemies":"3 Louse","floor":5,"turns":3},{"damage":13,"enemies":"Lagavulin","floor":6,"turns":6},{"damage":7,"enemies":"Exordium Thugs","floor":8,"turns":3},{"damage":8,"enemies":"3 Sentries","floor":11,"turns":4},{"damage":0,"enemies":"Looter","floor":12,"turns":2},{"damage":0,"enemies":"Gremlin Nob","floor":14,"turns":3},{"damage":21,"enemies":"Hexaghost","floor":16,"turns":6},{"damage":12,"enemies":"2 Thieves","floor":18,"turns":3},{"damage":22,"enemies":"Spheric Guardian","floor":19,"turns":4},{"damage":10,"enemies":"Snake Plant","floor":21,"turns":4},{"damage":10,"enemies":"Centurion and Healer","floor":22,"turns":7},{"damage":26,"enemies":"Slavers","floor":23,"turns":3}],"seed_played":"8582941628049024407","potions_obtained":[{"floor":1,"key":"Block Potion"},{"floor":11,"key":"PowerPotion"},{"floor":12,"key":"EssenceOfSteel"},{"floor":14,"key":"Regen Potion"},{"floor":16,"key":"Strength Potion"},{"floor":22,"key":"SpeedPotion"}],"is_trial":false,"path_per_floor":["M","M","M","$","M","E","R","M","T","R","E","M","R","E","R","B",null,"M","M","$","M","M","E"],"character_chosen":"IRONCLAD","items_purchased":["Fire Potion","Metallicize","Block Potion"],"campfire_rested":1,"item_purchase_floors":[4,20,20],"current_hp_per_floor":[72,72,65,65,57,44,44,37,37,37,29,29,53,53,53,32,68,68,46,46,36,26,0,0],"gold":123,"neow_bonus":"BOSS_RELIC","is_daily":false,"chose_seed":false,"campfire_upgraded":3,"win_rate":0.0,"timestamp":1611641736,"path_taken":["M","M","M","$","M","E","R","M","T","R","E","M","R","E","R","BOSS","M","M","$","M","M","E"],"items_purchased_type":["Potion","Card","Potion"],"build_version":"2020-12-22","purchased_purges":2,"victory":false,"max_hp_per_floor":[80,80,80,80,80,80,80,80,80,80,80,80,80,80,80,80,80,80,80,80,80,80,80,80],"relic_stats":{"Nunchaku":[6],"Dream Catcher":0,"Happy Flower":[10],"counters":[15,57],"Bronze Scales":[102],"Black Star":0,"obtain_stats":[{"Nunchaku":6,"Dream Catcher":14,"Happy Flower":11,"Bronze Scales":9,"Velvet Choker":0,"Black Star":17,"Burning Blood":0},{"Nunchaku":5,"Dream Catcher":9,"Happy Flower":7,"Bronze Scales":6,"Velvet Choker":0,"Black Star":10,"Burning Blood":0},{"Nunchaku":18,"Dream Catcher":30,"Happy Flower":25,"Bronze Scales":21,"Velvet Choker":0,"Black Star":36,"Burning Blood":0}]},"card_choices":[{"not_picked":["Shockwave","Wild Strike","Armaments"],"picked":"SKIP","floor":1},{"not_picked":["Body Slam","Whirlwind"],"picked":"Pommel Strike","floor":2},{"not_picked":["Blood for Blood","Entrench"],"picked":"Cleave","floor":3},{"not_picked":["True Grit","Pummel"],"picked":"Twin Strike","floor":5},{"not_picked":["Carnage","Havoc"],"picked":"Combust","floor":6},{"not_picked":["Clothesline","Heavy Blade"],"picked":"Flame Barrier","floor":8},{"not_picked":["Reckless Charge","Rupture"],"picked":"Intimidate","floor":11},{"not_picked":["Shockwave","Burning Pact"],"picked":"Juggernaut","floor":12},{"not_picked":["Searing Blow","Armaments"],"picked":"True Grit","floor":14},{"not_picked":["Fire Breathing","Anger+1","Havoc+1"],"picked":"SKIP","floor":18},{"not_picked":["True Grit","Cleave"],"picked":"Uppercut","floor":19},{"not_picked":["Heavy Blade","Anger"],"picked":"Burning Pact","floor":21},{"not_picked":["Limit Break","Warcry","Whirlwind"],"picked":"SKIP","floor":22}],"player_experience":289006,"relics_obtained":[{"floor":6,"key":"Nunchaku"},{"floor":9,"key":"Bronze Scales"},{"floor":11,"key":"Happy Flower"},{"floor":14,"key":"Dream Catcher"}],"event_choices":[],"is_beta":false,"boss_relics":[{"not_picked":["Cursed Key","Pandora\u0027s Box"],"picked":"Black Star"}],"items_purged_floors":[4,20],"is_endless":false,"potions_floor_spawned":[1,11,12,14,16,21,22],"killed_by":"Slavers","ascension_level":6}}