{"host":"wwo1kwxjf4eyz37q","time":1611644424,"event":{"mods":["AchievementEnabler","BaseMod","Colored Map","Minty Spire (QoL Compilation)","Quick Restart","SuperFastMode"],"gold_per_floor":[111,126,76,1,17,17,17,17,17,48,48,68,68,96,96,192,192,208,208,58,58,58,58,32,32,56,76,76,101,114,125,125,229,229,244,118,132,132,144,144,171,171,171,190,190,210,221,240,240,240],"floor_reached":51,"language":"KOR","playtime":2164,"items_purged":["Strike_G","Writhe"],"score":1458,"play_id":"ce8d736d-a16a-43cf-bab8-e02cf45a7405","local_time":"20210126160024","is_ascension_mode":true,"campfire_choices":[{"data":"Neutralize","floor":6.0,"key":"SMITH"},{"data":"Blade Dance","floor":8.0,"key":"SMITH"},{"data":"Dagger Spray","floor":11.0,"key":"SMITH"},{"data":"Prepared","floor":15.0,"key":"SMITH"},{"data":"Blade Dance","floor":23.0,"key":"SMITH"},{"data":"Blade Dance","floor":25.0,"key":"SMITH"},{"data":"A Thousand Cuts","floor":28.0,"key":"SMITH"},{"data":"Calculated Gamble","floor":32.0,"key":"SMITH"},{"data":"Burst","floor":40.0,"key":"SMITH"},{"data":"Tactician","floor":45.0,"key":"SMITH"},{"data":"Accuracy","floor":49.0,"key":"SMITH"}],"circlet_count":0,"master_deck":["AscendersBane","Strike_G","Strike_G","Strike_G","Defend_G","Defend_G","Defend_G","Defend_G","Defend_G","Survivor","Neutralize+1","Dagger Spray+1","Blade Dance+1","Finisher","Die Die Die","Blade Dance+1","Prepared+1","Backflip","A Thousand Cuts+1","Blade Dance+1","Ghostly","Ghostly","Ghostly","Ghostly","Ghostly","Tactician+1","PiercingWail","Calculated Gamble+1","Backstab","Slice+1","Burst+1","Choke+1","Acrobatics","Backflip","Accuracy+1","Escape Plan","Backflip+1"],"relics":["Ring of the Snake","Ice Cream","InkBottle","PreservedInsect","Akabeko","Vajra","Sozu","Shuriken","Bronze Scales","Nunchaku","WristBlade","Regal Pillow","Blood Vial"],"acts_visited":["Exordium","TheCity","TheBeyond"],"potions_floor_usage":[50,50,50],"damage_taken":[{"damage":0.0,"enemies":"2 Louse","floor":1.0,"turns":4.0},{"damage":1.0,"enemies":"Small Slimes","floor":2.0,"turns":4.0},{"damage":0.0,"enemies":"Jaw Worm","floor":5.0,"turns":3.0},{"damage":10.0,"enemies":"3 Sentries","floor":10.0,"turns":5.0},{"damage":7.0,"enemies":"Gremlin Gang","floor":12.0,"turns":3.0},{"damage":0.0,"enemies":"Gremlin Nob","floor":14.0,"turns":2.0},{"damage":13.0,"enemies":"Hexaghost","floor":16.0,"turns":7.0},{"damage":1.0,"enemies":"3 Byrds","floor":18.0,"turns":3.0},{"damage":0.0,"enemies":"Chosen","floor":27.0,"turns":3.0},{"damage":2.0,"enemies":"Slavers","floor":29.0,"turns":3.0},{"damage":0.0,"enemies":"Snake Plant","floor":30.0,"turns":2.0},{"damage":2.0,"enemies":"Chosen and Byrds","floor":31.0,"turns":2.0},{"damage":8.0,"enemies":"Champ","floor":33.0,"turns":6.0},{"damage":4.0,"enemies":"3 Shapes","floor":35.0,"turns":2.0},{"damage":1.0,"enemies":"Orb Walker","floor":37.0,"turns":3.0},{"damage":6.0,"enemies":"4 Shapes","floor":39.0,"turns":6.0},{"damage":0.0,"enemies":"Nemesis","floor":41.0,"turns":1.0},{"damage":0.0,"enemies":"3 Darklings","floor":44.0,"turns":2.0},{"damage":1.0,"enemies":"Maw","floor":46.0,"turns":4.0},{"damage":3.0,"enemies":"Writhing Mass","floor":47.0,"turns":6.0},{"damage":3.0,"enemies":"Sphere and 2 Shapes","floor":48.0,"turns":4.0},{"damage":2,"enemies":"Donu and Deca","floor":50,"turns":5}],"seed_played":"7257522662270589936","potions_obtained":[{"floor":1.0,"key":"LiquidMemories"},{"floor":12.0,"key":"LiquidMemories"},{"floor":14.0,"key":"EntropicBrew"}],"is_trial":false,"path_per_floor":["M","M","?","$","M","R","?","R","T","E","R","M","?","E","R","B",null,"M","?","$","?","?","R","$","R","T","M","R","E","M","M","R","B",null,"M","$","M","?","M","R","E","?","T","M","R","M","M","M","R","B",null],"character_chosen":"THE_SILENT","items_purchased":["Finisher","Tactician","PiercingWail","Acrobatics"],"campfire_rested":0,"item_purchase_floors":[4,20,24,36],"current_hp_per_floor":[63,62,62,62,62,62,67,67,67,57,57,50,43,43,43,30,59,58,34,34,34,34,34,34,34,34,34,34,32,32,30,30,22,31,27,27,26,26,20,20,20,20,20,22,22,23,22,21,21,21],"gold":240,"neow_bonus":"ONE_RARE_RELIC","is_daily":false,"chose_seed":false,"campfire_upgraded":11,"win_rate":0.0,"timestamp":1611644424,"path_taken":["M","M","?","$","M","R","?","R","T","E","R","M","?","E","R","BOSS","M","?","$","?","?","R","$","R","T","?","R","E","M","M","R","BOSS","M","$","?","?","?","R","E","?","T","M","R","M","M","M","R","BOSS"],"items_purchased_type":["Card","Card","Card","Card"],"build_version":"2020-12-22","purchased_purges":2,"victory":true,"max_hp_per_floor":[63,63,63,63,63,63,68,68,68,68,68,68,68,68,68,68,68,68,34,34,34,34,34,34,34,34,34,34,34,34,34,34,34,34,34,34,34,34,34,34,34,32,32,32,32,32,32,32,32,32],"card_choices":[{"not_picked":["Choke","Deflect"],"picked":"Dagger Spray","floor":1.0},{"not_picked":["Dash","Dodge and Roll"],"picked":"Blade Dance","floor":2.0},{"not_picked":["Dodge and Roll","Bane"],"picked":"Die Die Die","floor":5.0},{"not_picked":["Eviscerate","Deadly Poison"],"picked":"Blade Dance","floor":10.0},{"not_picked":["Dagger Throw","Bouncing Flask"],"picked":"Prepared","floor":12.0},{"not_picked":["Flying Knee","Poisoned Stab"],"picked":"Backflip","floor":14.0},{"not_picked":["Envenom","Doppelganger"],"picked":"A Thousand Cuts","floor":16.0},{"not_picked":["Prepared","Deadly Poison"],"picked":"Blade Dance","floor":18.0},{"not_picked":["Dodge and Roll","PiercingWail"],"picked":"Calculated Gamble","floor":27.0},{"not_picked":["Dagger Spray","Crippling Poison+1"],"picked":"Backstab","floor":29.0},{"not_picked":["Dodge and Roll","Dagger Spray","Noxious Fumes"],"picked":"SKIP","floor":30.0},{"not_picked":["Terror","Bullet Time"],"picked":"Slice+1","floor":31.0},{"not_picked":["Wraith Form v2","Storm of Steel"],"picked":"Burst","floor":33.0},{"not_picked":["Setup+1","Endless Agony"],"picked":"Choke+1","floor":35.0},{"not_picked":["Blade Dance","Heel Hook"],"picked":"Backflip","floor":37.0},{"not_picked":["Masterful Stab+1","Dodge and Roll","Bane"],"picked":"SKIP","floor":39.0},{"not_picked":["Outmaneuver+1","Quick Slash","Grand Finale"],"picked":"SKIP","floor":41.0},{"not_picked":["Prepared","Backstab+1"],"picked":"Accuracy","floor":44.0},{"not_picked":["Prepared","Sucker Punch"],"picked":"Escape Plan","floor":46.0},{"not_picked":["Bane+1","Dodge and Roll","Dagger Spray+1"],"picked":"SKIP","floor":47.0},{"not_picked":["Slice+1","Crippling Poison"],"picked":"Backflip+1","floor":48.0}],"player_experience":255849,"relics_obtained":[{"floor":9.0,"key":"InkBottle"},{"floor":10.0,"key":"PreservedInsect"},{"floor":14.0,"key":"Vajra"},{"floor":26.0,"key":"Bronze Scales"},{"floor":29.0,"key":"Nunchaku"},{"floor":41.0,"key":"Regal Pillow"},{"floor":43.0,"key":"Blood Vial"}],"event_choices":[{"cards_removed":["Strike_G"],"damage_healed":0.0,"max_hp_gain":0.0,"max_hp_loss":0.0,"gold_gain":0.0,"event_name":"The Cleric","player_choice":"Card Removal","floor":3.0,"gold_loss":50.0,"damage_taken":0.0},{"damage_healed":0.0,"max_hp_gain":5.0,"max_hp_loss":0.0,"gold_gain":0.0,"event_name":"Big Fish","player_choice":"Donut","floor":7.0,"gold_loss":0.0,"damage_taken":0.0},{"damage_healed":0.0,"max_hp_gain":0.0,"max_hp_loss":0.0,"gold_gain":0.0,"event_name":"Scrap Ooze","player_choice":"Success","floor":13.0,"gold_loss":0.0,"damage_taken":7.0,"relics_obtained":["Akabeko"]},{"damage_healed":0.0,"max_hp_gain":0.0,"max_hp_loss":34.0,"gold_gain":0.0,"event_name":"Ghosts","player_choice":"Became a Ghost","floor":19.0,"gold_loss":0.0,"damage_taken":0.0,"cards_obtained":["Ghostly","Ghostly","Ghostly","Ghostly","Ghostly"]},{"damage_healed":0.0,"max_hp_gain":0.0,"max_hp_loss":0.0,"gold_gain":0.0,"event_name":"The Mausoleum","player_choice":"Opened","floor":21.0,"gold_loss":0.0,"damage_taken":0.0,"relics_obtained":["Shuriken"],"cards_obtained":["Writhe"]},{"damage_healed":0.0,"max_hp_gain":0.0,"max_hp_loss":0.0,"gold_gain":0.0,"event_name":"Lab","player_choice":"Got Potions","floor":38.0,"gold_loss":0.0,"damage_taken":0.0},{"damage_healed":0.0,"max_hp_gain":0.0,"max_hp_loss":2.0,"gold_gain":0.0,"event_name":"Winding Halls","player_choice":"Max HP","floor":42.0,"gold_loss":0.0,"damage_taken":0.0}],"is_beta":false,"boss_relics":[{"not_picked":["Runic Dome","HoveringKite"],"picked":"Sozu"},{"not_picked":["Black Star","Busted Crown"],"picked":"WristBlade"}],"items_purged_floors":[20,36],"is_endless":false,"potions_floor_spawned":[1,12,14,18,30,33,41,46,48],"ascension_level":10}}