{"host":"clf2hd4adhiiw0zf","time":1611631832,"event":{"mods":["AchievementEnabler","BaseMod","Beaked The Cultist","Bestiary","Dark Map","Downfall","Gremlin Mod","Hermit","Jorbs\u0027s Wanderer Trilogy","Marisa????????","Minty Spire (QoL Compilation)","Shop Mod","StSLib","The Cursed","The Servant 0.9.4","UnlockEverythingMod","Wide Potions"],"gold_per_floor":[99,119,136,311,311,211,235,235,235,0,19,48,48,63,77,180,180,80,80,131,141,160,190,190,190,206,219,219,248,248,348,367,471,471,471,483,499,93,86,86,86,86,86,86],"floor_reached":42,"language":"ENG","playtime":1643,"items_purged":["Doubt"],"score":585,"play_id":"071500b1-b26c-4321-b50e-8ae333845c5c","local_time":"20210125203032","is_ascension_mode":true,"campfire_choices":[{"floor":1.0,"key":"RECALL"},{"data":"Guardian:TwinSlam","floor":6.0,"key":"SMITH"},{"data":"Guardian:RefractedBeam","floor":13.0,"key":"SMITH"},{"data":"Guardian:RefractedBeam+1","floor":18,"key":"SMITH"},{"data":"Guardian:RefractedBeam+2","floor":28,"key":"SMITH"},{"floor":30,"key":"REST"},{"data":"Guardian:RevengeProtocol","floor":35,"key":"SMITH"}],"circlet_count":0,"master_deck":["Guardian:Strike_Guardian","Guardian:Strike_Guardian","Guardian:Strike_Guardian","Guardian:Defend_Guardian","Guardian:Defend_Guardian","Guardian:Defend_Guardian","Guardian:CurlUp","Guardian:TwinSlam+1","Guardian:SentryBeam","Guardian:Planning","Guardian:RefractedBeam+3","Guardian:DecasProtection","Guardian:ExploitGems","Guardian:ChargeUp","Guardian:PolyBeam","Guardian:CompilePackage+1","Guardian:ShieldCharger","Guardian:PrismaticBeam","Guardian:RefractedBeam+1","Guardian:Repulse","Guardian:SphericShield","Guardian:RevengeProtocol+1","Guardian:HyperBeam_Guardian","expansioncontent:DashGenerateEvil"],"relics":["Guardian:ModeShifter","downfall:HeartBlessingRed","Vajra","Omamori","Guardian:StasisSlotReductionRelic","downfall:HeartBlessingBlue","Pen Nib","Dream Catcher","Gambling Chip","Bag of Marbles","White Beast Statue","Calling Bell","Smiling Mask","The Courier","Bird Faced Urn","Mummified Hand","Bottled Lightning","Gremlin Horn","Guardian:StasisEgg","Mercury Hourglass"],"acts_visited":["Exordium","TheCity","TheBeyond"],"potions_floor_usage":[16,31,31,33],"damage_taken":[{"damage":6.0,"enemies":"2 Louse","floor":2.0,"turns":4.0},{"damage":6.0,"enemies":"Jaw Worm","floor":3.0,"turns":6.0},{"damage":0.0,"enemies":"Cultist","floor":9.0,"turns":1.0},{"damage":7.0,"enemies":"downfall:FleeingMerchant","floor":10.0,"turns":4.0},{"damage":12.0,"enemies":"Exordium Wildlife","floor":11.0,"turns":2.0},{"damage":9.0,"enemies":"3 Sentries","floor":12.0,"turns":5.0},{"damage":3.0,"enemies":"Exordium Thugs","floor":14.0,"turns":2.0},{"damage":2.0,"enemies":"3 Louse","floor":15.0,"turns":3.0},{"damage":14,"enemies":"DF_ARCHETYPE_STREAMLINE","floor":16,"turns":7},{"damage":8,"enemies":"Shell Parasite","floor":21,"turns":3},{"damage":10,"enemies":"Snecko","floor":22,"turns":3},{"damage":22,"enemies":"Gremlin Leader","floor":23,"turns":4},{"damage":6,"enemies":"3 Cultists","floor":26,"turns":4},{"damage":0,"enemies":"Shelled Parasite and Fungi","floor":27,"turns":1},{"damage":33,"enemies":"Book of Stabbing","floor":29,"turns":4},{"damage":0,"enemies":"downfall:LadyInBlue","floor":31,"turns":1},{"damage":0,"enemies":"Sentry and Sphere","floor":32,"turns":3},{"damage":0,"enemies":"SI_MIRROR_ARCHETYPE","floor":33,"turns":1},{"damage":0,"enemies":"Orb Walker","floor":36,"turns":1},{"damage":13,"enemies":"3 Darklings","floor":37,"turns":5},{"damage":15,"enemies":"downfall:FleeingMerchant","floor":38,"turns":4},{"damage":0,"enemies":"downfall:FleeingMerchant","floor":39,"turns":4},{"damage":0,"enemies":"Sphere and 2 Shapes","floor":42,"turns":1}],"seed_played":"-3418244840088233188","potions_obtained":[{"floor":3.0,"key":"SkillPotion"},{"floor":8.0,"key":"DuplicationPotion"},{"floor":12.0,"key":"SteroidPotion"},{"floor":16,"key":"DuplicationPotion"},{"floor":26,"key":"CultistPotion"},{"floor":27,"key":"SteroidPotion"},{"floor":31,"key":"DuplicationPotion"},{"floor":33,"key":"LiquidBronze"},{"floor":37,"key":"Guardian:StasisDiscoveryPotion"}],"is_trial":false,"path_per_floor":["R","M","M","?","?","R","T","?","M","$","M","E","R","M","M","B",null,"R","?","T","M","M","E","T","?","M","M","R","E","R","?","M","B",null,"R","M","M","$","$","?","T","M"],"character_chosen":"GUARDIAN","items_purchased":["Vajra","Mummified Hand","Bottled Lightning","Gremlin Horn","expansioncontent:DashGenerateEvil"],"campfire_rested":1,"item_purchase_floors":[10,38,38,39,39],"current_hp_per_floor":[80,74,68,68,68,68,68,68,68,61,49,40,40,37,35,21,80,90,90,90,82,72,50,50,42,36,36,36,3,30,30,30,30,90,90,90,77,64,68,68,68,68,68,68],"gold":86,"neow_bonus":"TRANSFORM_CARD","is_daily":false,"chose_seed":false,"campfire_upgraded":5,"win_rate":0.0,"timestamp":1611631832,"path_taken":["R","M","M","?","?","R","T","?","M","$","M","E","R","M","M","BOSS","R","?","?","?","M","E","T","?","?","M","R","E","R","?","M","BOSS","R","M","M","?","$","?","T","M"],"items_purchased_type":["Relic","Relic","Relic","Relic","Card"],"build_version":"2020-12-22","purchased_purges":1,"victory":false,"max_hp_per_floor":[80,80,80,80,80,80,80,80,80,80,80,80,80,80,80,80,80,90,90,90,90,90,90,90,90,90,90,90,90,90,90,90,90,90,90,90,90,90,90,90,90,90,90,90],"card_choices":[{"not_picked":["Guardian:Gem_Lightblue","Guardian:Incinerate"],"picked":"Guardian:Gem_Red","floor":2.0},{"not_picked":["Guardian:BronzeOrb","Guardian:Suspension"],"picked":"Guardian:Gem_Cyan","floor":3.0},{"not_picked":["Guardian:TemporalShield","Guardian:Gem_Purple"],"picked":"Guardian:Planning","floor":9.0},{"not_picked":["Guardian:TemporalStrike","Guardian:Emergency"],"picked":"Guardian:RefractedBeam","floor":10.0},{"not_picked":["Guardian:BronzeArmor","Guardian:ChargeCore"],"picked":"Guardian:DecasProtection","floor":11.0},{"not_picked":["Guardian:Gem_Green","Guardian:Gem_Cyan"],"picked":"Guardian:ExploitGems","floor":12.0},{"not_picked":["Guardian:Gem_Cyan","Guardian:Gem_Lightblue"],"picked":"Guardian:ChargeUp","floor":14.0},{"not_picked":["Guardian:WalkerClaw","Guardian:Recover"],"picked":"Guardian:PolyBeam","floor":15.0},{"not_picked":["Guardian:ConstructionForm","Guardian:RevengeProtocol"],"picked":"Guardian:CompilePackage","floor":16},{"not_picked":["Guardian:PolyBeam","Guardian:PiercingHide"],"picked":"Guardian:Gem_Red","floor":21},{"not_picked":["Guardian:TemporalShield","Guardian:PrimingBeam+1"],"picked":"Guardian:ShieldCharger","floor":22},{"not_picked":["Guardian:WalkerClaw","Guardian:PiercingHide+1"],"picked":"Guardian:PrismaticBeam","floor":23},{"not_picked":["Guardian:PiercingHide","Guardian:Gem_Green"],"picked":"Guardian:RefractedBeam+1","floor":26},{"not_picked":["Guardian:Gem_Lightblue","Guardian:Gem_Red"],"picked":"Guardian:Repulse","floor":27},{"not_picked":["Guardian:Reroute","Guardian:Gem_Lightblue"],"picked":"Guardian:SphericShield","floor":29},{"not_picked":["Guardian:ChargeUp","Guardian:Gem_Cyan"],"picked":"Guardian:Gem_Red","floor":31},{"not_picked":["Guardian:PrimingBeam","Guardian:Orbwalk","Guardian:Gem_Cyan"],"picked":"SKIP","floor":32},{"not_picked":["Guardian:BaubleBeam","Guardian:GemFinder"],"picked":"Guardian:RevengeProtocol","floor":33},{"not_picked":["Guardian:Planning","Guardian:PiercingHide+1","Guardian:TemporalStrike+1"],"picked":"SKIP","floor":36},{"not_picked":["Guardian:Gem_Red","Guardian:TemporalShield","Guardian:BronzeOrb+1"],"picked":"SKIP","floor":37},{"not_picked":["Guardian:PrismaticBarrier+1","Guardian:RollAttack+1","Guardian:Repulse"],"picked":"SKIP","floor":38},{"not_picked":["Guardian:Reroute","Guardian:RefractedBeam"],"picked":"Guardian:HyperBeam_Guardian","floor":39}],"player_experience":130101,"relics_obtained":[{"floor":12.0,"key":"Omamori"},{"floor":20,"key":"Pen Nib"},{"floor":23,"key":"Dream Catcher"},{"floor":24,"key":"Gambling Chip"},{"floor":29,"key":"Bag of Marbles"},{"floor":31,"key":"White Beast Statue"},{"floor":34,"key":"Smiling Mask"},{"floor":34,"key":"The Courier"},{"floor":34,"key":"Bird Faced Urn"},{"floor":41,"key":"Mercury Hourglass"}],"event_choices":[{"damage_healed":0.0,"max_hp_gain":0.0,"max_hp_loss":0.0,"gold_gain":0.0,"event_name":"Lab","player_choice":"Got Potions","floor":8.0,"gold_loss":0.0,"damage_taken":0.0}],"is_beta":false,"boss_relics":[{"not_picked":["bronze:MakeshiftBattery","Philosopher\u0027s Stone"],"picked":"Guardian:StasisSlotReductionRelic"},{"not_picked":["beaked:MawFillet","Cursed Key"],"picked":"Calling Bell"}],"items_purged_floors":[10],"is_endless":false,"potions_floor_spawned":[3,12,14,15,16,26,27,32,33,36,37,38,39],"killed_by":"Sphere and 2 Shapes","ascension_level":2}}