{"host":"ss2ocoam53r2lno0","time":1611664189,"event":{"mods":["Act Like it!","BaseMod","ChefMod","Clockwork Mod","Colored Powertips","Curses Come First","Displayed Cursed Tome","Downfall","Evolution","Googly Eyes","Hallownest","Highlight Path","Minty Spire (QoL Compilation)","Poor People Problems","Rare Cards Sparkle","Robot Space Explorer","Shade Mod","Shop Mod","Spicy Shops","StSLib","The Marked"],"gold_per_floor":[111,128,128,203,47,47,62,62,85,96,16,16,30,45,45,45,45],"floor_reached":16,"language":"ENG","playtime":5067,"items_purged":["Clockwork:Shield"],"score":179,"play_id":"138194ab-b8f4-49c6-80f3-aa31367c1cf4","local_time":"20210126132949","is_ascension_mode":true,"campfire_choices":[{"data":"Clockwork:SnapKeep","floor":6.0,"key":"SMITH"},{"data":"Clockwork:Shield","floor":8.0,"key":"SMITH"},{"floor":15.0,"key":"REST"}],"circlet_count":0,"master_deck":["AscendersBane","Clockwork:SnapKeep+1","Clockwork:Shield+1","Clockwork:Tinker","Clockwork:WarmUp","Clockwork:Clone","Clockwork:Downsize"],"relics":["Clockwork:MomentumEngine","EVO:Axolotl","DollysMirror","Boot"],"acts_visited":["Exordium"],"potions_floor_usage":[],"damage_taken":[{"damage":12.0,"enemies":"Small Slimes","floor":1.0,"turns":8.0},{"damage":1.0,"enemies":"Jaw Worm","floor":2.0,"turns":5.0},{"damage":4.0,"enemies":"2 Louse","floor":7.0,"turns":5.0},{"damage":5.0,"enemies":"Exordium Thugs","floor":10.0,"turns":10.0},{"damage":15.0,"enemies":"Gremlin Gang","floor":13.0,"turns":5.0},{"damage":5.0,"enemies":"Blue Slaver","floor":14.0,"turns":8.0},{"damage":58,"enemies":"Hexaghost","floor":16,"turns":12}],"seed_played":"4597320627251799730","potions_obtained":[{"floor":1.0,"key":"LiquidBronze"},{"floor":13.0,"key":"Regen Potion"}],"is_trial":false,"path_per_floor":["M","M","?","?","$","R","M","R","T","M","$","?","M","M","R","B"],"character_chosen":"CLOCKWORK","items_purchased":["DollysMirror","Clockwork:Clone"],"campfire_rested":1,"item_purchase_floors":[5,11],"current_hp_per_floor":[59,58,58,47,47,47,43,43,43,38,38,38,23,33,56,0,0],"gold":45,"neow_bonus":"REMOVE_CARD","is_daily":false,"chose_seed":false,"campfire_upgraded":2,"win_rate":0.0,"timestamp":1611664189,"path_taken":["M","M","?","?","$","R","?","R","T","M","$","?","M","?","R","BOSS"],"items_purchased_type":["Relic","Card"],"build_version":"2020-12-22","purchased_purges":1,"victory":false,"max_hp_per_floor":[79,79,79,79,79,79,79,79,79,79,79,79,79,79,79,79,79],"card_choices":[{"not_picked":["Clockwork:PerfectedShield","Clockwork:MechanicalMass","Clockwork:RampUp"],"picked":"SKIP","floor":1.0},{"not_picked":["Clockwork:Scour","Clockwork:Pluck","Clockwork:SystemScan"],"picked":"SKIP","floor":2.0},{"not_picked":["Clockwork:Enhance","Clockwork:HoardingStrike","Clockwork:ForgeStrike"],"picked":"SKIP","floor":7.0},{"not_picked":["Clockwork:CogBarrier","Clockwork:AdaptiveCannon","Clockwork:SearingStrike"],"picked":"SKIP","floor":10.0},{"not_picked":["Clockwork:QuantumStrike","Clockwork:CogBarrier"],"picked":"Clockwork:Downsize","floor":13.0},{"not_picked":["Clockwork:FalseStart","Clockwork:Roundhouse","Clockwork:TiltAWhirl"],"picked":"SKIP","floor":14.0}],"player_experience":866038,"relics_obtained":[{"floor":9.0,"key":"Boot"}],"event_choices":[{"cards_removed":["Clockwork:Strike"],"damage_healed":0.0,"max_hp_gain":0.0,"max_hp_loss":0.0,"gold_gain":0.0,"event_name":"Living Wall","player_choice":"Forget","floor":3.0,"gold_loss":0.0,"damage_taken":0.0},{"damage_healed":0.0,"max_hp_gain":0.0,"max_hp_loss":0.0,"gold_gain":75.0,"event_name":"World of Goop","player_choice":"Gather Gold","floor":4.0,"gold_loss":0.0,"damage_taken":11.0},{"cards_removed":["Clockwork:SnapKeep"],"damage_healed":0.0,"max_hp_gain":0.0,"max_hp_loss":0.0,"gold_gain":0.0,"event_name":"Purifier","player_choice":"Purged","floor":12.0,"gold_loss":0.0,"damage_taken":0.0}],"is_beta":false,"boss_relics":[],"items_purged_floors":[5],"is_endless":false,"potions_floor_spawned":[1,13],"killed_by":"Hexaghost","ascension_level":19}}