{"host":"fubl5olmpa6illow","time":1611692156,"event":{"mods":["BaseMod","Colored Map","Colored Powertips","Highlight Path","Minty Spire (QoL Compilation)","Quick Restart","Random Character Button","Relic Sorter","Relic Stats"],"gold_per_floor":[162,36,36,56,56,56,89,10,59,76,102,102,113,125,125,224,224,242,77,77,109,125,153,153,55,55,74,74,107,130,156,168,283,295,321,383,395,35,51,82,9,25,105,21,21,21],"floor_reached":45,"language":"ENG","playtime":5263,"items_purged":["Defend_B","Strike_B","Pain"],"score":590,"play_id":"4ad7c8e1-4541-4ac3-9767-7993577acb6b","local_time":"20210126211556","is_ascension_mode":true,"campfire_choices":[{"data":"Double Energy","floor":6,"key":"SMITH"},{"data":"Redo","floor":12,"key":"SMITH"},{"data":"Defragment","floor":15,"key":"SMITH"},{"data":"Coolheaded","floor":24,"key":"SMITH"},{"floor":28,"key":"REST"},{"data":"White Noise","floor":32,"key":"SMITH"}],"circlet_count":0,"master_deck":["Strike_B","Strike_B","Strike_B","Defend_B+1","Defend_B","Defend_B","Zap","Dualcast+1","Redo+1","Double Energy+1","Glacier","Compile Driver","Leap+1","Reboot","Doom and Gloom","Steam","Sweeping Beam","Defragment+1","Consume","Seek","Coolheaded+1","White Noise+1","Steam Power","RitualDagger","Self Repair","Force Field","Go for the Eyes+1","Turbo","Lockon","Ball Lightning","Conserve Battery+1","Creative AI","Scrape+1","Streamline+1","Rainbow","Capacitor","Creative AI","Self Repair+1","Sunder","Force Field+1","Deep Breath+1"],"relics":["Tiny House","Potion Belt","War Paint","Orichalcum","Smiling Mask","Philosopher\u0027s Stone","Red Mask","White Beast Statue","StrikeDummy","MawBank","Snecko Eye","Emotion Chip","WarpedTongs","DollysMirror","Toxic Egg 2"],"acts_visited":["Exordium","TheCity","TheBeyond"],"potions_floor_usage":[7,11,16,16,21,21,22,30,31,33,33,35,40,42],"damage_taken":[{"damage":6,"enemies":"Cultist","floor":1,"turns":3},{"damage":3,"enemies":"2 Louse","floor":4,"turns":2},{"damage":9,"enemies":"Lagavulin","floor":7,"turns":10},{"damage":0,"enemies":"Jaw Worm","floor":10,"turns":3},{"damage":4,"enemies":"3 Sentries","floor":11,"turns":5},{"damage":0,"enemies":"Exordium Wildlife","floor":13,"turns":2},{"damage":11,"enemies":"Lots of Slimes","floor":14,"turns":3},{"damage":22,"enemies":"Hexaghost","floor":16,"turns":8},{"damage":1,"enemies":"Spheric Guardian","floor":18,"turns":4},{"damage":32,"enemies":"Masked Bandits","floor":21,"turns":4},{"damage":0,"enemies":"Shell Parasite","floor":22,"turns":6},{"damage":37,"enemies":"Slavers","floor":23,"turns":6},{"damage":8,"enemies":"Snake Plant","floor":27,"turns":5},{"damage":11,"enemies":"Book of Stabbing","floor":29,"turns":5},{"damage":0,"enemies":"Centurion and Healer","floor":30,"turns":6},{"damage":16,"enemies":"Snecko","floor":31,"turns":5},{"damage":35,"enemies":"Champ","floor":33,"turns":9},{"damage":24,"enemies":"3 Darklings","floor":35,"turns":3},{"damage":4,"enemies":"Mind Bloom Boss Battle","floor":36,"turns":7},{"damage":1,"enemies":"Orb Walker","floor":39,"turns":5},{"damage":43,"enemies":"Giant Head","floor":40,"turns":10},{"damage":6,"enemies":"3 Darklings","floor":42,"turns":3},{"damage":38,"enemies":"Nemesis","floor":45,"turns":2}],"seed_played":"-4776341041484019661","potions_obtained":[{"floor":0,"key":"FairyPotion"},{"floor":1,"key":"Block Potion"},{"floor":10,"key":"Swift Potion"},{"floor":11,"key":"SpeedPotion"},{"floor":14,"key":"Strength Potion"},{"floor":16,"key":"Weak Potion"},{"floor":18,"key":"Block Potion"},{"floor":21,"key":"LiquidBronze"},{"floor":27,"key":"Swift Potion"},{"floor":29,"key":"Dexterity Potion"},{"floor":30,"key":"AttackPotion"},{"floor":31,"key":"FearPotion"},{"floor":33,"key":"LiquidMemories"},{"floor":35,"key":"PotionOfCapacity"},{"floor":36,"key":"DuplicationPotion"},{"floor":39,"key":"DuplicationPotion"},{"floor":40,"key":"Energy Potion"},{"floor":42,"key":"FearPotion"}],"is_trial":false,"path_per_floor":["M","$","?","M","$","R","E","$","T","M","E","R","M","M","R","B",null,"M","$","?","?","M","E","R","$","T","M","R","E","M","M","R","B",null,"M","?","?","$","M","E","$","M","T","$","E"],"character_chosen":"DEFECT","items_purchased":["Glacier","Compile Driver","Doom and Gloom","White Noise","Steam Power","Turbo","Rainbow","Capacitor","DollysMirror","Sunder","Deep Breath+1"],"campfire_rested":1,"item_purchase_floors":[2,2,8,19,19,25,38,38,38,41,44],"current_hp_per_floor":[74,74,74,71,71,71,62,62,62,62,58,58,58,47,47,25,80,79,79,73,41,48,18,18,18,18,17,41,37,44,35,35,31,80,56,59,59,59,58,32,32,33,33,33,0,0],"gold":21,"neow_bonus":"BOSS_RELIC","is_daily":false,"chose_seed":false,"campfire_upgraded":5,"win_rate":0.0,"timestamp":1611692156,"path_taken":["M","?","?","M","$","R","E","$","T","M","E","R","?","M","R","BOSS","M","$","?","?","M","E","R","?","T","?","R","E","M","M","R","BOSS","M","?","?","$","M","E","$","?","T","$","E"],"items_purchased_type":["Card","Card","Card","Card","Card","Card","Card","Card","Relic","Card","Card"],"build_version":"2020-12-22","purchased_purges":3,"victory":false,"max_hp_per_floor":[80,80,80,80,80,80,80,80,80,80,80,80,80,80,80,80,80,80,80,80,80,80,80,80,80,80,80,80,80,80,80,80,80,80,80,80,80,80,80,80,80,80,80,80,80,80],"relic_stats":{"Emotion Chip":[11,1,7,3,0],"counters":[23,116],"Snecko Eye":[82,59,73,72],"War Paint":["Defend_B","Leap"],"Orichalcum":[126],"Smiling Mask":150,"MawBank":108,"obtain_stats":[{"Potion Belt":3,"Tiny House":0,"War Paint":7,"Orichalcum":9,"Smiling Mask":11,"MawBank":29,"White Beast Statue":23,"WarpedTongs":37,"Emotion Chip":36,"DollysMirror":38,"Snecko Eye":34,"Philosopher\u0027s Stone":17,"Red Mask":21,"Toxic Egg 2":40,"Cracked Core":0,"StrikeDummy":26},{"Potion Belt":1,"Tiny House":0,"War Paint":3,"Orichalcum":3,"Smiling Mask":5,"MawBank":14,"White Beast Statue":12,"WarpedTongs":19,"Emotion Chip":19,"DollysMirror":19,"Snecko Eye":17,"Philosopher\u0027s Stone":8,"Red Mask":10,"Toxic Egg 2":21,"Cracked Core":0,"StrikeDummy":12},{"Potion Belt":3,"Tiny House":0,"War Paint":15,"Orichalcum":15,"Smiling Mask":23,"MawBank":66,"White Beast Statue":56,"WarpedTongs":96,"Emotion Chip":96,"DollysMirror":96,"Snecko Eye":86,"Philosopher\u0027s Stone":36,"Red Mask":44,"Toxic Egg 2":111,"Cracked Core":0,"StrikeDummy":56}],"WarpedTongs":[20]},"card_choices":[{"not_picked":["Reinforced Body","Aggregate"],"picked":"Redo","floor":0},{"not_picked":["Fusion","Gash"],"picked":"Double Energy","floor":1},{"not_picked":["Hologram","Reinforced Body"],"picked":"Leap","floor":4},{"not_picked":["Loop","Gash"],"picked":"Reboot","floor":7},{"not_picked":["Leap","Rebound"],"picked":"Steam","floor":10},{"not_picked":["Rebound","Fusion"],"picked":"Sweeping Beam","floor":11},{"not_picked":["Turbo","Leap"],"picked":"Defragment","floor":13},{"not_picked":["Double Energy","Rebound"],"picked":"Consume","floor":14},{"not_picked":["Amplify","Meteor Strike"],"picked":"Seek","floor":16},{"not_picked":["Beam Cell+1","Barrage"],"picked":"Coolheaded","floor":18},{"not_picked":["Barrage","Reinforced Body"],"picked":"Self Repair","floor":21},{"not_picked":["Hello World","Stack"],"picked":"Force Field","floor":22},{"not_picked":["Reinforced Body+1","Rip and Tear"],"picked":"Go for the Eyes+1","floor":23},{"not_picked":["Heatsinks","Stack"],"picked":"Lockon","floor":27},{"not_picked":["Go for the Eyes","Steam"],"picked":"Ball Lightning","floor":29},{"not_picked":["Sweeping Beam","Steam","Rebound"],"picked":"SKIP","floor":30},{"not_picked":["Hologram","Streamline"],"picked":"Conserve Battery+1","floor":31},{"not_picked":["Reboot","Hyperbeam"],"picked":"Creative AI","floor":33},{"not_picked":["Undo","Compile Driver"],"picked":"Scrape+1","floor":35},{"not_picked":["Hologram+1","Compile Driver"],"picked":"Streamline+1","floor":36},{"not_picked":["Chill","Gash"],"picked":"Self Repair+1","floor":39},{"not_picked":["Streamline+1","Leap+1","Reinforced Body+1"],"picked":"SKIP","floor":40},{"not_picked":["Go for the Eyes+1","Reboot+1"],"picked":"Force Field+1","floor":42}],"player_experience":342474,"relics_obtained":[{"floor":3,"key":"Potion Belt"},{"floor":7,"key":"War Paint"},{"floor":9,"key":"Orichalcum"},{"floor":11,"key":"Smiling Mask"},{"floor":21,"key":"Red Mask"},{"floor":23,"key":"White Beast Statue"},{"floor":26,"key":"StrikeDummy"},{"floor":29,"key":"MawBank"},{"floor":36,"key":"Emotion Chip"},{"floor":40,"key":"Toxic Egg 2"}],"event_choices":[{"damage_healed":0,"gold_gain":0,"player_choice":"Relic","damage_taken":0,"max_hp_gain":0,"max_hp_loss":0,"event_name":"Wheel of Change","floor":3,"gold_loss":0},{"damage_healed":0,"gold_gain":0,"player_choice":"Joined the Cult","damage_taken":6,"max_hp_gain":0,"max_hp_loss":0,"event_name":"Nest","floor":20,"gold_loss":0,"cards_obtained":["RitualDagger"]},{"damage_healed":0,"gold_gain":0,"player_choice":"Fought Bandits","damage_taken":0,"max_hp_gain":0,"max_hp_loss":0,"event_name":"Masked Bandits","floor":21,"gold_loss":0},{"damage_healed":0,"gold_gain":0,"player_choice":"Fight","damage_taken":0,"max_hp_gain":0,"max_hp_loss":0,"event_name":"MindBloom","floor":36,"gold_loss":0},{"damage_healed":0,"gold_gain":0,"player_choice":"Rummage","damage_taken":0,"relics_obtained":["WarpedTongs"],"max_hp_gain":0,"max_hp_loss":0,"event_name":"Accursed Blacksmith","floor":37,"gold_loss":0,"cards_obtained":["Pain"]}],"is_beta":false,"boss_relics":[{"not_picked":["Black Star","Astrolabe"],"picked":"Philosopher\u0027s Stone"},{"not_picked":["Velvet Choker","Calling Bell"],"picked":"Snecko Eye"}],"items_purged_floors":[19,25,38],"is_endless":false,"potions_floor_spawned":[1,10,11,14,16,18,21,27,29,30,31,33,35,36,39,40,42],"killed_by":"Nemesis","ascension_level":3}}