{"host":"tkinv8gv6hgcc58b","time":1611693037,"event":{"mods":["AchievementEnabler","BaseMod","BetterRewards","Colored Map","Downfall","Googly Eyes","Hermit","Minty Spire (QoL Compilation)","READ ME - Guardian Mod","Relic Filter","StSLib","The Cursed","The Disciple"],"gold_per_floor":[115,165,176,186,240,240,251,251,251,401,401,425,56,89,89,167,167,180,180,199,199,31,31,231,249,249,280,280,280,280,38,38,110,110,127,127,22,22,22,48,48,79,79,79,99,99,132,149,149,149],"floor_reached":51,"language":"ENG","playtime":1779,"items_purged":["Doubt"],"score":1941,"play_id":"24d5b156-3291-48ea-9546-98911f2325d2","local_time":"20210126153037","is_ascension_mode":true,"campfire_choices":[{"floor":6.0,"key":"DIG"},{"data":"Sadistic Nature","floor":8.0,"key":"SMITH"},{"floor":11.0,"key":"DIG"},{"floor":15,"key":"DIG"},{"floor":23,"key":"DIG"},{"floor":28,"key":"DIG"},{"floor":30,"key":"DIG"},{"floor":32,"key":"DIG"},{"floor":41,"key":"DIG"},{"floor":44,"key":"DIG"},{"floor":46,"key":"DIG"},{"floor":49,"key":"DIG"}],"circlet_count":0,"master_deck":["AscendersBane","Strike_G+1","Strike_G+1","Strike_G+1","Strike_G+1","Strike_G+1","Defend_G+1","Defend_G+1","Defend_G+1","Defend_G+1","Defend_G+1","Survivor","Neutralize","All Out Attack","Sadistic Nature+1","Poisoned Stab","PiercingWail","Deadly Poison","Escape Plan","Blade Dance","Noxious Fumes","Poisoned Stab","CurseOfTheBell","Sucker Punch","Doppelganger","Leg Sweep","Escape Plan","Crippling Poison","Terror","PiercingWail","Envenom","Catalyst","Envenom","Footwork","Dark Shackles","Unload","Corpse Explosion","PiercingWail+1","Backstab"],"relics":["Ring of the Snake","Shovel","Happy Flower","Bird Faced Urn","StoneCalendar","Bottled Tornado","Tiny Chest","HornCleat","Calling Bell","Singing Bowl","Fusion Hammer","Orrery","Tough Bandages","hexamod:Sixitude","FossilizedHelix","Runic Pyramid","Meat on the Bone","CaptainsWheel","Snake Skull","Shuriken","WristBlade","Pocketwatch","Mango","Peace Pipe","Prayer Wheel","InkBottle","Bottled Flame","Guardian:GemstoneGun","Gambling Chip","Orichalcum","Blue Candle"],"acts_visited":["Exordium","TheCity","TheBeyond"],"potions_floor_usage":[50],"damage_taken":[{"damage":0.0,"enemies":"2 Louse","floor":1.0,"turns":2.0},{"damage":4.0,"enemies":"Cultist","floor":3.0,"turns":3.0},{"damage":1.0,"enemies":"Small Slimes","floor":4.0,"turns":2.0},{"damage":1.0,"enemies":"Blue Slaver","floor":7.0,"turns":3.0},{"damage":6.0,"enemies":"Lagavulin","floor":14.0,"turns":5.0},{"damage":9,"enemies":"The Guardian","floor":16,"turns":7},{"damage":5,"enemies":"3 Byrds","floor":18,"turns":3},{"damage":12,"enemies":"Spheric Guardian","floor":20,"turns":5},{"damage":0,"enemies":"Snecko","floor":25,"turns":4},{"damage":2,"enemies":"Gremlin Leader","floor":27,"turns":4},{"damage":22,"enemies":"Champ","floor":33,"turns":8},{"damage":0,"enemies":"Orb Walker","floor":35,"turns":2},{"damage":0,"enemies":"Nemesis","floor":40,"turns":7},{"damage":0,"enemies":"Reptomancer","floor":42,"turns":4},{"damage":0,"enemies":"3 Darklings","floor":45,"turns":3},{"damage":0,"enemies":"Giant Head","floor":47,"turns":5},{"damage":0,"enemies":"Transient","floor":48,"turns":5},{"damage":18,"enemies":"Donu and Deca","floor":50,"turns":4}],"seed_played":"3997742523804198176","potions_obtained":[{"floor":4.0,"key":"SteroidPotion"},{"floor":7.0,"key":"GhostInAJar"},{"floor":16,"key":"LiquidMemories"}],"is_trial":false,"path_per_floor":["M","?","M","M","?","R","M","R","T","?","R","T","$","E","R","B",null,"M","?","M","?","$","R","?","M","T","E","R","T","R","$","R","B",null,"M","?","$","T","T","E","R","E","T","R","M","R","E","M","R","B",null],"character_chosen":"THE_SILENT","items_purchased":["Happy Flower","Sadistic Nature","Poisoned Stab","PiercingWail","Poisoned Stab","HornCleat","Orrery","Snake Skull","Catalyst","Dark Shackles"],"campfire_rested":0,"item_purchase_floors":[0,0,0,0,13,13,22,31,31,37],"current_hp_per_floor":[45,45,41,40,40,40,41,41,41,41,41,41,41,39,39,34,58,59,59,53,53,57,57,57,61,61,63,63,63,63,63,63,47,67,71,71,71,71,85,88,88,88,88,88,90,90,90,94,94,78],"gold":149,"neow_bonus":"","is_daily":false,"chose_seed":false,"campfire_upgraded":1,"win_rate":0.0,"timestamp":1611693037,"path_taken":["M","?","?","M","?","R","M","R","T","?","R","?","$","E","R","BOSS","M","?","M","?","$","R","?","M","T","E","R","?","R","?","R","BOSS","M","?","$","?","?","E","R","E","T","R","M","R","E","?","R","BOSS"],"items_purchased_type":["Relic","Card","Card","Card","Card","Relic","Relic","Relic","Card","Card"],"build_version":"2020-12-22","purchased_purges":1,"victory":true,"max_hp_per_floor":[66,66,66,66,66,66,66,66,66,66,66,66,66,66,66,66,66,68,68,70,70,74,74,74,74,74,74,74,74,74,74,74,74,74,74,74,74,74,88,88,88,88,88,88,90,90,90,94,94,94],"card_choices":[{"not_picked":["Finisher","Flying Knee"],"picked":"Deadly Poison","floor":1.0},{"not_picked":["Masterful Stab","Flechettes"],"picked":"Escape Plan","floor":3.0},{"not_picked":["Underhanded Strike","Expertise"],"picked":"Blade Dance","floor":4.0},{"not_picked":["Calculated Gamble","Slice"],"picked":"Noxious Fumes","floor":7.0},{"not_picked":["Dagger Spray","Blade Dance"],"picked":"Sucker Punch","floor":14.0},{"not_picked":["Grand Finale","Wraith Form v2"],"picked":"Doppelganger","floor":16},{"not_picked":["Deflect+1","Outmaneuver","Flying Knee"],"picked":"Singing Bowl","floor":18},{"not_picked":["Backflip+1","Poisoned Stab","Cloak And Dagger"],"picked":"Singing Bowl","floor":20},{"not_picked":["Reflex","Flying Knee"],"picked":"Escape Plan","floor":22},{"not_picked":["Die Die Die","Accuracy"],"picked":"Crippling Poison","floor":22},{"not_picked":["Dagger Throw","Deflect+1"],"picked":"Terror","floor":22},{"not_picked":["Backflip","Bane","Cloak And Dagger+1"],"picked":"Singing Bowl","floor":22},{"not_picked":["Dodge and Roll","Slice","Deadly Poison"],"picked":"Singing Bowl","floor":22},{"not_picked":["Dagger Spray+1","Crippling Poison+1"],"picked":"PiercingWail","floor":25},{"not_picked":["Acrobatics","Night Terror"],"picked":"Envenom","floor":27},{"not_picked":["Venomology","Adrenaline"],"picked":"Envenom","floor":33},{"not_picked":["Dodge and Roll","Acrobatics"],"picked":"Footwork","floor":35},{"not_picked":["Prepared","Acrobatics"],"picked":"Unload","floor":40},{"not_picked":["Acrobatics+1","All Out Attack"],"picked":"Corpse Explosion","floor":42},{"not_picked":["Choke+1","Quick Slash"],"picked":"PiercingWail+1","floor":45},{"not_picked":["Bane","Flying Knee","Leg Sweep+1"],"picked":"Singing Bowl","floor":45},{"not_picked":["Outmaneuver","Expertise"],"picked":"Backstab","floor":47},{"not_picked":["Heel Hook","Slice","Underhanded Strike"],"picked":"Singing Bowl","floor":48},{"not_picked":["Deflect","Flechettes+1","Acrobatics"],"picked":"Singing Bowl","floor":48}],"player_experience":1072658,"relics_obtained":[{"floor":6.0,"key":"Bird Faced Urn"},{"floor":9.0,"key":"StoneCalendar"},{"floor":11.0,"key":"Bottled Tornado"},{"floor":12.0,"key":"Tiny Chest"},{"floor":14.0,"key":"Calling Bell"},{"floor":15,"key":"Singing Bowl"},{"floor":23,"key":"Tough Bandages"},{"floor":26,"key":"hexamod:Sixitude"},{"floor":27,"key":"FossilizedHelix"},{"floor":28,"key":"Runic Pyramid"},{"floor":29,"key":"Meat on the Bone"},{"floor":30,"key":"CaptainsWheel"},{"floor":32,"key":"Shuriken"},{"floor":38,"key":"Pocketwatch"},{"floor":39,"key":"Mango"},{"floor":40,"key":"Peace Pipe"},{"floor":41,"key":"Prayer Wheel"},{"floor":42,"key":"InkBottle"},{"floor":43,"key":"Bottled Flame"},{"floor":44,"key":"Guardian:GemstoneGun"},{"floor":46,"key":"Gambling Chip"},{"floor":47,"key":"Orichalcum"},{"floor":49,"key":"Blue Candle"}],"event_choices":[{"damage_healed":0.0,"max_hp_gain":0.0,"max_hp_loss":0.0,"gold_gain":50.0,"event_name":"Golden Shrine","player_choice":"Pray","floor":2.0,"gold_loss":0.0,"damage_taken":0.0},{"damage_healed":0.0,"max_hp_gain":0.0,"max_hp_loss":0.0,"gold_gain":54.0,"event_name":"Golden Wing","player_choice":"Gained Gold","floor":5.0,"gold_loss":0.0,"damage_taken":0.0},{"damage_healed":0.0,"max_hp_gain":0.0,"max_hp_loss":0.0,"gold_gain":150.0,"event_name":"Liars Game","player_choice":"AGREE","floor":10.0,"gold_loss":0.0,"damage_taken":0.0,"cards_obtained":["Doubt"]},{"damage_healed":0,"gold_gain":0,"player_choice":"Read","damage_taken":0,"max_hp_gain":0,"max_hp_loss":0,"event_name":"The Library","floor":19,"gold_loss":0,"cards_obtained":["Leg Sweep"]},{"damage_healed":0,"gold_gain":0,"player_choice":"Simplicity","damage_taken":0,"max_hp_gain":0,"max_hp_loss":0,"event_name":"Back to Basics","floor":21,"gold_loss":0,"cards_upgraded":["Strike_G","Strike_G","Strike_G","Strike_G","Strike_G","Defend_G","Defend_G","Defend_G","Defend_G","Defend_G"]},{"damage_healed":0,"gold_gain":200,"player_choice":"Gold","damage_taken":0,"max_hp_gain":0,"max_hp_loss":0,"event_name":"Wheel of Change","floor":24,"gold_loss":0},{"damage_healed":0,"gold_gain":0,"player_choice":"0 cards matched","damage_taken":0,"max_hp_gain":0,"max_hp_loss":0,"event_name":"Match and Keep!","floor":36,"gold_loss":0,"cards_obtained":[]}],"is_beta":false,"boss_relics":[{"not_picked":["Coffee Dripper","Pandora\u0027s Box"],"picked":"Fusion Hammer"},{"not_picked":["Ring of the Serpent","Snecko Eye"],"picked":"WristBlade"}],"items_purged_floors":[13],"is_endless":false,"potions_floor_spawned":[4,7,16,20,27,40,42,45,47],"ascension_level":16}}