{"host":"39i3emxub3h8uyq3","time":1611621749,"event":{"mods":["AchievementEnabler","BaseMod","Clockwork Mod","Colored Map","Downfall","Glutton Mod","Gold Saver","Minty Spire (QoL Compilation)","StSLib","TheHeartMod"],"gold_per_floor":[527,537,537,537,214,249,249,277,277,76,91,91,91,61,61,161,161,176,176,176,137,151,151,151,169,248,99,99,99,99,99,99,197,197,214,230,78,96,96,96,108,108,181,195,49,49,49],"floor_reached":46,"language":"ENG","playtime":2015,"items_purged":[],"score":472,"play_id":"49ea141c-591d-4e63-bb61-7227cb66536f","local_time":"20210125194229","is_ascension_mode":false,"campfire_choices":[{"floor":7,"key":"REST"},{"floor":12,"key":"REST"},{"floor":15,"key":"REST"},{"data":"Fire Breathing","floor":24,"key":"SMITH"},{"floor":28,"key":"REST"},{"floor":32,"key":"REST"},{"floor":40,"key":"REST"},{"floor":42,"key":"REST"}],"circlet_count":0,"master_deck":["Strike_R+1","Strike_R+1","Strike_R+1","Strike_R+1","Strike_R+1","Defend_R+1","Defend_R+1","Defend_R+1","Defend_R+1","Bash+1","Dramatic Entrance","Clothesline","Anger","Uppercut","Uppercut+1","Fire Breathing+1","Pommel Strike+1","Headbutt+1","Feed+1","Thunderclap+1","downfall:Bewildered","Metallicize+1","Inflame+1","Decay","Cleave+1","Immolate+1","Cleave+1","Uppercut+1","Thunderclap+1","Inflame+1","Armaments+1","Heavy Blade+1","Disarm+1"],"relics":["Black Blood","Pear","Molten Egg 2","Mango","Frozen Egg 2","HandDrill","Juzu Bracelet","Black Star","sneckomod:BabySnecko","Letter Opener","PreservedInsect","Meat on the Bone","Dream Catcher","HornCleat","Toolbox"],"acts_visited":["Exordium","TheCity","TheBeyond"],"potions_floor_usage":[8,18,36,38,38,44],"damage_taken":[{"damage":2,"enemies":"Small Slimes","floor":1,"turns":2},{"damage":0,"enemies":"2 Louse","floor":2,"turns":2},{"damage":19,"enemies":"Lagavulin","floor":6,"turns":6},{"damage":41,"enemies":"3 Sentries","floor":8,"turns":7},{"damage":8,"enemies":"Jaw Worm","floor":11,"turns":2},{"damage":64,"enemies":"The Guardian","floor":16,"turns":8},{"damage":35,"enemies":"Shell Parasite","floor":18,"turns":6},{"damage":10,"enemies":"3 Byrds","floor":22,"turns":4},{"damage":53,"enemies":"3 Cultists","floor":25,"turns":5},{"damage":74,"enemies":"Automaton","floor":33,"turns":9},{"damage":32,"enemies":"3 Darklings","floor":35,"turns":3},{"damage":22,"enemies":"Orb Walker","floor":36,"turns":3},{"damage":49,"enemies":"Sphere and 2 Shapes","floor":38,"turns":6},{"damage":0,"enemies":"Jaw Worm Horde","floor":41,"turns":1},{"damage":42,"enemies":"Spire Growth","floor":44,"turns":6},{"damage":114,"enemies":"Giant Head","floor":46,"turns":8}],"seed_played":"302389667132126668","potions_obtained":[{"floor":2,"key":"BloodPotion"},{"floor":6,"key":"SteroidPotion"},{"floor":16,"key":"AttackPotion"},{"floor":25,"key":"GamblersBrew"},{"floor":35,"key":"Explosive Potion"},{"floor":36,"key":"PowerPotion"},{"floor":41,"key":"Strength Potion"}],"is_trial":false,"path_per_floor":["M","M","?","?","$","E","R","E","T","$","M","R","?","?","R","B",null,"M","?","?","$","M","?","R","M","T","$","R","?","?","T","R","B",null,"M","M","$","M","$","R","M","R","T","M","$","E"],"character_chosen":"IRONCLAD","items_purchased":["Pear","Uppercut","HandDrill","Pommel Strike+1","Metallicize+1","PreservedInsect","Dream Catcher","Toolbox"],"campfire_rested":7,"item_purchase_floors":[5,5,10,10,21,27,37,45],"current_hp_per_floor":[80,80,64,64,74,61,88,85,85,85,83,104,92,92,104,46,104,79,108,108,108,108,108,108,65,65,65,99,99,99,99,116,60,116,96,86,86,61,61,95,107,116,116,86,86,0,0],"gold":49,"neow_bonus":"RANDOM_COLORLESS","is_daily":false,"chose_seed":true,"campfire_upgraded":1,"win_rate":0.0,"timestamp":1611621749,"path_taken":["M","M","?","?","$","E","R","E","T","$","M","R","?","?","R","BOSS","M","?","?","$","M","?","R","M","T","$","R","?","?","?","R","BOSS","M","M","$","M","$","R","M","R","T","M","$","E"],"items_purchased_type":["Relic","Card","Relic","Card","Card","Relic","Relic","Relic"],"build_version":"2020-12-22","purchased_purges":0,"victory":false,"max_hp_per_floor":[80,80,80,80,90,90,90,104,104,104,104,104,104,104,104,104,104,108,108,108,108,112,112,112,116,116,116,116,116,116,116,116,116,116,116,116,116,116,116,116,116,116,116,116,116,116,116],"card_choices":[{"not_picked":["Impatience","Forethought"],"picked":"Dramatic Entrance","floor":0},{"not_picked":["Flex","Perfected Strike"],"picked":"Clothesline","floor":1},{"not_picked":["Heavy Blade","Armaments"],"picked":"Anger","floor":2},{"not_picked":["Metallicize","Armaments"],"picked":"Uppercut+1","floor":6},{"not_picked":["Ghostly Armor","Burning Pact"],"picked":"Fire Breathing","floor":8},{"not_picked":["Fire Breathing+1","Disarm"],"picked":"Headbutt+1","floor":11},{"not_picked":["Brutality+1","Reaper+1"],"picked":"Feed+1","floor":16},{"not_picked":["Rage+1","Armaments"],"picked":"Thunderclap+1","floor":18},{"not_picked":["Sword Boomerang+1","Reckless Charge+1"],"picked":"Inflame+1","floor":22},{"not_picked":["Power Through","Sever Soul+1"],"picked":"Cleave+1","floor":25},{"not_picked":["Berserk+1","Limit Break"],"picked":"Immolate+1","floor":33},{"not_picked":["Warcry","Havoc+1"],"picked":"Cleave+1","floor":35},{"not_picked":["Feel No Pain+1","Flex"],"picked":"Uppercut+1","floor":36},{"not_picked":["Pummel+1","Infernal Blade"],"picked":"Thunderclap+1","floor":38},{"not_picked":["Bloodletting+1","Cleave+1"],"picked":"Inflame+1","floor":40},{"not_picked":["Thunderclap+1","Inflame+1"],"picked":"Armaments+1","floor":41},{"not_picked":["Headbutt+1","Feel No Pain+1"],"picked":"Heavy Blade+1","floor":42},{"not_picked":["Second Wind+1","Bloodletting+1"],"picked":"Disarm+1","floor":44}],"player_experience":57718,"relics_obtained":[{"floor":6,"key":"Molten Egg 2"},{"floor":8,"key":"Mango"},{"floor":9,"key":"Frozen Egg 2"},{"floor":26,"key":"Letter Opener"},{"floor":31,"key":"Meat on the Bone"},{"floor":43,"key":"HornCleat"}],"event_choices":[{"damage_healed":0,"gold_gain":0,"player_choice":"Entered Light","damage_taken":16,"max_hp_gain":0,"max_hp_loss":0,"event_name":"Shining Light","floor":3,"gold_loss":0,"cards_upgraded":["Bash","Defend_R"]},{"damage_healed":0,"gold_gain":0,"player_choice":"Ignored","damage_taken":0,"max_hp_gain":0,"max_hp_loss":0,"event_name":"Liars Game","floor":4,"gold_loss":0},{"damage_healed":0,"gold_gain":0,"player_choice":"Success","damage_taken":12,"relics_obtained":["Juzu Bracelet"],"max_hp_gain":0,"max_hp_loss":0,"event_name":"Scrap Ooze","floor":13,"gold_loss":0},{"damage_healed":0,"gold_gain":0,"player_choice":"Left Gold","damage_taken":0,"max_hp_gain":0,"max_hp_loss":0,"event_name":"World of Goop","floor":14,"gold_loss":30},{"damage_healed":36,"gold_gain":0,"player_choice":"Heal","damage_taken":0,"max_hp_gain":0,"max_hp_loss":0,"event_name":"The Library","floor":19,"gold_loss":0},{"damage_healed":0,"gold_gain":0,"player_choice":"Smashed Altar","damage_taken":0,"max_hp_gain":0,"max_hp_loss":0,"event_name":"Forgotten Altar","floor":23,"gold_loss":0,"cards_obtained":["Decay"]},{"damage_healed":0,"gold_gain":0,"player_choice":"Simplicity","damage_taken":0,"max_hp_gain":0,"max_hp_loss":0,"event_name":"Back to Basics","floor":30,"gold_loss":0,"cards_upgraded":["Strike_R","Strike_R","Strike_R","Strike_R","Strike_R","Defend_R","Defend_R","Defend_R"]}],"is_beta":false,"boss_relics":[{"not_picked":["Philosopher\u0027s Stone","Snecko Eye"],"picked":"Black Star"},{"not_picked":["Astrolabe","Runic Cube"],"picked":"Black Blood"}],"items_purged_floors":[],"is_endless":false,"potions_floor_spawned":[2,6,16,25,35,36,41],"killed_by":"Giant Head","ascension_level":0}}