{"host":"j4g6ia6asvpyu2b0","time":1611661073,"event":{"mods":["BaseMod","Colored Map","Minty Spire (QoL Compilation)","Permanent Neow","Quick Restart","Relic Stats","StSLib","Unceasing Turn Reminder"],"gold_per_floor":[110,129,304,304,254,254,279,279,326,326,355,355,386,117,117,219,219,232,246,265,265,280,311,311,671,695,695,706,706,717,750,750,846,846,857,1132,727,738,758,783,783,817,875,916,928,967,997,1021,1033,1045,1057,1069,58,85,85],"floor_reached":56,"language":"ENG","playtime":2980,"items_purged":["Clumsy","Regret","Strike_G"],"score":1608,"play_id":"73a284e8-7c76-4d2a-96bd-19df57d313a2","local_time":"20210126043753","is_ascension_mode":true,"campfire_choices":[{"data":"A Thousand Cuts","floor":6,"key":"SMITH"},{"data":"Neutralize","floor":8,"key":"SMITH"},{"floor":10,"key":"REST"},{"floor":12,"key":"REST"},{"data":"Adrenaline","floor":15,"key":"SMITH"},{"data":"Envenom","floor":24,"key":"SMITH"},{"floor":27,"key":"REST"},{"data":"Footwork","floor":29,"key":"SMITH"},{"data":"Wraith Form v2","floor":32,"key":"SMITH"},{"floor":41,"key":"RECALL"},{"floor":45,"key":"REST"},{"floor":49,"key":"REST"},{"floor":52,"key":"REST"}],"circlet_count":0,"master_deck":["Strike_G","Strike_G","Strike_G","Strike_G","Defend_G","Defend_G","Defend_G","Defend_G","Defend_G","Survivor","Neutralize+1","A Thousand Cuts+1","Quick Slash","Slice","Poisoned Stab","Infinite Blades","Adrenaline+1","Leg Sweep","Footwork+1","Blur","Envenom+1","PiercingWail","Cloak And Dagger","Backstab","RitualDagger","PiercingWail+1","Finisher+1","Dash+1","Wraith Form v2+1","Flying Knee+1","Tools of the Trade","Acrobatics+1","Choke+1","Flash of Steel+1","Infinite Blades","Cloak And Dagger","Backflip","Acrobatics+1","Dagger Spray+1","Infinite Blades","Infinite Blades+1","Terror+1","Sucker Punch+1","Quick Slash+1","Well Laid Plans","Riddle With Holes+1","Deadly Poison","Metamorphosis","Footwork+1"],"relics":["Ring of the Snake","Shuriken","Toy Ornithopter","InkBottle","Philosopher\u0027s Stone","Molten Egg 2","Pen Nib","Boot","Fusion Hammer","Strawberry","MawBank","Orichalcum","Pear","Bronze Scales","Lantern","Bottled Flame","Vajra"],"acts_visited":["Exordium","TheCity","TheBeyond","TheEnding"],"potions_floor_usage":[16,23,33,40,42,42,55,55,55],"damage_taken":[{"damage":20,"enemies":"Jaw Worm","floor":1,"turns":7},{"damage":0,"enemies":"Small Slimes","floor":2,"turns":4},{"damage":27,"enemies":"Lagavulin","floor":7,"turns":9},{"damage":14,"enemies":"3 Sentries","floor":11,"turns":6},{"damage":8,"enemies":"Gremlin Nob","floor":13,"turns":3},{"damage":0,"enemies":"Slime Boss","floor":16,"turns":7},{"damage":9,"enemies":"3 Byrds","floor":18,"turns":5},{"damage":9,"enemies":"Chosen","floor":19,"turns":5},{"damage":4,"enemies":"3 Cultists","floor":20,"turns":5},{"damage":3,"enemies":"Chosen and Byrds","floor":22,"turns":4},{"damage":7,"enemies":"Slavers","floor":23,"turns":5},{"damage":7,"enemies":"Snecko","floor":28,"turns":7},{"damage":0,"enemies":"3 Cultists","floor":30,"turns":3},{"damage":0,"enemies":"Gremlin Leader","floor":31,"turns":5},{"damage":9,"enemies":"Champ","floor":33,"turns":8},{"damage":1,"enemies":"Orb Walker","floor":35,"turns":3},{"damage":3,"enemies":"3 Darklings","floor":38,"turns":5},{"damage":13,"enemies":"Writhing Mass","floor":39,"turns":5},{"damage":20,"enemies":"Reptomancer","floor":40,"turns":6},{"damage":14,"enemies":"Giant Head","floor":42,"turns":6},{"damage":0,"enemies":"Nemesis","floor":44,"turns":5},{"damage":13,"enemies":"Reptomancer","floor":46,"turns":4},{"damage":0,"enemies":"4 Shapes","floor":47,"turns":3},{"damage":2,"enemies":"Spire Growth","floor":48,"turns":4},{"damage":80,"enemies":"Time Eater","floor":50,"turns":9},{"damage":0,"enemies":"Shield and Spear","floor":54,"turns":6},{"damage":81,"enemies":"The Heart","floor":55,"turns":10}],"seed_played":"-2763307093405453518","potions_obtained":[{"floor":2,"key":"Dexterity Potion"},{"floor":11,"key":"PowerPotion"},{"floor":13,"key":"Energy Potion"},{"floor":19,"key":"FearPotion"},{"floor":22,"key":"AttackPotion"},{"floor":28,"key":"DistilledChaos"},{"floor":40,"key":"SteroidPotion"},{"floor":46,"key":"Explosive Potion"},{"floor":47,"key":"Fire Potion"}],"is_trial":false,"path_per_floor":["M","M","?","?","?","R","E","R","T","R","E","R","E","$","R","B",null,"M","M","M","?","M","E","R","?","T","R","M","R","M","E","R","B",null,"M","?","$","M","M","E","R","E","T","E","R","E","M","M","R","B",null,"R","$","E","B",null],"character_chosen":"THE_SILENT","items_purchased":["Leg Sweep","Footwork","Blur","Choke+1","Flash of Steel+1","Infinite Blades","Cloak And Dagger","SteroidPotion","Lantern","Well Laid Plans","Ancient Potion","SpeedPotion","Riddle With Holes+1","Bottled Flame","Deadly Poison","Metamorphosis"],"campfire_rested":6,"item_purchase_floors":[14,14,14,37,37,37,37,37,53,53,53,53,53,53,53,53],"current_hp_per_floor":[50,50,50,55,55,55,28,28,28,50,36,58,50,50,50,55,75,66,57,53,47,44,42,42,6,6,28,21,21,21,21,21,17,75,74,74,74,71,58,50,50,46,46,56,83,70,70,68,92,12,92,92,92,92,11],"gold":85,"neow_bonus":"THREE_RARE_CARDS","is_daily":false,"chose_seed":false,"campfire_upgraded":6,"win_rate":0.0,"timestamp":1611661073,"path_taken":["M","M","?","?","?","R","E","R","T","R","E","R","E","$","R","BOSS","M","M","M","?","M","E","R","?","T","R","M","R","?","E","R","BOSS","M","?","$","?","M","E","R","E","T","E","R","E","M","M","R","BOSS","R","$","E","BOSS"],"items_purchased_type":["Card","Card","Card","Card","Card","Card","Card","Potion","Relic","Card","Potion","Potion","Card","Relic","Card","Card"],"build_version":"2020-12-22","purchased_purges":3,"victory":true,"max_hp_per_floor":[70,70,70,75,75,75,75,75,75,75,75,75,75,75,75,75,75,75,75,75,75,75,75,75,75,75,75,75,75,75,75,75,75,75,75,75,75,75,75,82,82,82,82,92,92,92,92,92,92,92,92,92,92,92,92],"relic_stats":{"counters":[27,149],"Shuriken":[81],"Bronze Scales":[180],"Pen Nib":[27],"Orichalcum":[42],"Boot":[56],"MawBank":132,"obtain_stats":[{"Lantern":53,"Pear":44,"Vajra":54,"Pen Nib":26,"Orichalcum":43,"Boot":31,"MawBank":42,"Bottled Flame":53,"Shuriken":7,"Strawberry":40,"Bronze Scales":46,"Philosopher\u0027s Stone":17,"Molten Egg 2":23,"Fusion Hammer":34,"Toy Ornithopter":11,"InkBottle":13,"Ring of the Snake":0},{"Lantern":25,"Pear":21,"Vajra":26,"Pen Nib":11,"Orichalcum":20,"Boot":14,"MawBank":20,"Bottled Flame":25,"Shuriken":3,"Strawberry":19,"Bronze Scales":22,"Philosopher\u0027s Stone":6,"Molten Egg 2":11,"Fusion Hammer":15,"Toy Ornithopter":4,"InkBottle":5,"Ring of the Snake":0},{"Lantern":133,"Pear":113,"Vajra":139,"Pen Nib":60,"Orichalcum":108,"Boot":75,"MawBank":108,"Bottled Flame":133,"Shuriken":20,"Strawberry":102,"Bronze Scales":117,"Philosopher\u0027s Stone":36,"Molten Egg 2":60,"Fusion Hammer":83,"Toy Ornithopter":26,"InkBottle":29,"Ring of the Snake":0}],"Toy Ornithopter":30,"InkBottle":[60],"Ring of the Snake":[54]},"card_choices":[{"not_picked":["Grand Finale","Corpse Explosion"],"picked":"A Thousand Cuts","floor":0},{"not_picked":["Skewer","Underhanded Strike"],"picked":"Quick Slash","floor":1},{"not_picked":["Bane","Underhanded Strike"],"picked":"Slice","floor":2},{"not_picked":["Bane","Prepared"],"picked":"Poisoned Stab","floor":7},{"not_picked":["Escape Plan","Finisher"],"picked":"Infinite Blades","floor":11},{"not_picked":["Bouncing Flask","Calculated Gamble"],"picked":"Adrenaline","floor":13},{"not_picked":["Glass Knife","Venomology"],"picked":"Envenom","floor":16},{"not_picked":["Distraction","Bane"],"picked":"PiercingWail","floor":18},{"not_picked":["Setup+1","Prepared"],"picked":"Cloak And Dagger","floor":19},{"not_picked":["Setup","Dagger Spray"],"picked":"Backstab","floor":20},{"not_picked":["Quick Slash","Eviscerate"],"picked":"PiercingWail+1","floor":22},{"not_picked":["Cloak And Dagger","Quick Slash+1"],"picked":"Finisher+1","floor":23},{"not_picked":["Acrobatics","Leg Sweep"],"picked":"Dash+1","floor":28},{"not_picked":["Dodge and Roll","Footwork"],"picked":"Wraith Form v2","floor":30},{"not_picked":["Quick Slash+1","Calculated Gamble"],"picked":"Flying Knee+1","floor":31},{"not_picked":["Bullet Time","Envenom"],"picked":"Tools of the Trade","floor":33},{"not_picked":["Dodge and Roll","Quick Slash+1"],"picked":"Acrobatics+1","floor":35},{"not_picked":["Flying Knee+1","Dagger Spray+1"],"picked":"Backflip","floor":38},{"not_picked":["Outmaneuver","All Out Attack+1"],"picked":"Acrobatics+1","floor":39},{"not_picked":["Flechettes+1","Bouncing Flask"],"picked":"Dagger Spray+1","floor":40},{"not_picked":["Escape Plan","All Out Attack+1"],"picked":"Infinite Blades","floor":42},{"not_picked":["Backflip+1","Poisoned Stab+1"],"picked":"Infinite Blades+1","floor":44},{"not_picked":["Flechettes+1","Doppelganger"],"picked":"Terror+1","floor":46},{"not_picked":["Dagger Throw+1","Deadly Poison+1"],"picked":"Sucker Punch+1","floor":47},{"not_picked":["Leg Sweep+1","Prepared+1"],"picked":"Quick Slash+1","floor":48},{"not_picked":["Blur","Calculated Gamble+1"],"picked":"Footwork+1","floor":54}],"player_experience":1021201,"relics_obtained":[{"floor":7,"key":"Shuriken"},{"floor":11,"key":"Toy Ornithopter"},{"floor":13,"key":"InkBottle"},{"floor":23,"key":"Molten Egg 2"},{"floor":26,"key":"Pen Nib"},{"floor":31,"key":"Boot"},{"floor":40,"key":"Strawberry"},{"floor":42,"key":"MawBank"},{"floor":43,"key":"Orichalcum"},{"floor":44,"key":"Pear"},{"floor":46,"key":"Bronze Scales"},{"floor":54,"key":"Vajra"}],"event_choices":[{"damage_healed":0,"gold_gain":175,"player_choice":"AGREE","damage_taken":0,"max_hp_gain":0,"max_hp_loss":0,"event_name":"Liars Game","floor":3,"gold_loss":0,"cards_obtained":["Doubt"]},{"damage_healed":0,"gold_gain":0,"player_choice":"Donut","damage_taken":0,"max_hp_gain":5,"max_hp_loss":0,"event_name":"Big Fish","floor":4,"gold_loss":0},{"cards_removed":["Doubt"],"damage_healed":0,"gold_gain":0,"player_choice":"Card Removal","damage_taken":0,"max_hp_gain":0,"max_hp_loss":0,"event_name":"The Cleric","floor":5,"gold_loss":50},{"damage_healed":0,"gold_gain":0,"player_choice":"Joined the Cult","damage_taken":6,"max_hp_gain":0,"max_hp_loss":0,"event_name":"Nest","floor":21,"gold_loss":0,"cards_obtained":["RitualDagger"]},{"damage_healed":0,"gold_gain":360,"player_choice":"GOLD GOLD GOLD GOLD ","damage_taken":36,"max_hp_gain":0,"max_hp_loss":0,"event_name":"Knowing Skull","floor":25,"potions_obtained":[],"gold_loss":0,"cards_obtained":[]},{"damage_healed":0,"gold_gain":275,"player_choice":"Desecrate","damage_taken":0,"max_hp_gain":0,"max_hp_loss":0,"event_name":"Golden Shrine","floor":36,"gold_loss":0,"cards_obtained":["Regret"]}],"is_beta":false,"boss_relics":[{"not_picked":["Runic Pyramid","Busted Crown"],"picked":"Philosopher\u0027s Stone"},{"not_picked":["Pandora\u0027s Box","WristBlade"],"picked":"Fusion Hammer"}],"items_purged_floors":[14,37,53],"is_endless":false,"potions_floor_spawned":[2,11,13,19,22,28,31,40,46,47],"ascension_level":2}}