{"host":"fuszjwm6fqgjjp4d","time":1611622415,"event":{"mods":["BaseMod","Bestiary","Colored Map","DeckTracker","Minty Spire (QoL Compilation)","Permanent Neow","Relic Sorter","Relic Stats","StSLib"],"gold_per_floor":[110,122,134,108,120,120,120,150,150,150,150],"floor_reached":10,"language":"ENG","playtime":341,"items_purged":[],"score":136,"play_id":"c3154c24-5925-4020-9b35-c62f2f16a6b3","local_time":"20210125185335","is_ascension_mode":true,"campfire_choices":[{"floor":6.0,"key":"DIG"}],"circlet_count":0,"master_deck":["AscendersBane","Strike_R","Strike_R","Strike_R","Strike_R","Defend_R","Defend_R","Defend_R","Defend_R","Bash","CurseOfTheBell","Sword Boomerang","Disarm","Double Tap","Flex","Infernal Blade","Shockwave"],"relics":["Calling Bell","Bag of Marbles","Sundial","Shovel","Strawberry","Gremlin Horn","Bag of Preparation"],"acts_visited":["Exordium"],"potions_floor_usage":[10],"damage_taken":[{"damage":10.0,"enemies":"Small Slimes","floor":1.0,"turns":3.0},{"damage":1.0,"enemies":"Cultist","floor":2.0,"turns":3.0},{"damage":7.0,"enemies":"Jaw Worm","floor":3.0,"turns":3.0},{"damage":16.0,"enemies":"Large Slime","floor":5.0,"turns":5.0},{"damage":39.0,"enemies":"Gremlin Nob","floor":8.0,"turns":4.0},{"damage":5,"enemies":"3 Sentries","floor":10,"turns":2}],"seed_played":"6407697412621964384","potions_obtained":[{"floor":5.0,"key":"ColorlessPotion"},{"floor":8.0,"key":"BlessingOfTheForge"}],"is_trial":false,"path_per_floor":["M","M","M","$","M","R","?","E","T","E"],"character_chosen":"IRONCLAD","items_purchased":["Flex"],"campfire_rested":0,"item_purchase_floors":[4],"current_hp_per_floor":[58,57,50,50,34,41,41,2,2,0,0],"gold":150,"neow_bonus":"BOSS_RELIC","is_daily":false,"chose_seed":false,"campfire_upgraded":0,"win_rate":0.0,"timestamp":1611622415,"path_taken":["M","M","M","$","M","R","?","E","T","E"],"items_purchased_type":["Card"],"build_version":"2020-12-22","purchased_purges":0,"victory":false,"max_hp_per_floor":[75,75,75,75,75,82,82,82,82,82,82],"relic_stats":{"Shovel":1,"Gremlin Horn":[2,2],"counters":[6,20],"Sundial":[2],"Bag of Preparation":[2],"obtain_stats":[{"Calling Bell":0,"Shovel":0,"Gremlin Horn":8,"Sundial":0,"Strawberry":6,"Bag of Marbles":0,"Bag of Preparation":9,"Burning Blood":0},{"Calling Bell":0,"Shovel":0,"Gremlin Horn":5,"Sundial":0,"Strawberry":4,"Bag of Marbles":0,"Bag of Preparation":5,"Burning Blood":0},{"Calling Bell":0,"Shovel":0,"Gremlin Horn":18,"Sundial":0,"Strawberry":14,"Bag of Marbles":0,"Bag of Preparation":18,"Burning Blood":0}]},"card_choices":[{"not_picked":["Burning Pact","Headbutt"],"picked":"Sword Boomerang","floor":1.0},{"not_picked":["Cleave","Blood for Blood"],"picked":"Disarm","floor":2.0},{"not_picked":["Intimidate","Cleave"],"picked":"Double Tap","floor":3.0},{"not_picked":["Infernal Blade","Rage","Combust"],"picked":"SKIP","floor":5.0},{"not_picked":["Uppercut","Clothesline"],"picked":"Shockwave","floor":8.0}],"player_experience":1349731,"relics_obtained":[{"floor":0.0,"key":"Bag of Marbles"},{"floor":0.0,"key":"Sundial"},{"floor":0.0,"key":"Shovel"},{"floor":6.0,"key":"Strawberry"},{"floor":8.0,"key":"Gremlin Horn"},{"floor":9.0,"key":"Bag of Preparation"}],"event_choices":[{"damage_healed":0.0,"max_hp_gain":0.0,"max_hp_loss":0.0,"gold_gain":0.0,"cards_transformed":["Strike_R"],"event_name":"Transmorgrifier","player_choice":"Transformed","floor":7.0,"gold_loss":0.0,"damage_taken":0.0,"cards_obtained":["Infernal Blade"]}],"is_beta":false,"boss_relics":[],"items_purged_floors":[],"is_endless":false,"potions_floor_spawned":[5,8],"killed_by":"3 Sentries","ascension_level":20}}