{"host":"urvvf8749ekcxo1a","time":1611639640,"event":{"mods":["AchievementEnabler","AlwaysNeverKeys","BaseMod","Better Altar","Better Sensory Stone","Better-Laid Plans","BetterRewards","Colored Powertips","Displayed Cursed Tome","Emptier Cage","Evolution","Gold Saver","Grow up Mod","Minty Spire (QoL Compilation)","Quick Restart","Rare Cards Sparkle","Relic Filter","Relic Stats","Reliquary","StSLib","SuperFastMode","The Animator","The Cursed","The Hierophant","The Servant 0.9.4","Wide Potions"],"gold_per_floor":[976,976,976,994,1010,1010,1015,1015,1015,1015,885,885,883,627,627,732,732,749,470,520,520,534,560,579,604,604,612,635,635,659,658,658,752,752,759,759,810,735,735,749,749,773,773,801,808,655,721,797,797,793],"floor_reached":51,"language":"ENG","playtime":1066,"items_purged":["hierophant:ConvertCurrency"],"score":917,"play_id":"a24a1a9b-50d9-4011-900f-12a007cf38d8","local_time":"20210126004040","is_ascension_mode":false,"campfire_choices":[{"data":"hierophant:HolyVerse","floor":6,"key":"SMITH"},{"data":"hierophant:PristineSoul","floor":8,"key":"SMITH"},{"data":"hierophant:ChurchCoffers","floor":10,"key":"SMITH"},{"data":"hierophant:Repentance","floor":15,"key":"SMITH"},{"data":"hierophant:Kindle","floor":29,"key":"SMITH"},{"data":"hierophant:Smite","floor":32,"key":"SMITH"},{"data":"1","floor":41,"key":"LIFT"},{"data":"hierophant:Cornucopia","floor":49,"key":"SMITH"}],"circlet_count":0,"master_deck":["hierophant:PassingBell+1","hierophant:PassingBell","hierophant:PassingBell","hierophant:PassingBell+1","hierophant:Punish","hierophant:Defend_Hierophant","hierophant:Defend_Hierophant","hierophant:Defend_Hierophant","hierophant:ChurchCoffers+1","hierophant:HolyVerse+1","hierophant:PristineSoul+1","hierophant:Repentance+1","hierophant:Kindle+1","hierophant:Smite+1","hierophant:Exaltation+1","hierophant:Doubloon","hierophant:HolyVerse+1","hierophant:LocustPlague","Madness+1","hierophant:Cornucopia+1"],"relics":["hierophant:PropheticMaskRelic","EVO:Axolotl","reliquary:SilkGlove","reliquary:QuartzCube","Pen Nib","Singing Bowl","Busted Crown","reliquary:BoilingFlask","Omamori","Anchor","Tiny Chest","Vajra","Meat on the Bone","reliquary:RedCape","Girya","reliquary:Buckler","Akabeko","Chemical X","Frozen Egg 2"],"acts_visited":["Exordium","TheCity","TheBeyond"],"potions_floor_usage":[11,22,24,28,45],"damage_taken":[{"damage":0,"enemies":"Small Slimes","floor":1,"turns":2},{"damage":11,"enemies":"2 Louse","floor":4,"turns":2},{"damage":0,"enemies":"Cultist","floor":5,"turns":2},{"damage":4,"enemies":"Looter","floor":7,"turns":2},{"damage":18,"enemies":"Gremlin Nob","floor":11,"turns":3},{"damage":0,"enemies":"Lots of Slimes","floor":13,"turns":1},{"damage":134,"enemies":"Hexaghost","floor":16,"turns":9},{"damage":10,"enemies":"Shell Parasite","floor":18,"turns":3},{"damage":0,"enemies":"3 Byrds","floor":22,"turns":1},{"damage":12,"enemies":"Slavers","floor":23,"turns":3},{"damage":0,"enemies":"Cultist and Chosen","floor":24,"turns":3},{"damage":20,"enemies":"Book of Stabbing","floor":25,"turns":4},{"damage":0,"enemies":"Snake Plant","floor":27,"turns":2},{"damage":27,"enemies":"Gremlin Leader","floor":28,"turns":4},{"damage":0,"enemies":"Shelled Parasite and Fungi","floor":30,"turns":3},{"damage":9,"enemies":"Centurion and Healer","floor":31,"turns":4},{"damage":0,"enemies":"Collector","floor":33,"turns":5},{"damage":0,"enemies":"Orb Walker","floor":35,"turns":3},{"damage":11,"enemies":"2 Orb Walkers","floor":37,"turns":4},{"damage":10,"enemies":"3 Shapes","floor":40,"turns":3},{"damage":35,"enemies":"Nemesis","floor":42,"turns":3},{"damage":8,"enemies":"Giant Head","floor":44,"turns":5},{"damage":39,"enemies":"Transient","floor":45,"turns":5},{"damage":10,"enemies":"Spire Growth","floor":47,"turns":3},{"damage":10,"enemies":"3 Darklings","floor":48,"turns":3},{"damage":70,"enemies":"Awakened One","floor":50,"turns":6}],"seed_played":"8702568826794258182","potions_obtained":[{"floor":1,"key":"Weak Potion"},{"floor":5,"key":"PowerPotion"},{"floor":12,"key":"LiquidMemories"},{"floor":12,"key":"Weak Potion"},{"floor":24,"key":"Fruit Juice"},{"floor":25,"key":"PowerPotion"},{"floor":28,"key":"PowerPotion"},{"floor":35,"key":"SteroidPotion"},{"floor":45,"key":"Dexterity Potion"}],"is_trial":false,"path_per_floor":["M","?","?","M","M","R","M","R","T","R","E","?","M","$","R","B",null,"M","$","T","?","M","E","M","E","T","M","E","R","M","M","R","B",null,"M","?","?","$","T","M","R","E","T","E","M","$","M","M","R","B",null],"character_chosen":"HIEROPHANT","items_purchased":["Singing Bowl","reliquary:BoilingFlask","hierophant:Exaltation","hierophant:Cornucopia"],"campfire_rested":0,"item_purchase_floors":[14,19,19,46],"current_hp_per_floor":[95,98,108,107,117,127,133,143,153,163,155,165,175,185,195,71,255,255,265,275,285,297,297,314,304,314,326,311,321,333,334,344,354,442,454,374,375,385,395,397,407,384,394,398,371,381,383,385,395,335],"gold":793,"neow_bonus":"RANDOM_COMMON_RELIC","is_daily":false,"chose_seed":false,"campfire_upgraded":7,"win_rate":0.0,"timestamp":1611639640,"path_taken":["M","?","?","?","M","R","M","R","T","R","E","?","M","$","R","BOSS","M","$","?","?","M","E","M","E","T","M","E","R","?","M","R","BOSS","M","?","?","$","?","M","R","E","T","E","?","$","M","M","R","BOSS"],"items_purchased_type":["Relic","Relic","Card","Card"],"build_version":"2020-12-22","purchased_purges":1,"victory":true,"max_hp_per_floor":[95,105,115,125,135,145,155,165,175,185,195,205,215,225,235,245,255,265,275,285,295,307,319,336,346,356,368,380,390,402,412,422,432,442,454,464,476,486,496,508,518,530,540,552,564,574,586,598,608,618],"relic_stats":{"Busted Crown":44,"Singing Bowl":28,"counters":[26,88],"Tiny Chest":1,"Pen Nib":[14],"Chemical X":[3],"obtain_stats":[{"Girya":37,"reliquary:SilkGlove":0,"Singing Bowl":14,"hierophant:PropheticMaskRelic":0,"reliquary:BoilingFlask":19,"Vajra":26,"Pen Nib":11,"Omamori":20,"EVO:Axolotl":0,"reliquary:RedCape":34,"Frozen Egg 2":44,"reliquary:QuartzCube":9,"Akabeko":42,"Anchor":23,"Busted Crown":17,"Tiny Chest":25,"reliquary:Buckler":39,"Chemical X":43,"Meat on the Bone":28},{"Girya":19,"reliquary:SilkGlove":0,"Singing Bowl":6,"hierophant:PropheticMaskRelic":0,"reliquary:BoilingFlask":8,"Vajra":12,"Pen Nib":5,"Omamori":8,"EVO:Axolotl":0,"reliquary:RedCape":17,"Frozen Egg 2":22,"reliquary:QuartzCube":4,"Akabeko":21,"Anchor":10,"Busted Crown":7,"Tiny Chest":12,"reliquary:Buckler":19,"Chemical X":21,"Meat on the Bone":14},{"Girya":60,"reliquary:SilkGlove":0,"Singing Bowl":12,"hierophant:PropheticMaskRelic":0,"reliquary:BoilingFlask":24,"Vajra":35,"Pen Nib":11,"Omamori":24,"EVO:Axolotl":0,"reliquary:RedCape":53,"Frozen Egg 2":71,"reliquary:QuartzCube":8,"Akabeko":66,"Anchor":28,"Busted Crown":21,"Tiny Chest":35,"reliquary:Buckler":60,"Chemical X":66,"Meat on the Bone":41}],"Meat on the Bone":0},"card_choices":[{"not_picked":["hierophant:ArchangelShield","hierophant:Blessing","hierophant:Purify"],"picked":"SKIP","floor":1},{"not_picked":["hierophant:Mercenaries","hierophant:AuricBeam"],"picked":"hierophant:HolyVerse","floor":4},{"not_picked":["hierophant:ArchangelShield","hierophant:AuricBeam"],"picked":"hierophant:PristineSoul","floor":5},{"not_picked":["hierophant:PassingBell","hierophant:Doubloon","hierophant:Purify"],"picked":"SKIP","floor":7},{"not_picked":["hierophant:Remorse","hierophant:Doubloon","hierophant:Determination"],"picked":"SKIP","floor":11},{"not_picked":["hierophant:Purify","hierophant:OrnateBuckler"],"picked":"hierophant:Repentance","floor":13},{"not_picked":["hierophant:BulkyChest","hierophant:Batter"],"picked":"hierophant:Kindle","floor":16},{"not_picked":[],"picked":"hierophant:Smite","floor":18},{"not_picked":["hierophant:Doubloon"],"picked":"Singing Bowl","floor":22},{"not_picked":["hierophant:HammerAndAnvil"],"picked":"Singing Bowl","floor":23},{"not_picked":["hierophant:MintersHammer"],"picked":"Singing Bowl","floor":24},{"not_picked":[],"picked":"hierophant:ConvertCurrency","floor":25},{"not_picked":["hierophant:FlamingChariot"],"picked":"Singing Bowl","floor":27},{"not_picked":["hierophant:Embezzle"],"picked":"Singing Bowl","floor":28},{"not_picked":["hierophant:MorningPrayer"],"picked":"Singing Bowl","floor":30},{"not_picked":[],"picked":"hierophant:HolyVerse+1","floor":31},{"not_picked":[],"picked":"hierophant:LocustPlague","floor":33},{"not_picked":["hierophant:OrnateBuckler+1"],"picked":"Singing Bowl","floor":35},{"not_picked":["hierophant:Encroach"],"picked":"Singing Bowl","floor":37},{"not_picked":["hierophant:Dazzle"],"picked":"Singing Bowl","floor":40},{"not_picked":["hierophant:HolyVerse"],"picked":"Singing Bowl","floor":42},{"not_picked":["hierophant:OrnateBuckler+1"],"picked":"Singing Bowl","floor":44},{"not_picked":["hierophant:MorningPrayer"],"picked":"Singing Bowl","floor":45},{"not_picked":["hierophant:Shelter"],"picked":"Singing Bowl","floor":47},{"not_picked":["hierophant:Upheaval"],"picked":"Singing Bowl","floor":48}],"player_experience":169643,"relics_obtained":[{"floor":9,"key":"reliquary:QuartzCube"},{"floor":11,"key":"Pen Nib"},{"floor":20,"key":"Omamori"},{"floor":23,"key":"Anchor"},{"floor":25,"key":"Tiny Chest"},{"floor":26,"key":"Vajra"},{"floor":28,"key":"Meat on the Bone"},{"floor":37,"key":"Girya"},{"floor":39,"key":"reliquary:Buckler"},{"floor":42,"key":"Akabeko"},{"floor":43,"key":"Chemical X"},{"floor":44,"key":"Frozen Egg 2"}],"event_choices":[{"cards_removed":["hierophant:Defend_Hierophant"],"damage_healed":0,"gold_gain":0,"player_choice":"Card Removal","damage_taken":7,"max_hp_gain":0,"max_hp_loss":0,"event_name":"Golden Wing","floor":2,"gold_loss":0},{"damage_healed":0,"gold_gain":0,"player_choice":"Ignored","damage_taken":0,"max_hp_gain":0,"max_hp_loss":0,"event_name":"NoteForYourself","floor":3,"gold_loss":0},{"damage_healed":0,"gold_gain":0,"player_choice":"Got Potions","damage_taken":0,"max_hp_gain":0,"max_hp_loss":0,"event_name":"Lab","floor":12,"gold_loss":0},{"damage_healed":0,"gold_gain":0,"player_choice":"Upgraded","damage_taken":0,"max_hp_gain":0,"max_hp_loss":0,"event_name":"Upgrade Shrine","floor":21,"gold_loss":0,"cards_upgraded":["hierophant:Exaltation"]},{"damage_healed":0,"gold_gain":3,"player_choice":"2","damage_taken":0,"max_hp_gain":0,"max_hp_loss":90,"event_name":"betterStone:BetterStone","floor":36,"gold_loss":0},{"damage_healed":0,"gold_gain":0,"player_choice":"Fight","damage_taken":0,"max_hp_gain":0,"max_hp_loss":0,"event_name":"Mysterious Sphere","floor":37,"gold_loss":0}],"is_beta":false,"boss_relics":[{"not_picked":["Velvet Choker","Fusion Hammer"],"picked":"Busted Crown"},{"not_picked":["Cursed Key","Tiny House"],"picked":"reliquary:RedCape"}],"items_purged_floors":[38],"is_endless":false,"potions_floor_spawned":[1,5,7,13,24,25,28,31,33,35,40,45,48],"ascension_level":0}}