{"host":"mi0eibewekhugwl1","time":1611674660,"event":{"mods":["AchievementEnabler","BaseMod","Colored Map","Colored Powertips","DeckTracker","Keyboard Shortcuts","Minty Spire (QoL Compilation)","Quick Restart","Rare Cards Sparkle","Relic Stats","StSLib","SuperFastMode","everything is the same but u backflip on backflip"],"gold_per_floor":[116,131,144,159,159,159,172,184,209,267,267,317,334,361,361,436,436,455,0,0,17,67,67,99,99,99],"floor_reached":25,"language":"KOR","playtime":538,"items_purged":["Infinite Blades"],"score":446,"play_id":"b3392a63-95b4-4b1a-8d3a-b2cf6b4fdde0","local_time":"20210127002420","is_ascension_mode":true,"campfire_choices":[{"data":"Noxious Fumes","floor":6,"key":"SMITH"},{"floor":11,"key":"REST"},{"data":"Footwork","floor":15,"key":"SMITH"},{"floor":23,"key":"DIG"}],"circlet_count":0,"master_deck":["AscendersBane","Survivor","Neutralize+1","Bouncing Flask+1","Blur","Noxious Fumes+1","Quick Slash","Escape Plan","Calculated Gamble","Footwork+1","Burst","Distraction","Catalyst","Malaise","Bullet Time","Dash","Phantasmal Killer","Choke","Bullet Time","Tactician","Apotheosis+1","Catalyst","Backflip","Leg Sweep+1"],"relics":["Ring of the Snake","Juzu Bracelet","Shovel","Boot","Pandora\u0027s Box","Lee\u0027s Waffle","Regal Pillow","Potion Belt"],"acts_visited":["Exordium","TheCity"],"potions_floor_usage":[10,10],"damage_taken":[{"damage":0,"enemies":"Cultist","floor":1,"turns":4},{"damage":2,"enemies":"Jaw Worm","floor":2,"turns":5},{"damage":5,"enemies":"2 Louse","floor":3,"turns":4},{"damage":3,"enemies":"Looter","floor":4,"turns":4},{"damage":7,"enemies":"Blue Slaver","floor":7,"turns":4},{"damage":9,"enemies":"Exordium Wildlife","floor":8,"turns":4},{"damage":9,"enemies":"Lagavulin Event","floor":10,"turns":6},{"damage":1,"enemies":"Looter","floor":13,"turns":3},{"damage":21,"enemies":"Lagavulin","floor":14,"turns":7},{"damage":4,"enemies":"The Guardian","floor":16,"turns":9},{"damage":41,"enemies":"3 Byrds","floor":18,"turns":4},{"damage":19,"enemies":"2 Thieves","floor":21,"turns":5},{"damage":44,"enemies":"Gremlin Leader","floor":24,"turns":5},{"damage":15,"enemies":"Shelled Parasite and Fungi","floor":25,"turns":1}],"seed_played":"-3342654938262345866","potions_obtained":[{"floor":1,"key":"Block Potion"},{"floor":3,"key":"EssenceOfSteel"},{"floor":18,"key":"BlessingOfTheForge"}],"is_trial":false,"path_per_floor":["M","M","M","M","?","R","M","M","T","?","R","?","M","E","R","B",null,"M","$","?","M","?","R","E","M"],"character_chosen":"THE_SILENT","items_purchased":["Apotheosis","Lee\u0027s Waffle","Catalyst"],"campfire_rested":1,"item_purchase_floors":[19,19,19],"current_hp_per_floor":[59,57,52,49,49,49,42,33,33,24,43,43,42,21,21,17,54,13,73,73,54,54,54,10,0,0],"gold":99,"neow_bonus":"UPGRADE_CARD","is_daily":false,"chose_seed":false,"campfire_upgraded":2,"win_rate":0.0,"timestamp":1611674660,"path_taken":["M","?","M","M","?","R","M","?","T","?","R","?","M","E","R","BOSS","M","$","?","M","?","R","E","M"],"items_purchased_type":["Card","Relic","Card"],"build_version":"2020-12-22","purchased_purges":1,"victory":false,"max_hp_per_floor":[66,66,66,66,66,66,66,66,66,66,66,66,66,66,66,66,66,66,73,73,73,73,73,73,73,73],"relic_stats":{"Lee\u0027s Waffle":60,"Regal Pillow":0,"Shovel":1,"counters":[14,65],"Pandora\u0027s Box":["Distraction","Catalyst","Malaise","Bullet Time","Dash","Infinite Blades","Phantasmal Killer","Choke","Bullet Time","Tactician"],"Juzu Bracelet":2,"Boot":[14],"obtain_stats":[{"Potion Belt":24,"Lee\u0027s Waffle":19,"Regal Pillow":23,"Shovel":10,"Pandora\u0027s Box":17,"Juzu Bracelet":9,"Boot":14,"Ring of the Snake":0},{"Potion Belt":13,"Lee\u0027s Waffle":11,"Regal Pillow":12,"Shovel":7,"Pandora\u0027s Box":10,"Juzu Bracelet":6,"Boot":9,"Ring of the Snake":0},{"Potion Belt":64,"Lee\u0027s Waffle":54,"Regal Pillow":59,"Shovel":31,"Pandora\u0027s Box":50,"Juzu Bracelet":25,"Boot":41,"Ring of the Snake":0}],"Ring of the Snake":[28]},"card_choices":[{"not_picked":["Choke","Terror"],"picked":"Bouncing Flask","floor":1},{"not_picked":["Escape Plan","Outmaneuver"],"picked":"Blur","floor":2},{"not_picked":["Escape Plan","Quick Slash"],"picked":"Noxious Fumes","floor":3},{"not_picked":["Quick Slash","Deflect","Bouncing Flask"],"picked":"SKIP","floor":4},{"not_picked":["Deflect","Bouncing Flask"],"picked":"Quick Slash","floor":4},{"not_picked":["Terror","Blur"],"picked":"Escape Plan","floor":7},{"not_picked":["Underhanded Strike","Acrobatics"],"picked":"Calculated Gamble","floor":8},{"not_picked":["Skewer","Deflect"],"picked":"Footwork","floor":10},{"not_picked":["Concentrate","Riddle With Holes","Accuracy"],"picked":"SKIP","floor":13},{"not_picked":["Acrobatics","Deflect","Eviscerate"],"picked":"SKIP","floor":14},{"not_picked":["A Thousand Cuts","Unload"],"picked":"Burst","floor":16},{"not_picked":["Finisher","Distraction","Flechettes"],"picked":"SKIP","floor":18},{"not_picked":["Cloak And Dagger","Catalyst"],"picked":"Backflip","floor":21},{"not_picked":["Flying Knee+1","Finisher"],"picked":"Leg Sweep+1","floor":24}],"player_experience":1760937,"relics_obtained":[{"floor":9,"key":"Juzu Bracelet"},{"floor":10,"key":"Shovel"},{"floor":14,"key":"Boot"},{"floor":23,"key":"Regal Pillow"},{"floor":24,"key":"Potion Belt"}],"event_choices":[{"damage_healed":0,"gold_gain":0,"player_choice":"Upgraded","damage_taken":0,"max_hp_gain":0,"max_hp_loss":0,"event_name":"Upgrade Shrine","floor":5,"gold_loss":0,"cards_upgraded":["Bouncing Flask"]},{"damage_healed":0,"gold_gain":0,"player_choice":"Searched \u00271\u0027 times","damage_taken":0,"max_hp_gain":0,"max_hp_loss":0,"event_name":"Dead Adventurer","floor":10,"gold_loss":0},{"damage_healed":0,"gold_gain":50,"player_choice":"Pray","damage_taken":0,"max_hp_gain":0,"max_hp_loss":0,"event_name":"Golden Shrine","floor":12,"gold_loss":0},{"damage_healed":0,"gold_gain":0,"player_choice":"Forge","damage_taken":0,"max_hp_gain":0,"max_hp_loss":0,"event_name":"Accursed Blacksmith","floor":20,"gold_loss":0,"cards_upgraded":["Apotheosis"]},{"damage_healed":0,"gold_gain":50,"player_choice":"Stole From Cult","damage_taken":0,"max_hp_gain":0,"max_hp_loss":0,"event_name":"Nest","floor":22,"gold_loss":0}],"is_beta":false,"boss_relics":[{"not_picked":["SacredBark","Runic Dome"],"picked":"Pandora\u0027s Box"}],"items_purged_floors":[19],"is_endless":false,"potions_floor_spawned":[1,3,4,8,18],"killed_by":"Shelled Parasite and Fungi","ascension_level":20}}