{"host":"roto7j7840a50pxh","time":1611650114,"event":{"mods":["Act Like it!","BaseMod","Better Altar","Better Note","Better Sensory Stone","Better Skull","Better Third Choice","BetterRewards","Colored Map","Colored Powertips","Downfall","Hermit","Highlight Path","Hubris","Infinite Spire","Minty Spire (QoL Compilation)","Replay The Spire","Robot Space Explorer","Shade Mod","Spicy Shops","StSLib","The Cursed","The Dragon Tamer","The Hierophant","The Necromancer","The Runesmith","The Servant 0.9.4","TheVacant"],"gold_per_floor":[112,112,127,140,64,92,92,112,186,186,199,199,234,254,254,357,357,370,384,358,358,358,358],"floor_reached":22,"language":"ENG","playtime":1606,"items_purged":[],"score":245,"play_id":"8f0a6b38-0a58-44fd-b655-9e8e1158d242","local_time":"20210126033514","is_ascension_mode":true,"campfire_choices":[{"floor":7.0,"key":"REST"},{"data":"hierophant:ChurchCoffers","floor":10.0,"key":"SMITH"},{"data":"hierophant:Smite","floor":12.0,"key":"SMITH"},{"floor":15.0,"key":"REST"}],"circlet_count":0,"master_deck":["hierophant:Strike_Hierophant","hierophant:Strike_Hierophant","hierophant:Strike_Hierophant","hierophant:Punish","hierophant:Defend_Hierophant","hierophant:Defend_Hierophant","hierophant:Defend_Hierophant","hierophant:Defend_Hierophant","hierophant:ChurchCoffers+1","hierophant:Smite+1","hierophant:Patience","hierophant:Shelter","hierophant:Upheaval","hierophant:OrnateBuckler","hierophant:TollTheBells","hierophant:Levitation","hierophant:DisplayOfPower","hierophant:LocustPlague","hierophant:SealAway","hierophant:HolyVerse","hierophant:Zeal","DTMod:ShieldDrain"],"relics":["hierophant:PropheticMaskRelic","NeowsBlessing","OrangePellets","Lantern","hubris:MysteriousPyramids","MealTicket","Odd Mushroom","Cursed Key"],"acts_visited":["Exordium","TheCity"],"potions_floor_usage":[20,20],"damage_taken":[{"damage":0.0,"enemies":"Small Slimes","floor":1.0,"turns":1.0},{"damage":0.0,"enemies":"Jaw Worm","floor":3.0,"turns":1.0},{"damage":0.0,"enemies":"Cultist","floor":4.0,"turns":1.0},{"damage":52.0,"enemies":"Lagavulin","floor":6.0,"turns":8.0},{"damage":0.0,"enemies":"3 Louse","floor":8.0,"turns":1.0},{"damage":0.0,"enemies":"Gremlin Gang","floor":11.0,"turns":3.0},{"damage":22.0,"enemies":"3 Sentries","floor":13.0,"turns":11.0},{"damage":3.0,"enemies":"The Mushroom Lair","floor":14.0,"turns":3.0},{"damage":28.0,"enemies":"Fading Forest","floor":16.0,"turns":11.0},{"damage":29.0,"enemies":"2 Thieves","floor":18.0,"turns":4.0},{"damage":12.0,"enemies":"Shell Parasite","floor":19.0,"turns":5.0},{"damage":2,"enemies":"Centurion and Healer","floor":20,"turns":6},{"damage":27,"enemies":"Snake Plant","floor":22,"turns":4}],"seed_played":"862444066569407180","potions_obtained":[{"floor":6.0,"key":"Strength Potion"},{"floor":11.0,"key":"DistilledChaos"},{"floor":14.0,"key":"hexamod:SoulburnPotion"},{"floor":16.0,"key":"Dexterity Potion"},{"floor":19.0,"key":"SteroidPotion"}],"is_trial":false,"path_per_floor":["M","?","M","M","$","E","R","M","T","R","M","R","E","?","R","B",null,"M","M","M","?","M"],"character_chosen":"HIEROPHANT","items_purchased":["OrangePellets"],"campfire_rested":2,"item_purchase_floors":[5],"current_hp_per_floor":[75,68,68,68,68,16,38,38,38,38,38,38,16,13,35,25,63,34,22,20,20,0,0],"gold":358,"neow_bonus":"THREE_ENEMY_KILL","is_daily":false,"chose_seed":false,"campfire_upgraded":2,"win_rate":0.0,"timestamp":1611650114,"path_taken":["M","?","M","M","$","E","R","M","T","R","M","R","E","?","R","BOSS","M","M","M","?","M"],"items_purchased_type":["Relic"],"build_version":"2020-12-22","purchased_purges":0,"victory":false,"max_hp_per_floor":[75,75,75,75,75,75,75,75,75,75,75,75,75,75,75,75,75,75,75,75,75,75,75],"card_choices":[{"not_picked":["hierophant:HammerAndAnvil","hierophant:ThreeLashes"],"picked":"hierophant:Smite","floor":1.0},{"not_picked":["hierophant:Blessing","hierophant:Generosity"],"picked":"hierophant:Patience","floor":3.0},{"not_picked":["hierophant:PassingBell","hierophant:FlamingChariot"],"picked":"hierophant:Shelter","floor":4.0},{"not_picked":["hierophant:Smite","hierophant:Doubloon"],"picked":"hierophant:Upheaval","floor":6.0},{"not_picked":["hierophant:FlamingChariot","hierophant:MorningPrayer"],"picked":"hierophant:OrnateBuckler","floor":8.0},{"not_picked":["hierophant:RepressedViolence","hierophant:SolarFlare"],"picked":"hierophant:TollTheBells","floor":11.0},{"not_picked":["hierophant:PristineSoul","hierophant:Repentance"],"picked":"hierophant:Levitation","floor":13.0},{"not_picked":["hierophant:Mercenaries","hierophant:Sermon"],"picked":"hierophant:DisplayOfPower","floor":14.0},{"not_picked":["hierophant:AuricForm","hierophant:Generosity"],"picked":"hierophant:LocustPlague","floor":16.0},{"not_picked":["hierophant:HammerAndAnvil","hierophant:AuricBeam+1"],"picked":"hierophant:SealAway","floor":18.0},{"not_picked":["hierophant:AuricBeam","hierophant:OrnateBuckler"],"picked":"hierophant:HolyVerse","floor":19.0},{"not_picked":["hierophant:DisplayOfPower","hierophant:FieryStrike"],"picked":"hierophant:Zeal","floor":20}],"player_experience":1655071,"relics_obtained":[{"floor":6.0,"key":"Lantern"},{"floor":9.0,"key":"hubris:MysteriousPyramids"},{"floor":13.0,"key":"MealTicket"},{"floor":14.0,"key":"Odd Mushroom"}],"event_choices":[{"cards_removed":["hierophant:Strike_Hierophant"],"damage_healed":0.0,"max_hp_gain":0.0,"max_hp_loss":0.0,"gold_gain":0.0,"event_name":"Golden Wing","player_choice":"Card Removal","floor":2.0,"gold_loss":0.0,"damage_taken":7.0},{"damage_healed":0.0,"max_hp_gain":0.0,"max_hp_loss":0.0,"gold_gain":0.0,"event_name":"Mushrooms","player_choice":"Fought Mushrooms","floor":14.0,"gold_loss":0.0,"damage_taken":0.0},{"cards_removed":["hierophant:ChurchCoffers"],"damage_healed":0,"gold_gain":0,"player_choice":"Take \u0026 Give","damage_taken":0,"max_hp_gain":0,"max_hp_loss":0,"event_name":"betterNote:BetterNote","floor":21,"gold_loss":0,"cards_obtained":["DTMod:ShieldDrain"]}],"is_beta":false,"boss_relics":[{"not_picked":["Empty Cage","Velvet Choker"],"picked":"Cursed Key"}],"items_purged_floors":[],"is_endless":false,"potions_floor_spawned":[6,11,14,16,19],"killed_by":"Snake Plant","ascension_level":5}}