{"host":"rjfefv2ruvigm2gb","time":1611692025,"event":{"mods":["Act Like it!","AlwaysNeverKeys","BaseMod","Better Third Choice","Block Reminder","Conspire","Curses Come First","Displayed Cursed Tome","Downfall","Elementarium","Fox Events","GifTheSpireLib","Gold Saver","Googly Eyes","HexUI Lib","Hubris","Infinite Spire","Ironclad Rager","Marked Mod","Mimic Mod","Minty Spire (QoL Compilation)","Permanent Neow","Poor People Problems","Quick Restart","Relic Filter","Relic Stats","Reliquary","Replay The Spire","Retaliation","Shop Mod","Small Relic Pack","StS++","StSLib","Stuff the Spire","SuperFastMode","The Blue Laboratory","TheSurvivalist","Transform Curses","Uncapped","Virulent Crown","Watcher Patcher"],"gold_per_floor":[1123,1123,1133,1151,1166,1198,1198,1230,1230,1029,1044,557,557,575,575,677,677,695,695,705,715,313,313,313,331,331,356,371,371,395,428,428,525,525,544,596,596,608,618,229,259,269,269,289,301,301,131,147,147,147,147,147,147,173,173],"floor_reached":56,"language":"ENG","playtime":4485,"items_purged":["survmod:QuickDash"],"score":1181,"play_id":"6779b152-d8f2-4b81-8e3b-af7f26d982f0","local_time":"20210126141345","is_ascension_mode":false,"campfire_choices":[{"data":"survmod:FlareQuiver","floor":7,"key":"SMITH"},{"data":"Apotheosis","floor":13,"key":"SMITH"},{"floor":15,"key":"REST"},{"floor":23,"key":"REST"},{"floor":29,"key":"REST"},{"floor":32,"key":"REST"},{"floor":46,"key":"REST"},{"data":"survmod:AcidTrap","floor":52,"key":"SMITH"}],"circlet_count":0,"master_deck":["survmod:Strike+1","survmod:Strike+1","survmod:Strike+1","survmod:Defend+1","survmod:Defend+1","survmod:Defend+1","survmod:Defend+1","survmod:VersatileOffense+1","survmod:Sprint","survmod:PinningSnipe","survmod:FlareQuiver+1","survmod:FlareQuiver+1","survmod:MarkedShot","survmod:AcidTrap+1","survmod:LongShot+1","Apotheosis+1","survmod:Detonation+1","survmod:GoForFace","survmod:FlashbangShot","survmod:Marksmanship","survmod:MarkTrap+1","survmod:MutantEnergy","survmod:FlashbangTrap","survmod:DuckAndFlare+1","survmod:GoForFace+1","survmod:Adaptability","survmod:PerfectPosition","survmod:VersatileDefense+1","survmod:SimpleMutation+1","survmod:BearTrap+1","survmod:SkillfulManeuver+1","survmod:UnfortunateEscape+1"],"relics":["survmod:InnateMutation","StuffTheSpire:GrapeVine","Replay:Bottled Eggs","reliquary:IridiumChain","Turnip","StuffTheSpire:Gunfinga","StuffTheSpire:HeavyRock","bronze:MakeshiftBattery","Quantum Egg","sneckomod:BlankCard","infinitespire:CheckeredPen","survmod:TrapManual","StuffTheSpire:Experiment12","Honey Jar","StuffTheSpire:GreaterSneckoEye","relicPack:InfinityGauntlet","MerchantsRug","reliquary:Knoch","infinitespire:BottledMercury","StuffTheSpire:Wildfire","hubris:ToyBattleship"],"acts_visited":["Exordium","TheCity","TheBeyond","TheEnding"],"potions_floor_usage":[8,16,16,18,20,25,31,36,41,42,50,55],"damage_taken":[{"damage":0,"enemies":"Small Slimes","floor":1,"turns":5},{"damage":3,"enemies":"Cultist","floor":3,"turns":5},{"damage":0,"enemies":"conspire:RoseBush","floor":4,"turns":4},{"damage":6,"enemies":"2 Fungi Beasts","floor":5,"turns":9},{"damage":0,"enemies":"Replay:BlueRogue","floor":6,"turns":7},{"damage":4,"enemies":"Gremlin Nob","floor":8,"turns":5},{"damage":11,"enemies":"conspire:2 RoseBushes","floor":11,"turns":10},{"damage":4,"enemies":"Red Slaver","floor":14,"turns":4},{"damage":0,"enemies":"Slime Boss","floor":16,"turns":11},{"damage":16,"enemies":"Chosen","floor":18,"turns":5},{"damage":7,"enemies":"3 Byrds","floor":20,"turns":6},{"damage":1,"enemies":"Snecko","floor":21,"turns":5},{"damage":11,"enemies":"Centurion and Healer","floor":25,"turns":7},{"damage":8,"enemies":"Slavers","floor":27,"turns":4},{"damage":0,"enemies":"3 Cultists","floor":28,"turns":4},{"damage":2,"enemies":"conspire:SneckoGhost","floor":31,"turns":7},{"damage":0,"enemies":"Champ","floor":33,"turns":7},{"damage":0,"enemies":"Orb Walker","floor":35,"turns":4},{"damage":0,"enemies":"Mind Bloom Boss Battle","floor":36,"turns":6},{"damage":0,"enemies":"3 Darklings","floor":38,"turns":2},{"damage":1,"enemies":"Sphere and 2 Shapes","floor":39,"turns":2},{"damage":0,"enemies":"Nemesis","floor":41,"turns":3},{"damage":2,"enemies":"Jaw Worm Horde","floor":42,"turns":3},{"damage":0,"enemies":"Transient","floor":44,"turns":3},{"damage":0,"enemies":"Spire Growth","floor":45,"turns":2},{"damage":0,"enemies":"Sphere and 2 Shapes","floor":48,"turns":3},{"damage":0,"enemies":"Awakened One","floor":50,"turns":1},{"damage":0,"enemies":"Shield and Spear","floor":54,"turns":3},{"damage":1,"enemies":"The Heart","floor":55,"turns":6}],"seed_played":"9006886921724313645","potions_obtained":[{"floor":1,"key":"Strength Potion"},{"floor":6,"key":"blueLaboratory:EnragingPotion"},{"floor":16,"key":"ColorlessPotion"},{"floor":18,"key":"GamblersBrew"},{"floor":20,"key":"blueLaboratory:HorrorPotion"},{"floor":27,"key":"blueLaboratory:StoneskinPotion"},{"floor":28,"key":"SpeedPotion"},{"floor":38,"key":"blueLaboratory:ExaltedPotion"},{"floor":39,"key":"Energy Potion"},{"floor":41,"key":"AttackPotion"},{"floor":44,"key":"Toxic Potion"}],"is_trial":false,"path_per_floor":["M","?","M","M","M","E","R","E","T","$","M","$","R","M","R","B",null,"M","?","M","M","$","R","?","M","T","E","M","R","T","E","R","B",null,"M","?","?","M","M","$","E","M","T","M","M","R","$","M","R","B",null,"R","$","E","B",null],"character_chosen":"THE_SURVIVOR","items_purchased":["Lee\u0027s Waffle","Block Potion","Apotheosis","StuffTheSpire:Gunfinga","StuffTheSpire:HeavyRock","Guide Book","Quantum Egg","relicPack:InfinityGauntlet","MerchantsRug","StuffTheSpire:Wildfire"],"campfire_rested":5,"item_purchase_floors":[10,10,12,12,12,22,22,40,40,47],"current_hp_per_floor":[50,50,47,47,41,41,41,37,37,57,46,46,46,42,57,57,57,41,41,34,33,33,50,50,39,39,31,31,48,48,46,57,57,57,57,57,37,37,36,36,36,34,34,34,34,51,51,51,57,57,57,57,57,57,56],"gold":173,"neow_bonus":"RANDOM_COMMON_RELIC","is_daily":false,"chose_seed":false,"campfire_upgraded":3,"win_rate":0.0,"timestamp":1611692025,"path_taken":["M","?","?","M","M","E","R","E","T","$","M","$","R","M","R","BOSS","M","?","M","M","$","R","?","M","T","E","M","R","?","E","R","BOSS","M","?","?","?","M","$","E","M","T","M","M","R","$","M","R","BOSS","R","$","E","BOSS"],"items_purchased_type":["Relic","Potion","Card","Relic","Relic","Relic","Relic","Relic","Relic","Relic"],"build_version":"2020-12-22","purchased_purges":1,"victory":true,"max_hp_per_floor":[50,50,50,50,50,50,50,50,50,57,57,57,57,57,57,57,57,57,57,57,57,57,57,57,57,57,57,57,57,57,57,57,57,57,57,57,57,57,57,57,57,57,57,57,57,57,57,57,57,57,57,57,57,57,57],"relic_stats":{"counters":[29,133],"Turnip":[19],"obtain_stats":[{"MerchantsRug":40,"infinitespire:BottledMercury":43,"Lee\u0027s Waffle":10,"Guide Book":22,"Quantum Egg":22,"sneckomod:BlankCard":26,"StSpp:BoiledEgg":36,"StuffTheSpire:Wildfire":47,"StuffTheSpire:GrapeVine":0,"infinitespire:CheckeredPen":27,"reliquary:IridiumChain":8,"relicPack:InfinityGauntlet":40,"StuffTheSpire:Experiment12":31,"StuffTheSpire:Gunfinga":12,"survmod:TrapManual":30,"StuffTheSpire:HeavyRock":12,"Honey Jar":34,"StuffTheSpire:GreaterSneckoEye":37,"Turnip":9,"hubris:ToyBattleship":54,"reliquary:Knoch":41,"survmod:InnateMutation":0,"Replay:Bottled Eggs":6,"bronze:MakeshiftBattery":17},{"MerchantsRug":21,"infinitespire:BottledMercury":23,"Lee\u0027s Waffle":6,"Guide Book":12,"Quantum Egg":12,"sneckomod:BlankCard":13,"StSpp:BoiledEgg":19,"StuffTheSpire:Wildfire":25,"StuffTheSpire:GrapeVine":0,"infinitespire:CheckeredPen":14,"reliquary:IridiumChain":6,"relicPack:InfinityGauntlet":21,"StuffTheSpire:Experiment12":16,"StuffTheSpire:Gunfinga":7,"survmod:TrapManual":15,"StuffTheSpire:HeavyRock":7,"Honey Jar":17,"StuffTheSpire:GreaterSneckoEye":19,"Turnip":6,"hubris:ToyBattleship":28,"reliquary:Knoch":22,"survmod:InnateMutation":0,"Replay:Bottled Eggs":5,"bronze:MakeshiftBattery":9},{"MerchantsRug":111,"infinitespire:BottledMercury":116,"Lee\u0027s Waffle":34,"Guide Book":71,"Quantum Egg":71,"sneckomod:BlankCard":77,"StSpp:BoiledEgg":107,"StuffTheSpire:Wildfire":121,"StuffTheSpire:GrapeVine":0,"infinitespire:CheckeredPen":81,"reliquary:IridiumChain":34,"relicPack:InfinityGauntlet":111,"StuffTheSpire:Experiment12":92,"StuffTheSpire:Gunfinga":43,"survmod:TrapManual":85,"StuffTheSpire:HeavyRock":43,"Honey Jar":99,"StuffTheSpire:GreaterSneckoEye":107,"Turnip":34,"hubris:ToyBattleship":127,"reliquary:Knoch":113,"survmod:InnateMutation":0,"Replay:Bottled Eggs":29,"bronze:MakeshiftBattery":58}]},"card_choices":[{"not_picked":["survmod:UnfortunateEscape","survmod:QuickThinking"],"picked":"survmod:QuickDash","floor":1},{"not_picked":["survmod:AimForTheLiver","survmod:NockAnArrow"],"picked":"survmod:FlareQuiver","floor":3},{"not_picked":["survmod:DuckAndFlare","survmod:BearTrap"],"picked":"survmod:FlareQuiver","floor":4},{"not_picked":["survmod:MarkedFromAfar","survmod:GoForFace"],"picked":"survmod:MarkedShot","floor":5},{"not_picked":["survmod:SwiftKick","survmod:UnfortunateEscape"],"picked":"survmod:AcidTrap","floor":6},{"not_picked":["survmod:HiddenTactic","survmod:WalledOffTraps","survmod:SurpriseTrap"],"picked":"SKIP","floor":8},{"not_picked":["survmod:Adaptability","survmod:FindCover"],"picked":"survmod:LongShot","floor":11},{"not_picked":["survmod:DuckAndFlare","survmod:SimpleMutation","survmod:FenceTrap"],"picked":"SKIP","floor":14},{"not_picked":["survmod:NeedleShot","survmod:CloseCall"],"picked":"survmod:Detonation","floor":16},{"not_picked":["survmod:KnowThyEnemy","survmod:SwiftKick+1"],"picked":"survmod:GoForFace","floor":18},{"not_picked":["survmod:FenceTrap+1","survmod:PenetratingShot","survmod:LongShot"],"picked":"SKIP","floor":20},{"not_picked":["survmod:KnowThyEnemy","survmod:OverexertingShot"],"picked":"survmod:FlashbangShot","floor":21},{"not_picked":["survmod:PenetratingShot","survmod:UnfortunateEscape","survmod:HailOfArrows+1"],"picked":"SKIP","floor":25},{"not_picked":["survmod:PinningSnipe+1","survmod:LongShot"],"picked":"survmod:Marksmanship","floor":27},{"not_picked":["survmod:Adaptability","survmod:MarkedShot"],"picked":"survmod:MarkTrap+1","floor":28},{"not_picked":["survmod:FenceTrap","survmod:GoForFace","survmod:MarkTrap"],"picked":"SKIP","floor":31},{"not_picked":["survmod:VersatilePower","survmod:Heartseeker"],"picked":"survmod:MutantEnergy","floor":33},{"not_picked":["survmod:UnfortunateEscape+1","survmod:WalledOffTraps","survmod:AcidTrap"],"picked":"survmod:FlashbangTrap","floor":35},{"not_picked":["survmod:TwinShot+1","survmod:MarkTrap","survmod:FenceTrap"],"picked":"survmod:DuckAndFlare+1","floor":36},{"not_picked":["survmod:MarkTrap","survmod:FindCover+1","survmod:SwiftKick"],"picked":"survmod:GoForFace+1","floor":38},{"not_picked":["survmod:FindCover","survmod:TrickShot","survmod:HailOfArrows+1"],"picked":"survmod:Adaptability","floor":39},{"not_picked":["survmod:Hawkeye","survmod:TrickShot","survmod:SkillfulManeuver+1"],"picked":"survmod:PerfectPosition","floor":41},{"not_picked":["survmod:TwinShot","survmod:FenceTrap","survmod:LongShot+1"],"picked":"survmod:VersatileDefense+1","floor":42},{"not_picked":["survmod:TakeAim","survmod:AcidTrap","survmod:QuickDash+1"],"picked":"survmod:SimpleMutation+1","floor":44},{"not_picked":["survmod:SimpleMutation+1","survmod:Marksmanship","survmod:PiercingShot+1"],"picked":"survmod:BearTrap+1","floor":45},{"not_picked":["survmod:AimForTheLiver+1","survmod:FlashbangTrap","survmod:FindCover"],"picked":"survmod:SkillfulManeuver+1","floor":48},{"not_picked":["survmod:PinningSnipe","survmod:MutantEnergy","survmod:KnowThyEnemy+1"],"picked":"survmod:UnfortunateEscape+1","floor":54}],"player_experience":1081318,"relics_obtained":[{"floor":6,"key":"Replay:Bottled Eggs"},{"floor":8,"key":"reliquary:IridiumChain"},{"floor":9,"key":"Turnip"},{"floor":26,"key":"sneckomod:BlankCard"},{"floor":27,"key":"infinitespire:CheckeredPen"},{"floor":30,"key":"survmod:TrapManual"},{"floor":31,"key":"StuffTheSpire:Experiment12"},{"floor":36,"key":"StSpp:BoiledEgg"},{"floor":37,"key":"StuffTheSpire:GreaterSneckoEye"},{"floor":41,"key":"reliquary:Knoch"},{"floor":43,"key":"infinitespire:BottledMercury"},{"floor":54,"key":"hubris:ToyBattleship"}],"event_choices":[{"damage_healed":0,"gold_gain":0,"cards_transformed":["survmod:Strike"],"player_choice":"Transformed","damage_taken":0,"max_hp_gain":0,"max_hp_loss":0,"event_name":"Transmorgrifier","floor":2,"gold_loss":0,"cards_obtained":["survmod:PinningSnipe"]},{"damage_healed":0,"gold_gain":0,"player_choice":"Leave","damage_taken":0,"max_hp_gain":0,"max_hp_loss":0,"event_name":"conspire:Investor","floor":19,"gold_loss":0},{"damage_healed":0,"gold_gain":0,"player_choice":"Simplicity","damage_taken":0,"max_hp_gain":0,"max_hp_loss":7,"event_name":"betterThird:BetterWriting","floor":24,"gold_loss":0},{"damage_healed":0,"gold_gain":0,"player_choice":"Fight","damage_taken":0,"max_hp_gain":0,"max_hp_loss":0,"event_name":"MindBloom","floor":36,"gold_loss":0}],"is_beta":false,"boss_relics":[{"not_picked":["StSpp:FireArrow","StuffTheSpire:RunicHypercube"],"picked":"bronze:MakeshiftBattery"},{"not_picked":["SacredBark","hubris:HollowSoul"],"picked":"Honey Jar"}],"items_purged_floors":[40],"is_endless":false,"potions_floor_spawned":[1,6,8,14,16,18,20,27,28,38,39,41,44],"ascension_level":0}}