{"host":"jgyoyy5iuhtvyvtg","time":1611643409,"event":{"mods":["2.2 Compatiblity","BaseMod","Challenge The Spire","Colored Map","Conspire","Dark Map","Downfall","Hermit","Highlight Path","Infinite Spire","Lobotomy","LobotomyExtend","Minty Spire (QoL Compilation)","Quick Restart","Replay The Spire","Spikes Relics","StSLib","The Construct","The Disciple","The Jungle","Yuri Mod"],"gold_per_floor":[99,118,118,135,189,189,215,215,215,12,12,39,51,51,61,159,159,59,76,86,97,55,55,107,118,118,135,135,148,148,148,158,257,257,257,274,218,232,246,246,246,276,276,289,289,289,289,299,312,312,312],"floor_reached":52,"language":"ENG","playtime":2186,"items_purged":[],"score":859,"play_id":"a9908b75-5919-420c-aa8c-303624bf4572","local_time":"20210125224329","is_ascension_mode":false,"campfire_choices":[{"data":"bronze:RecursiveStrike","floor":1,"key":"SMITH"},{"data":"bronze:FollowUp","floor":6,"key":"SMITH"},{"data":"bronze:Flail","floor":18,"key":"SMITH"},{"data":"bronze:Constructor","floor":23,"key":"SMITH"},{"data":"bronze:AlphaBuild","floor":26,"key":"SMITH"},{"floor":30,"key":"REST"},{"data":"bronze:Assembly","floor":35,"key":"SMITH"},{"data":"bronze:Verify","floor":40,"key":"SMITH"},{"data":"bronze:BronzeArmor","floor":45,"key":"SMITH"},{"data":"bronze:GetLatest","floor":47,"key":"SMITH"}],"circlet_count":0,"master_deck":["conspire:GhostlyStrike","conspire:GhostlyStrike","conspire:GhostlyStrike","conspire:GhostlyStrike","conspire:GhostlyDefend","conspire:GhostlyDefend+1","conspire:GhostlyDefend","conspire:GhostlyDefend","bronze:Replicate+1","bronze:Goto","bronze:RecursiveStrike+1","bronze:BuggyMess+1","bronze:FollowUp+1","bronze:Flail+1","bronze:Frontload","bronze:Separator","bronze:Iterate","bronze:Terminator","bronze:AlphaBuild+1","bronze:WhirlingStrike","bronze:GetLatest+1","bronze:Frontload","bronze:Format+1","bronze:Constructor+1","bronze:Boost+1","bronze:WildBeam","bronze:ItsAFeature","bronze:Deprecate+1","bronze:Shell+1","bronze:ItsAFeature","bronze:ForceShield","bronze:Verify+1","bronze:Terminator+1","bronze:BronzeArmor+1","bronze:FineTuning+1","bronze:FollowUp","bronze:Iterate+1"],"relics":["bronze:PlatinumCore","LetterFromLob","Dream Catcher","infinitespire:Beetle Shell","Vajra","downfall:ShatteredFragment","Lantern","ChewingGum","downfall:HeartBlessingGreen","Bronze Scales","BrokenLever","ReplayTheSpireMod:Ring of Challenge","Regal Pillow","Mercury Hourglass","Pet Ghost"],"acts_visited":["Exordium","Exordium","TheBeyond"],"potions_floor_usage":[12,19,21,25,25,33,42,50,50,50],"damage_taken":[{"damage":0,"enemies":"Cultist","floor":2,"turns":4},{"damage":0,"enemies":"Jaw Worm","floor":4,"turns":3},{"damage":0,"enemies":"downfall:FleeingMerchant","floor":10,"turns":4},{"damage":6,"enemies":"Lagavulin","floor":12,"turns":6},{"damage":2,"enemies":"Small Slimes","floor":13,"turns":2},{"damage":0,"enemies":"Exordium Wildlife","floor":15,"turns":2},{"damage":37,"enemies":"SI_SHIV_ARCHETYPE","floor":16,"turns":6},{"damage":2,"enemies":"theJungle:MUSHROOMGANG","floor":19,"turns":1},{"damage":0,"enemies":"theJungle:GiantWrat","floor":20,"turns":1},{"damage":12,"enemies":"Snake Plant","floor":21,"turns":2},{"damage":1,"enemies":"downfall:FleeingMerchant","floor":22,"turns":4},{"damage":6,"enemies":"theJungle:Lyon","floor":25,"turns":3},{"damage":0,"enemies":"theJungle:Snecko_Cultist_And_Trap","floor":27,"turns":4},{"damage":0,"enemies":"theJungle:JungleHuntersEncounter","floor":29,"turns":2},{"damage":15,"enemies":"Snake Plant","floor":32,"turns":2},{"damage":0,"enemies":"WA_ARCHETYPE_CALM","floor":33,"turns":10},{"damage":0,"enemies":"3 Shapes","floor":36,"turns":6},{"damage":0,"enemies":"downfall:FleeingMerchant","floor":37,"turns":3},{"damage":0,"enemies":"3 Darklings","floor":38,"turns":3},{"damage":7,"enemies":"Sphere and 2 Shapes","floor":39,"turns":5},{"damage":36,"enemies":"Giant Head","floor":42,"turns":8},{"damage":1,"enemies":"Maw","floor":44,"turns":7},{"damage":0,"enemies":"3 Darklings","floor":48,"turns":4},{"damage":0,"enemies":"Sphere and 2 Shapes","floor":49,"turns":3},{"damage":0,"enemies":"IC_BLOCK_ARCHETYPE","floor":50,"turns":5}],"seed_played":"-3896057583597906058","potions_obtained":[{"floor":2,"key":"Explosive Potion"},{"floor":4,"key":"Weak Potion"},{"floor":15,"key":"AttackPotion"},{"floor":20,"key":"SteroidPotion"},{"floor":21,"key":"AttackPotion"},{"floor":29,"key":"Reflective Coating"},{"floor":32,"key":"ColorlessPotion"},{"floor":33,"key":"SpeedPotion"},{"floor":39,"key":"SpeedPotion"},{"floor":42,"key":"infinitespire:BlackPotion"}],"is_trial":false,"path_per_floor":["R","M","?","M","T","R","T","E","?","$","?","E","M","?","M","B",null,"R","M","M","M","$","R","T","M","R","M","AVR","M","R","?","M","B",null,"R","M","$","M","M","R","T","E","?","M","R","?","R","M","M","B",null,null],"character_chosen":"THE_AUTOMATON","items_purchased":["bronze:Frontload","Vajra","bronze:Constructor","bronze:ForceShield","bronze:Verify","Regal Pillow"],"campfire_rested":1,"item_purchase_floors":[10,10,22,37,37,37],"current_hp_per_floor":[70,70,70,70,70,70,70,70,70,70,49,43,41,41,41,4,70,70,68,68,56,55,55,55,49,49,49,49,49,70,70,55,55,70,70,70,70,70,63,63,63,27,80,79,79,71,71,71,71,71,71],"gold":312,"neow_bonus":"ONE_RANDOM_RARE_CARD","is_daily":false,"chose_seed":false,"campfire_upgraded":9,"win_rate":0.0,"timestamp":1611643409,"path_taken":["R","M","?","?","?","R","T","E","?","$","?","E","?","?","M","BOSS","R","M","M","M","$","R","T","M","R","M","AVR","M","R","?","M","BOSS","R","M","$","M","M","R","T","E","?","M","R","?","R","?","M","BOSS"],"items_purchased_type":["Card","Relic","Card","Card","Card","Relic"],"build_version":"2020-12-22","purchased_purges":0,"victory":true,"max_hp_per_floor":[70,70,70,70,70,70,70,70,70,70,70,70,70,70,70,70,70,70,70,70,70,70,70,70,70,70,70,70,70,70,70,70,70,70,70,70,70,70,70,70,70,70,80,80,80,80,80,80,80,80,80],"card_choices":[{"not_picked":["bronze:NullPointer","bronze:BugBarrage"],"picked":"bronze:BuggyMess","floor":2},{"not_picked":["bronze:Refactor","bronze:DelayedGuard"],"picked":"bronze:FollowUp","floor":4},{"not_picked":["bronze:Deprecate","bronze:ItsAFeature"],"picked":"bronze:Flail","floor":10},{"not_picked":["bronze:MaxOutput","bronze:WhirlingStrike"],"picked":"bronze:Separator","floor":12},{"not_picked":["bronze:Flail","bronze:Turbo"],"picked":"bronze:Iterate","floor":13},{"not_picked":["bronze:DelayedGuard","bronze:Frontload"],"picked":"bronze:Terminator","floor":15},{"not_picked":["bronze:FindAndReplace","bronze:InfiniteLoop"],"picked":"bronze:AlphaBuild","floor":16},{"not_picked":["bronze:Branch","bronze:Separator+1"],"picked":"bronze:WhirlingStrike","floor":19},{"not_picked":["bronze:Turbo","bronze:WhirlingStrike+1"],"picked":"bronze:GetLatest","floor":20},{"not_picked":["bronze:Backtrace","bronze:BitShift"],"picked":"bronze:Frontload","floor":21},{"not_picked":["bronze:Turbo","bronze:Frontload"],"picked":"bronze:Format","floor":22},{"not_picked":["bronze:Overload+1","bronze:Shield"],"picked":"bronze:Boost+1","floor":25},{"not_picked":["bronze:WhirlingStrike","bronze:Overheat+1"],"picked":"bronze:WildBeam","floor":27},{"not_picked":["bronze:WildBeam+1","bronze:Turbo+1"],"picked":"bronze:ItsAFeature","floor":29},{"not_picked":["bronze:WhirlingStrike","bronze:Frontload"],"picked":"bronze:Deprecate+1","floor":32},{"not_picked":["bronze:FindAndReplace","bronze:InfiniteLoop"],"picked":"bronze:Assembly","floor":33},{"not_picked":["bronze:Branch","bronze:BuggyMess+1"],"picked":"bronze:Shell+1","floor":36},{"not_picked":["bronze:Frontload+1","bronze:OilSpill"],"picked":"bronze:ItsAFeature","floor":37},{"not_picked":["bronze:Overheat+1","bronze:Shell+1"],"picked":"bronze:Terminator+1","floor":38},{"not_picked":["bronze:Allocate","bronze:WhirlingStrike"],"picked":"bronze:BronzeArmor","floor":39},{"not_picked":["bronze:Frontload","bronze:CutThrough+1"],"picked":"bronze:FineTuning+1","floor":42},{"not_picked":["bronze:DelayedSlice+1","bronze:Allocate","bronze:Shield"],"picked":"SKIP","floor":44},{"not_picked":["bronze:ClassDefault+1","bronze:Frontload+1"],"picked":"bronze:FollowUp","floor":48},{"not_picked":["bronze:DelayedGuard","bronze:Branch+1"],"picked":"bronze:Iterate+1","floor":49}],"player_experience":3235501,"relics_obtained":[{"floor":2,"key":"LetterFromLob"},{"floor":5,"key":"Dream Catcher"},{"floor":7,"key":"infinitespire:Beetle Shell"},{"floor":12,"key":"Lantern"},{"floor":24,"key":"Bronze Scales"},{"floor":31,"key":"ReplayTheSpireMod:Ring of Challenge"},{"floor":41,"key":"Mercury Hourglass"},{"floor":42,"key":"Pet Ghost"}],"event_choices":[{"damage_healed":0,"gold_gain":0,"player_choice":"Grow","damage_taken":0,"max_hp_gain":0,"max_hp_loss":0,"event_name":"Living Wall","floor":9,"gold_loss":0,"cards_upgraded":["bronze:Replicate"]},{"damage_healed":0,"gold_gain":0,"player_choice":"Agree","damage_taken":0,"max_hp_gain":0,"max_hp_loss":0,"event_name":"conspire:LoneGhost","floor":14,"gold_loss":0}],"is_beta":false,"boss_relics":[{"not_picked":["Black Star","Snecko Eye"],"picked":"ChewingGum"},{"not_picked":["Abe\u0027s Treasure","Calling Bell"],"picked":"bronze:PlatinumCore"}],"items_purged_floors":[],"is_endless":false,"potions_floor_spawned":[2,4,15,20,21,29,32,33,39,42,48,49],"ascension_level":0}}