{"host":"hfxahm4y1ssattqc","time":1611629068,"event":{"mods":["2.2 Compatiblity","Act Like it!","Aspiration","BaseMod","Beaked The Cultist","Better Third Choice","BetterRewards","Colored Map","Colored Powertips","Custom Start","Googly Eyes","Halation","Hallownest","Hermit","Highlight Path","Hubris","Mimic Mod","Minty Spire (QoL Compilation)","Reorder Act Four","Shop Mod","Spikes Relics","StSLib","The Bug Knight","The IronCluck","The Jungle","Unknown Chances","slay the spire mod where everything is the same but ironclad has a cowboy hat"],"gold_per_floor":[109,109,119,194,207,207,157,157,157,189,200,200,265,276,276,372,372,386,64,50,81,81,81],"floor_reached":22,"language":"ENG","playtime":923,"items_purged":[],"score":186,"play_id":"6286628e-e196-47a7-bc96-a53fa57e5df6","local_time":"20210125184428","is_ascension_mode":false,"campfire_choices":[{"data":"hermit:TakeAim","floor":6.0,"key":"SMITH"},{"data":"hermit:Manifest","floor":8.0,"key":"SMITH"},{"floor":15,"key":"REST"}],"circlet_count":0,"master_deck":["hermit:Strike_Hermit","hermit:Strike_Hermit","hermit:Strike_Hermit","hermit:Strike_Hermit","hermit:Defend_Hermit","hermit:Defend_Hermit","hermit:Defend_Hermit","hermit:Defend_Hermit","hermit:Snapshot","hermit:Covet","hermit:Manifest+1","hermit:WideOpen","hermit:TakeAim+1","hermit:Quickdraw","hermit:Dive","Noxious Fumes+1","After Image","hermit:Virtue","hermit:DeadOrAlive","hermit:Grudge","hermit:Determination"],"relics":["hermit:Momento","aspiration:DSix","Juzu Bracelet","LugNut","Sozu","Mummified Hand"],"acts_visited":["Exordium","TheCity"],"potions_floor_usage":[10,22],"damage_taken":[{"damage":0.0,"enemies":"Cultist","floor":1.0,"turns":3.0},{"damage":1.0,"enemies":"Jaw Worm","floor":3.0,"turns":4.0},{"damage":5.0,"enemies":"2 Louse","floor":5.0,"turns":4.0},{"damage":10,"enemies":"Lagavulin","floor":10,"turns":8},{"damage":0,"enemies":"2 Fungi Beasts","floor":11,"turns":3},{"damage":0,"enemies":"Large Slime","floor":14,"turns":4},{"damage":28,"enemies":"Hexaghost","floor":16,"turns":12},{"damage":13,"enemies":"Chosen","floor":18,"turns":6},{"damage":18,"enemies":"2 Thieves","floor":20,"turns":5},{"damage":27,"enemies":"Shelled Parasite and Fungi","floor":21,"turns":7},{"damage":17,"enemies":"Cultist and Chosen","floor":22,"turns":5}],"seed_played":"-8301914904212408112","potions_obtained":[{"floor":3.0,"key":"CultistPotion"},{"floor":5.0,"key":"DuplicationPotion"},{"floor":16,"key":"AttackPotion"}],"is_trial":false,"path_per_floor":["M","$","M","?","M","R","?","R","T","E","M","?","?","M","R","B",null,"M","$","M","M","M"],"character_chosen":"HERMIT","items_purchased":["Mummified Hand","hermit:Determination"],"campfire_rested":1,"item_purchase_floors":[19,19],"current_hp_per_floor":[75,75,74,63,58,58,58,58,58,48,48,44,44,44,66,38,75,62,62,44,17,0,0],"gold":81,"neow_bonus":"DSIX","is_daily":false,"chose_seed":false,"campfire_upgraded":2,"win_rate":0.0,"timestamp":1611629068,"path_taken":["M","$","M","?","M","R","?","R","T","E","M","?","?","M","R","BOSS","M","$","M","M","M"],"items_purchased_type":["Relic","Card"],"build_version":"2020-12-22","purchased_purges":0,"victory":false,"max_hp_per_floor":[75,75,75,75,75,75,75,75,75,75,75,75,75,75,75,75,75,75,75,75,75,75,75],"card_choices":[{"not_picked":["hermit:ShadowCloak","hermit:CalledShot"],"picked":"hermit:Manifest","floor":1.0},{"not_picked":["hermit:BodyArmor","hermit:NoHoldsBarred"],"picked":"hermit:WideOpen","floor":3.0},{"not_picked":["hermit:Snipe","hermit:Combo"],"picked":"hermit:TakeAim","floor":5.0},{"not_picked":["hermit:Glare","hermit:Roulette"],"picked":"hermit:Quickdraw","floor":10},{"not_picked":["hermit:Ricochet","hermit:Coalescence"],"picked":"hermit:Dive","floor":11},{"not_picked":["hermit:PistolWhip","hermit:Snipe"],"picked":"hermit:Virtue","floor":14},{"not_picked":["hermit:Roughhouse","hermit:Gambit"],"picked":"hermit:DeadOrAlive","floor":16},{"not_picked":["hermit:WideOpen+1","hermit:Roulette+1"],"picked":"hermit:Grudge","floor":18},{"not_picked":["hermit:Headshot","hermit:EyeOfTheStorm","hermit:Malice"],"picked":"SKIP","floor":20},{"not_picked":["hermit:Grudge","hermit:Desperado","hermit:Glare"],"picked":"SKIP","floor":21}],"player_experience":909620,"relics_obtained":[{"floor":10,"key":"LugNut"}],"event_choices":[{"damage_healed":0.0,"max_hp_gain":0.0,"max_hp_loss":0.0,"gold_gain":75.0,"event_name":"betterThird:BetterGoop","player_choice":"Gold","floor":4.0,"gold_loss":0.0,"damage_taken":11.0},{"damage_healed":0.0,"max_hp_gain":0.0,"max_hp_loss":0.0,"gold_gain":0.0,"event_name":"WeMeetAgain","player_choice":"Paid Gold","floor":7.0,"gold_loss":50.0,"damage_taken":0.0,"relics_obtained":["Juzu Bracelet"]},{"damage_healed":0,"gold_gain":1,"player_choice":"Card Card ","damage_taken":4,"max_hp_gain":0,"max_hp_loss":0,"event_name":"betterThird:BetterScrap","floor":12,"gold_loss":0,"cards_obtained":["Noxious Fumes","After Image"]},{"damage_healed":0,"gold_gain":65,"player_choice":"Gained Gold","damage_taken":0,"max_hp_gain":0,"max_hp_loss":0,"event_name":"Golden Wing","floor":13,"gold_loss":0}],"is_beta":false,"boss_relics":[{"not_picked":["hermit:BartenderGlass","halation:Yufonium"],"picked":"Sozu"}],"items_purged_floors":[],"is_endless":false,"potions_floor_spawned":[3,5,16,21],"killed_by":"Cultist and Chosen","ascension_level":0}}