{"host":"8am31i0j9qpslrrv","time":1611640483,"event":{"mods":["BaseMod","Curses Come First","Minty Spire (QoL Compilation)","Quick Restart","Replay The Spire","StSLib"],"gold_per_floor":[114,114,214,232,157,187,187,204,286,304,316,344,359,359,359,455,455,474,524,536,285,304,304,304,317,343,343,373,387,387,404,404,505,505,522,522,522,522,542,542,574,210,210,223,250,269,112,129,129,129,129,129,52,81,81],"floor_reached":56,"language":"ENG","playtime":5485,"items_purged":["Strike_P","Eruption","Defend_P+1"],"score":1039,"play_id":"8cf1f403-cd07-4ce1-83a2-c39d753da814","local_time":"20210126005443","is_ascension_mode":false,"campfire_choices":[{"data":"PathToVictory","floor":7.0,"key":"SMITH"},{"data":"Strike_P","floor":15.0,"key":"PURGE"},{"data":"PathToVictory","floor":23.0,"key":"SMITH"},{"data":"SpiritShield","floor":30.0,"key":"SMITH"},{"data":"EmptyMind","floor":32.0,"key":"SMITH"},{"floor":40.0,"key":"RECALL"}],"circlet_count":0,"master_deck":["Defend_P+1","Defend_P+1","Defend_P+1","Vigilance+1","PathToVictory+1","PathToVictory+1","Replay:DivineShield+1","Sanctity+1","Perseverance+1","Replay:Battleflow+1","SpiritShield+1","Replay:Anticipation+1","Replay:Anticipation+1","Tantrum+1","EmptyMind+1","DevaForm+1","EmptyMind+1","Parasite","Fasting2+1"],"relics":["PureWater","NeowsBlessing","Blood Vial","Chameleon Ring","Anchor","ReplayTheSpireMod:Ring of Exchange","Ring of Misfortune","Medical Kit","Art of War","Bronze Scales","Shuriken","Empty Cage","Mark of the Bloom","Kunai","ReplayTheSpireMod:Shallot","Happy Flower","ReplayFunnel","Replay:Baseball"],"acts_visited":["Exordium","TheCity","TheBeyond","TheEnding"],"potions_floor_usage":[55,55],"damage_taken":[{"damage":0.0,"enemies":"2 Louse","floor":1.0,"turns":2.0},{"damage":0.0,"enemies":"Small Slimes","floor":4.0,"turns":1.0},{"damage":0.0,"enemies":"Lagavulin","floor":6.0,"turns":1.0},{"damage":0.0,"enemies":"Cultist","floor":8.0,"turns":3.0},{"damage":8.0,"enemies":"Exordium Wildlife","floor":10.0,"turns":7.0},{"damage":0.0,"enemies":"3 Louse","floor":11.0,"turns":4.0},{"damage":5.0,"enemies":"Gremlin Nob","floor":12.0,"turns":3.0},{"damage":8.0,"enemies":"Lots of Slimes","floor":13.0,"turns":7.0},{"damage":28.0,"enemies":"Hexaghost","floor":16.0,"turns":6.0},{"damage":8.0,"enemies":"3 Byrds","floor":18.0,"turns":7.0},{"damage":0.0,"enemies":"Shell Parasite","floor":20.0,"turns":6.0},{"damage":4.0,"enemies":"Centurion and Healer","floor":22.0,"turns":8.0},{"damage":0.0,"enemies":"Cultist and Chosen","floor":25.0,"turns":8.0},{"damage":9.0,"enemies":"Book of Stabbing","floor":28.0,"turns":6.0},{"damage":1.0,"enemies":"Snake Plant","floor":29.0,"turns":4.0},{"damage":11.0,"enemies":"Sentry and Sphere","floor":31.0,"turns":8.0},{"damage":29.0,"enemies":"Automaton","floor":33.0,"turns":14.0},{"damage":0.0,"enemies":"3 Darklings","floor":35.0,"turns":4.0},{"damage":0.0,"enemies":"3 Shapes","floor":39.0,"turns":8.0},{"damage":1.0,"enemies":"Reptomancer","floor":41.0,"turns":9.0},{"damage":0.0,"enemies":"Writhing Mass","floor":44.0,"turns":6.0},{"damage":0.0,"enemies":"R_Hoarder","floor":45.0,"turns":7.0},{"damage":0.0,"enemies":"3 Darklings","floor":46.0,"turns":5.0},{"damage":0.0,"enemies":"Maw","floor":48.0,"turns":6.0},{"damage":0.0,"enemies":"Replay:Hell Engine","floor":50.0,"turns":10.0},{"damage":0,"enemies":"Shield and Spear","floor":54,"turns":8},{"damage":23,"enemies":"The Heart","floor":55,"turns":10}],"seed_played":"-4588126153459605310","potions_obtained":[{"floor":1.0,"key":"SkillPotion"},{"floor":6.0,"key":"DistilledChaos"},{"floor":8.0,"key":"Milkshake"},{"floor":10.0,"key":"Elixir"},{"floor":20.0,"key":"BlessingOfTheForge"},{"floor":29.0,"key":"EssenceOfSteel"},{"floor":33.0,"key":"Adrenaline Potion"},{"floor":41.0,"key":"Energy Potion"},{"floor":48.0,"key":"SkillPotion"}],"is_trial":false,"path_per_floor":["M","?","?","M","$","E","R","M","T","M","M","E","M","?","R","B",null,"M","?","M","$","M","R","?","M","T","?","E","M","R","M","R","B",null,"M","?","?","?","M","R","E","$","T","M","E","M","$","M","R","B",null,"R","$","E","B",null],"character_chosen":"WATCHER","items_purchased":["Art of War","ReplayTheSpireMod:Shallot","ReplayFunnel","DuplicationPotion"],"campfire_rested":0,"item_purchase_floors":[21,42,47,53],"current_hp_per_floor":[72,77,77,77,77,77,77,77,77,69,71,68,62,62,62,36,77,69,69,71,71,69,69,69,71,71,71,64,65,65,56,56,29,77,77,77,77,77,77,77,76,76,76,76,76,76,76,76,76,76,76,76,76,76,53],"gold":81,"neow_bonus":"THREE_ENEMY_KILL","is_daily":false,"chose_seed":false,"campfire_upgraded":4,"win_rate":0.0,"timestamp":1611640483,"path_taken":["M","?","?","M","$","E","R","?","T","M","M","E","M","?","R","BOSS","M","?","?","$","M","R","?","M","T","?","E","?","R","M","R","BOSS","M","?","?","?","M","R","E","$","T","M","E","M","$","M","R","BOSS","R","$","E","BOSS"],"items_purchased_type":["Relic","Relic","Relic","Potion"],"build_version":"2020-12-22","purchased_purges":3,"victory":true,"max_hp_per_floor":[72,77,77,77,77,77,77,77,77,77,77,77,77,77,77,77,77,77,77,77,77,77,77,77,77,77,77,77,77,77,77,77,77,77,77,77,77,77,77,77,77,77,77,77,77,77,77,77,77,77,77,77,77,77,77],"card_choices":[{"not_picked":["InnerPeace","Consecrate"],"picked":"PathToVictory","floor":1.0},{"not_picked":["Replay:Hum","InnerPeace"],"picked":"PathToVictory","floor":4.0},{"not_picked":["FollowUp","LessonLearned"],"picked":"Replay:DivineShield","floor":6.0},{"not_picked":["Replay:Vibes","CutThroughFate"],"picked":"Sanctity","floor":8.0},{"not_picked":["Protect","SashWhip"],"picked":"Perseverance","floor":10.0},{"not_picked":["Adaptation","Replay:BluntJabs","Crescendo"],"picked":"SKIP","floor":11.0},{"not_picked":["ClearTheMind","FlurryOfBlows"],"picked":"Replay:Battleflow","floor":12.0},{"not_picked":["FollowUp","Perseverance","Protect"],"picked":"SKIP","floor":13.0},{"not_picked":["Scrawl","Wish"],"picked":"SpiritShield","floor":16.0},{"not_picked":["Consecrate","ClearTheMind","TalkToTheHand"],"picked":"SKIP","floor":18.0},{"not_picked":["ThirdEye","FollowUp"],"picked":"Replay:Anticipation","floor":20.0},{"not_picked":["Prostrate+1","Replay:ManipulateFuture"],"picked":"Replay:Anticipation+1","floor":22.0},{"not_picked":["Replay:Vibes+1","ClearTheMind+1","FlyingSleeves"],"picked":"SKIP","floor":25.0},{"not_picked":["FearNoEvil","FlyingSleeves"],"picked":"EmptyMind","floor":28.0},{"not_picked":["Alpha","Indignation","Consecrate"],"picked":"SKIP","floor":29.0},{"not_picked":["Replay:Cycle+1","Replay:Hum","Conclude+1"],"picked":"SKIP","floor":31.0},{"not_picked":["Judgement","Omniscience"],"picked":"DevaForm","floor":33.0},{"not_picked":["EmptyMind","CrushJoints+1","SashWhip+1"],"picked":"SKIP","floor":35.0},{"not_picked":["Replay:AtTheReady","Swivel+1"],"picked":"EmptyMind+1","floor":39.0},{"not_picked":["FollowUp","Vengeance+1","EmptyBody"],"picked":"SKIP","floor":41.0},{"not_picked":["Pray+1","SandsOfTime+1","Halt"],"picked":"SKIP","floor":44.0},{"not_picked":["WreathOfFlame","ConjureBlade","EmptyFist"],"picked":"SKIP","floor":45.0},{"not_picked":["FlyingSleeves+1","ReachHeaven+1","TalkToTheHand+1"],"picked":"SKIP","floor":46.0},{"not_picked":["CutThroughFate+1","Consecrate+1"],"picked":"Fasting2","floor":48.0},{"not_picked":["TalkToTheHand","FollowUp","Sanctity+1"],"picked":"SKIP","floor":54}],"player_experience":762370,"relics_obtained":[{"floor":6.0,"key":"Blood Vial"},{"floor":9.0,"key":"Chameleon Ring"},{"floor":12.0,"key":"Anchor"},{"floor":14.0,"key":"ReplayTheSpireMod:Ring of Exchange"},{"floor":14.0,"key":"Ring of Misfortune"},{"floor":26.0,"key":"Bronze Scales"},{"floor":28.0,"key":"Shuriken"},{"floor":41.0,"key":"Kunai"},{"floor":45.0,"key":"Happy Flower"},{"floor":54,"key":"Replay:Baseball"}],"event_choices":[{"damage_healed":0.0,"max_hp_gain":5.0,"max_hp_loss":0.0,"gold_gain":0.0,"event_name":"Big Fish","player_choice":"Donut","floor":2.0,"gold_loss":0.0,"damage_taken":0.0},{"damage_healed":0.0,"max_hp_gain":0.0,"max_hp_loss":0.0,"gold_gain":100.0,"event_name":"Golden Shrine","player_choice":"Pray","floor":3.0,"gold_loss":0.0,"damage_taken":0.0},{"damage_healed":0.0,"max_hp_gain":0.0,"max_hp_loss":0.0,"gold_gain":100.0,"event_name":"The Joust","player_choice":"Bet on Murderer","floor":19.0,"gold_loss":50.0,"damage_taken":0.0},{"damage_healed":0.0,"max_hp_gain":0.0,"max_hp_loss":0.0,"gold_gain":0.0,"event_name":"Cursed Tome","player_choice":"Ignored","floor":24.0,"gold_loss":0.0,"damage_taken":0.0},{"damage_healed":0.0,"max_hp_gain":0.0,"max_hp_loss":0.0,"gold_gain":0.0,"cards_transformed":["Strike_P"],"event_name":"Transmorgrifier","player_choice":"Transformed","floor":27.0,"gold_loss":0.0,"damage_taken":0.0,"cards_obtained":["Tantrum"]},{"damage_healed":0.0,"max_hp_gain":0.0,"max_hp_loss":0.0,"gold_gain":0.0,"event_name":"SensoryStone","player_choice":"Memory 1","floor":36.0,"gold_loss":0.0,"damage_taken":0.0},{"damage_healed":0.0,"max_hp_gain":0.0,"max_hp_loss":0.0,"gold_gain":0.0,"event_name":"MindBloom","player_choice":"Upgrade","floor":37.0,"gold_loss":0.0,"damage_taken":0.0,"cards_upgraded":["Defend_P","Defend_P","Defend_P","Defend_P","Vigilance","Replay:DivineShield","Sanctity","Perseverance","Replay:Battleflow","Replay:Anticipation","Tantrum","DevaForm"],"relics_obtained":["Mark of the Bloom"]}],"is_beta":false,"boss_relics":[{"not_picked":["ReplayTheSpireMod:DimensionalGlitch","ReplayTheSpireMod:ShopPack"],"picked":"Medical Kit"},{"not_picked":["Coffee Dripper","Ring of Chaos"],"picked":"Empty Cage"}],"items_purged_floors":[5,21,42],"is_endless":false,"potions_floor_spawned":[1,6,8,10,11,20,29,31,33,41,46,48],"ascension_level":0}}