{"host":"fuszjwm6fqgjjp4d","time":1611620929,"event":{"mods":["BaseMod","Bestiary","Colored Map","DeckTracker","Minty Spire (QoL Compilation)","Permanent Neow","Relic Sorter","Relic Stats","StSLib"],"gold_per_floor":[117,117,131,131,131,131,170,135,135,135,135,22,22,36,36,132,132,148,148,16,40,40,75,75,75,102,138,138,138,138,138],"floor_reached":30,"language":"ENG","playtime":656,"items_purged":["Pain"],"score":520,"play_id":"5c6fd6d7-dbf9-4e9b-b116-2f2bb0f17348","local_time":"20210125182849","is_ascension_mode":true,"campfire_choices":[{"data":"Streamline","floor":6,"key":"SMITH"},{"data":"Conserve Battery","floor":11,"key":"SMITH"},{"floor":15,"key":"REST"},{"data":"Biased Cognition","floor":25,"key":"SMITH"},{"floor":29,"key":"REST"}],"circlet_count":0,"master_deck":["AscendersBane","Strike_B","Strike_B+1","Strike_B+1","Strike_B","Defend_B","Defend_B","Defend_B","Defend_B","Zap","Dualcast","Streamline+1","FTL","Conserve Battery+1","Capacitor","Hologram","Coolheaded","Biased Cognition+1","CurseOfTheBell","Capacitor","Cold Snap","Consume","Skim","Reboot"],"relics":["Cracked Core","Bronze Scales","Question Card","Golden Idol","Pantograph","Bottled Flame","Mummified Hand","StoneCalendar","Letter Opener","Calling Bell","Centennial Puzzle","Pear","Dead Branch","WarpedTongs","Sundial","Whetstone","Eternal Feather","Frozen Egg 2"],"acts_visited":["Exordium","TheCity"],"potions_floor_usage":[14,18,23,27],"damage_taken":[{"damage":1,"enemies":"Cultist","floor":1,"turns":3},{"damage":0,"enemies":"2 Louse","floor":3,"turns":2},{"damage":36,"enemies":"Gremlin Nob","floor":7,"turns":3},{"damage":4,"enemies":"Jaw Worm","floor":14,"turns":4},{"damage":54,"enemies":"Slime Boss","floor":16,"turns":7},{"damage":5,"enemies":"Shell Parasite","floor":18,"turns":4},{"damage":15,"enemies":"2 Thieves","floor":21,"turns":3},{"damage":16,"enemies":"Gremlin Leader","floor":23,"turns":7},{"damage":19,"enemies":"Book of Stabbing","floor":27,"turns":5},{"damage":53,"enemies":"3 Cultists","floor":30,"turns":4}],"seed_played":"8068181832892904306","potions_obtained":[{"floor":3,"key":"Fruit Juice"},{"floor":16,"key":"GamblersBrew"},{"floor":21,"key":"Block Potion"},{"floor":23,"key":"Block Potion"}],"is_trial":false,"path_per_floor":["M","T","M","?","T","R","E","?","T","?","R","$","?","M","R","B",null,"M","?","$","M","?","E","?","R","T","E","T","R","M"],"character_chosen":"DEFECT","items_purchased":["Capacitor","Hologram","Cold Snap"],"campfire_rested":2,"item_purchase_floors":[12,12,20],"current_hp_per_floor":[63,63,63,63,63,63,27,43,43,25,25,25,25,26,46,15,66,61,61,61,46,46,30,30,30,30,11,11,46,0,0],"gold":138,"neow_bonus":"RANDOM_COMMON_RELIC","is_daily":false,"chose_seed":false,"campfire_upgraded":3,"win_rate":0.0,"timestamp":1611620929,"path_taken":["M","?","M","?","?","R","E","?","T","?","R","?","?","M","R","BOSS","M","?","$","?","?","E","?","R","T","E","?","R","M"],"items_purchased_type":["Card","Card","Card"],"build_version":"2020-12-22","purchased_purges":1,"victory":false,"max_hp_per_floor":[71,71,71,64,64,64,64,64,64,64,64,64,64,69,69,69,79,79,79,79,79,79,79,79,79,79,79,79,79,79,79],"relic_stats":{"counters":[10,42],"Golden Idol":52,"Dead Branch":[8],"StoneCalendar":[91],"Eternal Feather":12,"Letter Opener":[75],"Whetstone":["Strike_B","Strike_B"],"Question Card":9,"WarpedTongs":[19],"Centennial Puzzle":[15],"Mummified Hand":[17],"Sundial":[0],"Bronze Scales":[129],"Pantograph":23,"obtain_stats":[{"Pear":17,"Golden Idol":4,"Dead Branch":17,"StoneCalendar":10,"Eternal Feather":27,"Letter Opener":13,"Whetstone":26,"Frozen Egg 2":28,"Question Card":2,"WarpedTongs":19,"Calling Bell":17,"Bottled Flame":7,"Centennial Puzzle":17,"Mummified Hand":9,"Sundial":23,"Bronze Scales":0,"Pantograph":5,"Cracked Core":0},{"Pear":5,"Golden Idol":2,"Dead Branch":5,"StoneCalendar":3,"Eternal Feather":9,"Letter Opener":3,"Whetstone":8,"Frozen Egg 2":9,"Question Card":1,"WarpedTongs":6,"Calling Bell":5,"Bottled Flame":3,"Centennial Puzzle":5,"Mummified Hand":3,"Sundial":8,"Bronze Scales":0,"Pantograph":2,"Cracked Core":0},{"Pear":19,"Golden Idol":5,"Dead Branch":19,"StoneCalendar":8,"Eternal Feather":38,"Letter Opener":8,"Whetstone":33,"Frozen Egg 2":38,"Question Card":3,"WarpedTongs":23,"Calling Bell":19,"Bottled Flame":8,"Centennial Puzzle":19,"Mummified Hand":8,"Sundial":33,"Bronze Scales":0,"Pantograph":5,"Cracked Core":0}]},"card_choices":[{"not_picked":["Sweeping Beam","FTL"],"picked":"Streamline","floor":1},{"not_picked":["Go for the Eyes","Fusion","Force Field"],"picked":"FTL","floor":3},{"not_picked":["Compile Driver","Thunder Strike","Double Energy"],"picked":"Conserve Battery","floor":7},{"not_picked":["Turbo","Darkness","Conserve Battery"],"picked":"Coolheaded","floor":14},{"not_picked":["Rainbow","Hyperbeam","Fission"],"picked":"Biased Cognition","floor":16},{"not_picked":["Turbo","Hyperbeam","Gash"],"picked":"Capacitor","floor":18},{"not_picked":["Turbo","Ball Lightning","Capacitor"],"picked":"Consume","floor":21},{"not_picked":["Streamline+1","Steam","Barrage"],"picked":"Skim","floor":23},{"not_picked":["Turbo","Cold Snap+1","Hologram"],"picked":"Reboot","floor":27}],"player_experience":1348095,"relics_obtained":[{"floor":2,"key":"Question Card"},{"floor":5,"key":"Pantograph"},{"floor":7,"key":"Bottled Flame"},{"floor":9,"key":"Mummified Hand"},{"floor":17,"key":"Centennial Puzzle"},{"floor":17,"key":"Pear"},{"floor":17,"key":"Dead Branch"},{"floor":23,"key":"Sundial"},{"floor":26,"key":"Whetstone"},{"floor":27,"key":"Eternal Feather"},{"floor":28,"key":"Frozen Egg 2"}],"event_choices":[{"damage_healed":0,"gold_gain":0,"player_choice":"Lose Max HP","damage_taken":0,"relics_obtained":["Golden Idol"],"max_hp_gain":0,"max_hp_loss":7,"event_name":"Golden Idol","floor":4,"gold_loss":0},{"damage_healed":16,"gold_gain":0,"player_choice":"Healed","damage_taken":0,"max_hp_gain":0,"max_hp_loss":0,"event_name":"The Cleric","floor":8,"gold_loss":35},{"damage_healed":0,"gold_gain":0,"player_choice":"Success","damage_taken":18,"relics_obtained":["StoneCalendar"],"max_hp_gain":0,"max_hp_loss":0,"event_name":"Scrap Ooze","floor":10,"gold_loss":0},{"damage_healed":0,"gold_gain":0,"player_choice":"Searched \u00271\u0027 times","damage_taken":0,"relics_obtained":["Letter Opener"],"max_hp_gain":0,"max_hp_loss":0,"event_name":"Dead Adventurer","floor":13,"gold_loss":0},{"damage_healed":0,"gold_gain":0,"player_choice":"Rummage","damage_taken":0,"relics_obtained":["WarpedTongs"],"max_hp_gain":0,"max_hp_loss":0,"event_name":"Accursed Blacksmith","floor":19,"gold_loss":0,"cards_obtained":["Pain"]},{"damage_healed":0,"gold_gain":0,"player_choice":"Ignored","damage_taken":0,"max_hp_gain":0,"max_hp_loss":0,"event_name":"The Mausoleum","floor":22,"gold_loss":0},{"damage_healed":0,"gold_gain":0,"player_choice":"Ignored","damage_taken":0,"max_hp_gain":0,"max_hp_loss":0,"event_name":"Cursed Tome","floor":24,"gold_loss":0}],"is_beta":false,"boss_relics":[{"not_picked":["Cursed Key","SacredBark"],"picked":"Calling Bell"}],"items_purged_floors":[20],"is_endless":false,"potions_floor_spawned":[3,16,21,23],"killed_by":"3 Cultists","ascension_level":20}}