{"host":"2n2g1vowfllvjtvi","time":1611672373,"event":{"mods":["AchievementEnabler","BaseMod","Custom Start","GifTheSpireLib","Keyboard Shortcuts","Minty Spire (QoL Compilation)","Quick Restart","Rare Cards Sparkle","StSLib","SuperFastMode"],"gold_per_floor":[117,117,133,133,133,133,171,171,196,196,221,221,261,279,279,405,405,430,430,430,430],"floor_reached":20,"language":"KOR","playtime":228,"items_purged":[],"score":287,"play_id":"57b4b8e8-39e4-4979-a1d3-bc9c866498d2","local_time":"20210126234613","is_ascension_mode":true,"campfire_choices":[{"data":"Bash","floor":6.0,"key":"SMITH"},{"data":"Rampage","floor":8.0,"key":"SMITH"},{"floor":12.0,"key":"RECALL"},{"data":"Disarm","floor":15.0,"key":"SMITH"}],"circlet_count":0,"master_deck":["Strike_R","Strike_R","Strike_R","Strike_R","Defend_R+1","Defend_R+1","Defend_R","Defend_R","Bash+1","Rampage+1","Disarm+1","Carnage","Bludgeon","Battle Trance"],"relics":["Burning Blood","NeowsBlessing","Golden Idol","MealTicket","Bag of Marbles","Orichalcum","Runic Cube"],"acts_visited":["Exordium","TheCity"],"potions_floor_usage":[18],"damage_taken":[{"damage":0.0,"enemies":"Jaw Worm","floor":1.0,"turns":1.0},{"damage":0.0,"enemies":"2 Louse","floor":3.0,"turns":1.0},{"damage":0.0,"enemies":"3 Sentries","floor":7.0,"turns":2.0},{"damage":0.0,"enemies":"Cultist","floor":11.0,"turns":3.0},{"damage":14.0,"enemies":"Lagavulin","floor":13.0,"turns":6.0},{"damage":12.0,"enemies":"Large Slime","floor":14.0,"turns":5.0},{"damage":15.0,"enemies":"The Guardian","floor":16.0,"turns":10.0},{"damage":1,"enemies":"Shell Parasite","floor":18,"turns":7},{"damage":0,"enemies":"3 Byrds","floor":20,"turns":2}],"seed_played":"5590155102534696503","potions_obtained":[{"floor":3.0,"key":"FairyPotion"},{"floor":7.0,"key":"Weak Potion"},{"floor":13.0,"key":"Strength Potion"},{"floor":16.0,"key":"SkillPotion"}],"is_trial":false,"path_per_floor":["M","?","M","?","?","R","E","R","T","?","M","R","E","M","R","B",null,"M","?","M"],"character_chosen":"IRONCLAD","items_purchased":[],"campfire_rested":0,"item_purchase_floors":[],"current_hp_per_floor":[78,78,80,60,44,44,50,50,50,50,56,56,48,42,42,33,68,73,73,73,73],"gold":430,"neow_bonus":"THREE_ENEMY_KILL","is_daily":false,"chose_seed":false,"campfire_upgraded":3,"win_rate":0.0,"timestamp":1611672373,"path_taken":["M","?","M","?","?","R","E","R","T","?","M","R","E","M","R","BOSS","M","?","M"],"items_purchased_type":[],"build_version":"2020-12-22","purchased_purges":0,"victory":false,"max_hp_per_floor":[80,80,80,80,80,80,80,80,80,80,80,80,80,80,80,80,80,80,80,80,80],"card_choices":[{"not_picked":["Armaments","True Grit","Feel No Pain"],"picked":"SKIP","floor":1.0},{"not_picked":["Heavy Blade","Thunderclap","Sever Soul"],"picked":"SKIP","floor":3.0},{"not_picked":["Shockwave","Battle Trance"],"picked":"Rampage","floor":7.0},{"not_picked":["Clothesline","Infernal Blade","Havoc"],"picked":"SKIP","floor":11.0},{"not_picked":["Entrench","Armaments"],"picked":"Disarm","floor":13.0},{"not_picked":["Rage","Flex"],"picked":"Carnage","floor":14.0},{"not_picked":["Berserk","Exhume"],"picked":"Bludgeon","floor":16.0},{"not_picked":["Anger+1","Body Slam+1","Clothesline"],"picked":"SKIP","floor":18}],"player_experience":211958,"relics_obtained":[{"floor":7.0,"key":"MealTicket"},{"floor":9.0,"key":"Bag of Marbles"},{"floor":13.0,"key":"Orichalcum"}],"event_choices":[{"cards_removed":["Strike_R"],"damage_healed":0.0,"max_hp_gain":0.0,"max_hp_loss":0.0,"gold_gain":0.0,"event_name":"Living Wall","player_choice":"Forget","floor":2.0,"gold_loss":0.0,"damage_taken":0.0},{"damage_healed":0.0,"max_hp_gain":0.0,"max_hp_loss":0.0,"gold_gain":0.0,"event_name":"Golden Idol","player_choice":"Take Damage","floor":4.0,"gold_loss":0.0,"damage_taken":20.0,"relics_obtained":["Golden Idol"]},{"damage_healed":0.0,"max_hp_gain":0.0,"max_hp_loss":0.0,"gold_gain":0.0,"event_name":"Shining Light","player_choice":"Entered Light","floor":5.0,"gold_loss":0.0,"damage_taken":16.0,"cards_upgraded":["Defend_R","Defend_R"]},{"damage_healed":0.0,"max_hp_gain":0.0,"max_hp_loss":0.0,"gold_gain":0.0,"event_name":"Liars Game","player_choice":"Ignored","floor":10.0,"gold_loss":0.0,"damage_taken":0.0},{"damage_healed":0,"gold_gain":0,"player_choice":"Read","damage_taken":0,"max_hp_gain":0,"max_hp_loss":0,"event_name":"The Library","floor":19,"gold_loss":0,"cards_obtained":["Battle Trance"]}],"is_beta":false,"boss_relics":[{"not_picked":["Mark of Pain","Cursed Key"],"picked":"Runic Cube"}],"items_purged_floors":[],"is_endless":false,"potions_floor_spawned":[3,7,13,16],"killed_by":"3 Byrds","ascension_level":8}}