{"host":"15dd7v8o90xso62x","time":1611622456,"event":{"mods":["BaseMod","Minty Spire (QoL Compilation)","Quick Restart","StSLib","SuperFastMode"],"gold_per_floor":[13,33,47,59,77,77,93,93,146,172,185,85,30,40,40,40,40],"floor_reached":16,"language":"KOR","playtime":415,"items_purged":["Defend_G"],"score":192,"play_id":"a4433fd8-027e-4707-abab-2fab899a8110","local_time":"20210126095416","is_ascension_mode":true,"campfire_choices":[{"data":"Dagger Spray","floor":6,"key":"SMITH"},{"data":"Neutralize","floor":15,"key":"SMITH"}],"circlet_count":0,"master_deck":["AscendersBane","Strike_G","Strike_G","Strike_G","Strike_G","Defend_G","Defend_G","Defend_G","Survivor","Neutralize+1","Dagger Spray+1","Finisher","Calculated Gamble","Backflip","Cloak And Dagger","Cloak And Dagger","Acrobatics","Tactician"],"relics":["Ring of the Snake","Centennial Puzzle","Omamori"],"acts_visited":["Exordium"],"potions_floor_usage":[16,16],"damage_taken":[{"damage":9,"enemies":"Cultist","floor":1,"turns":5},{"damage":1,"enemies":"Small Slimes","floor":2,"turns":3},{"damage":3,"enemies":"Jaw Worm","floor":3,"turns":4},{"damage":10,"enemies":"Exordium Thugs","floor":4,"turns":5},{"damage":11,"enemies":"Red Slaver","floor":5,"turns":3},{"damage":6,"enemies":"Blue Slaver","floor":7,"turns":3},{"damage":1,"enemies":"Looter","floor":11,"turns":3},{"damage":0,"enemies":"3 Louse","floor":14,"turns":2},{"damage":1,"enemies":"The Guardian","floor":16,"turns":5}],"seed_played":"8828470970467068634","potions_obtained":[{"floor":7,"key":"SkillPotion"},{"floor":11,"key":"DistilledChaos"}],"is_trial":false,"path_per_floor":["M","M","M","M","M","R","M","?","T","T","M","$","$","M","R","B"],"character_chosen":"THE_SILENT","items_purchased":["Cloak And Dagger","Acrobatics"],"campfire_rested":0,"item_purchase_floors":[12,13],"current_hp_per_floor":[50,49,46,36,25,25,19,19,19,19,18,18,18,18,18,17,17],"gold":40,"neow_bonus":"REMOVE_TWO","is_daily":false,"chose_seed":false,"campfire_upgraded":2,"win_rate":0.0,"timestamp":1611622456,"path_taken":["M","M","M","M","M","R","?","?","T","?","?","?","$","M","R","BOSS"],"items_purchased_type":["Card","Card"],"build_version":"2020-12-22","purchased_purges":1,"victory":false,"max_hp_per_floor":[66,66,66,66,66,66,66,66,66,66,66,66,66,66,66,66,66],"card_choices":[{"not_picked":["Quick Slash","Deflect"],"picked":"Dagger Spray","floor":1},{"not_picked":["Catalyst","Prepared","Heel Hook"],"picked":"SKIP","floor":2},{"not_picked":["Bane","Deadly Poison"],"picked":"Finisher","floor":3},{"not_picked":["Dodge and Roll","Slice"],"picked":"Calculated Gamble","floor":4},{"not_picked":["Quick Slash","Deflect","Heel Hook"],"picked":"SKIP","floor":5},{"not_picked":["Slice","Storm of Steel"],"picked":"Backflip","floor":7},{"not_picked":["Prepared","Concentrate"],"picked":"Cloak And Dagger","floor":11},{"not_picked":["Blade Dance","Flying Knee"],"picked":"Tactician","floor":14}],"player_experience":886967,"relics_obtained":[{"floor":9,"key":"Centennial Puzzle"},{"floor":10,"key":"Omamori"}],"event_choices":[{"damage_healed":0,"gold_gain":0,"player_choice":"Searched \u00271\u0027 times","damage_taken":0,"max_hp_gain":0,"max_hp_loss":0,"event_name":"Dead Adventurer","floor":8,"gold_loss":0}],"is_beta":false,"boss_relics":[],"items_purged_floors":[12],"is_endless":false,"potions_floor_spawned":[7,11,14],"killed_by":"The Guardian","ascension_level":20}}