{"host":"mmvmlqmvbrlj5jge","time":1611658850,"event":{"mods":["Act Like it!","BaseMod","Dota2Spire","Gensokyo","GifTheSpireLib","Hallownest","Lobotomy","Mari Mod (Legacy)","Mari\u0027s V1 Patch","Minty Spire (QoL Compilation)","MostiFishMod","Pale of the Ancients","Quick Restart","Remilia（蕾米莉亚）","Replay The Spire","RumiaBox-露米娅的神秘盒子","Spicy Shops","StSLib","TestMod","The Bug Knight","noobMod","【功能Mod】混沌之环修复补丁","【遗物卡牌】REMEMod","篝火指南"],"gold_per_floor":[112,112,138,138,138,138,171,101,177,202,202],"floor_reached":10,"language":"ZHS","playtime":508,"items_purged":[],"score":143,"play_id":"750a67d8-50af-4c93-9022-4f167e090175","local_time":"20210126190050","is_ascension_mode":true,"campfire_choices":[{"data":"Genetic Algorithm","floor":6,"key":"SMITH"}],"circlet_count":0,"master_deck":["Strike_RM","Strike_RM+1","Strike_RM","Strike_RM","Defend_RM","Defend_RM","Defend_RM","Defend_RM","RedMoon","ScarletShoot","MostiFishMod:EE1D+1","MostiFishMod:EE1D","MostiFishMod:EE1D","Genetic Algorithm+1"],"relics":["DaveBox","testmod-TestBox","REME_ComplimentaryCards","ice","FrostBlade","testmod-AssaultLearning","EE1DDrone","SynthV:TestCard","AddBug","SecretRecord"],"acts_visited":["Gensokyo:Gensokyo"],"potions_floor_usage":[1],"damage_taken":[{"damage":16,"enemies":"Gensokyo:2_Kodama","floor":1,"turns":4},{"damage":78,"enemies":"Gensokyo:Aya","floor":7,"turns":18},{"damage":25,"enemies":"Gensokyo:Cirno","floor":10,"turns":14}],"seed_played":"-838349681255025626","potions_obtained":[{"floor":1,"key":"REME_GoldPotion"},{"floor":7,"key":"Toxic Potion"}],"is_trial":false,"path_per_floor":["M","?","T","?","?","R","E","?","T","E"],"character_chosen":"REMILIA","items_purchased":[],"campfire_rested":0,"item_purchase_floors":[],"current_hp_per_floor":[56,38,38,38,38,38,34,34,34,12,12],"gold":202,"neow_bonus":"BOSS_RELIC","is_daily":false,"chose_seed":false,"campfire_upgraded":1,"win_rate":0.0,"timestamp":1611658850,"path_taken":["M","?","?","?","?","R","E","?","T","E"],"items_purchased_type":[],"build_version":"2020-12-22","purchased_purges":0,"victory":false,"max_hp_per_floor":[75,75,75,75,75,75,83,83,83,113,113],"card_choices":[{"not_picked":["UnderTheZenith","BombardNight","FavorOfDestiny"],"picked":"SKIP","floor":1},{"not_picked":["AfternoonTea","CurseOfVladTepes","ScarletImprint","VampireSweep","ChainGang"],"picked":"SKIP","floor":7}],"player_experience":123381,"relics_obtained":[{"floor":1,"key":"SynthV:TestCard"},{"floor":1,"key":"AddBug"},{"floor":3,"key":"Nunchaku"},{"floor":7,"key":"StoneCalendar"},{"floor":9,"key":"LastBattle"},{"floor":10,"key":"Ancient Tea Set"}],"event_choices":[],"is_beta":false,"boss_relics":[],"items_purged_floors":[],"is_endless":false,"potions_floor_spawned":[1,7],"killed_by":"Gensokyo:Cirno","ascension_level":8}}