{"host":"8is2j71l4wmybkoi","time":1611652527,"event":{"mods":["AchievementEnabler","BaseMod","Colored Map","Minty Spire (QoL Compilation)","Rare Cards Sparkle","StSLib","SuperFastMode"],"gold_per_floor":[114,128,203,223,223,223,254,269,269,269,296,311,322,338,338,413,413,425,425,48,60,77,77,77],"floor_reached":23,"language":"KOR","playtime":782,"items_purged":["Strike_B"],"score":410,"play_id":"bc03336e-4077-44cd-8821-0d92effab27a","local_time":"20210126181527","is_ascension_mode":true,"campfire_choices":[{"data":"Zap","floor":6,"key":"SMITH"},{"floor":10,"key":"REST"},{"data":"Go for the Eyes","floor":15,"key":"SMITH"}],"circlet_count":0,"master_deck":["AscendersBane","Strike_B","Defend_B","Defend_B","Defend_B","Defend_B","Zap+1","Dualcast","Cold Snap","Sunder","Beam Cell","All For One","Steam","Chill","Blizzard","FTL","Go for the Eyes+1","Buffer","CurseOfTheBell","Coolheaded+1","Coolheaded","Amplify","Fusion+1","Loop"],"relics":["Cracked Core","Orichalcum","Oddly Smooth Stone","MealTicket","StrikeDummy","Calling Bell","Blood Vial","Question Card","Bird Faced Urn","Membership Card","Toxic Egg 2"],"acts_visited":["Exordium","TheCity"],"potions_floor_usage":[11,12,16,16,22],"damage_taken":[{"damage":0,"enemies":"Cultist","floor":1,"turns":3},{"damage":6,"enemies":"Jaw Worm","floor":2,"turns":3},{"damage":5,"enemies":"2 Louse","floor":4,"turns":2},{"damage":24,"enemies":"Lagavulin","floor":7,"turns":4},{"damage":5,"enemies":"Looter","floor":8,"turns":2},{"damage":2,"enemies":"3 Sentries","floor":11,"turns":5},{"damage":0,"enemies":"Large Slime","floor":12,"turns":3},{"damage":0,"enemies":"2 Fungi Beasts","floor":13,"turns":2},{"damage":0,"enemies":"Exordium Wildlife","floor":14,"turns":3},{"damage":12,"enemies":"Hexaghost","floor":16,"turns":8},{"damage":27,"enemies":"3 Byrds","floor":18,"turns":6},{"damage":1,"enemies":"Spheric Guardian","floor":21,"turns":3},{"damage":14,"enemies":"Snake Plant","floor":22,"turns":5},{"damage":47,"enemies":"Gremlin Leader","floor":23,"turns":6}],"seed_played":"-6371606491996555515","potions_obtained":[{"floor":7,"key":"LiquidBronze"},{"floor":8,"key":"Strength Potion"},{"floor":11,"key":"BlessingOfTheForge"},{"floor":13,"key":"Explosive Potion"},{"floor":14,"key":"FocusPotion"}],"is_trial":false,"path_per_floor":["M","M","?","M","?","R","E","M","T","R","E","M","M","M","R","B",null,"M","?","$","M","M","E"],"character_chosen":"DEFECT","items_purchased":["Membership Card","Toxic Egg 2","Block Potion"],"campfire_rested":1,"item_purchase_floors":[20,20,20],"current_hp_per_floor":[64,58,47,42,42,42,18,13,13,34,32,32,32,32,32,20,58,35,35,50,51,39,0,0],"gold":77,"neow_bonus":"RANDOM_COMMON_RELIC","is_daily":false,"chose_seed":false,"campfire_upgraded":2,"win_rate":0.0,"timestamp":1611652527,"path_taken":["M","?","?","M","?","R","E","?","T","R","E","M","M","M","R","BOSS","M","?","$","M","M","E"],"items_purchased_type":["Relic","Relic","Potion"],"build_version":"2020-12-22","purchased_purges":1,"victory":false,"max_hp_per_floor":[71,71,71,71,71,71,71,71,71,71,71,71,71,71,71,71,71,71,71,71,71,71,71,71],"card_choices":[{"not_picked":["Beam Cell","Hologram"],"picked":"Cold Snap","floor":1},{"not_picked":["Gash","Steam"],"picked":"Sunder","floor":2},{"not_picked":["Leap","Consume"],"picked":"Beam Cell","floor":4},{"not_picked":["Turbo","Sweeping Beam"],"picked":"Steam","floor":7},{"not_picked":["Barrage","Coolheaded"],"picked":"Chill","floor":8},{"not_picked":["Coolheaded","Leap"],"picked":"Blizzard","floor":11},{"not_picked":["Storm","Reinforced Body"],"picked":"FTL","floor":12},{"not_picked":["Tempest","Steam"],"picked":"Go for the Eyes","floor":13},{"not_picked":["Stack","All For One","Sweeping Beam"],"picked":"SKIP","floor":14},{"not_picked":["Seek","Multi-Cast"],"picked":"Buffer","floor":16},{"not_picked":["Redo","Stack","Hologram+1"],"picked":"Coolheaded+1","floor":18},{"not_picked":["Doom and Gloom","Auto Shields+1","Gash"],"picked":"Fusion+1","floor":21},{"not_picked":["Compile Driver","Cold Snap","Go for the Eyes"],"picked":"Loop","floor":22}],"player_experience":810025,"relics_obtained":[{"floor":7,"key":"Oddly Smooth Stone"},{"floor":9,"key":"MealTicket"},{"floor":11,"key":"StrikeDummy"},{"floor":17,"key":"Blood Vial"},{"floor":17,"key":"Question Card"},{"floor":17,"key":"Bird Faced Urn"}],"event_choices":[{"damage_healed":0,"gold_gain":75,"player_choice":"Gather Gold","damage_taken":11,"max_hp_gain":0,"max_hp_loss":0,"event_name":"World of Goop","floor":3,"gold_loss":0},{"damage_healed":0,"gold_gain":0,"player_choice":"1 cards matched","damage_taken":0,"max_hp_gain":0,"max_hp_loss":0,"event_name":"Match and Keep!","floor":5,"gold_loss":0,"cards_obtained":["All For One"]},{"damage_healed":0,"gold_gain":0,"cards_transformed":["Strike_B","Strike_B"],"player_choice":"Became Test Subject","damage_taken":0,"max_hp_gain":0,"max_hp_loss":0,"event_name":"Drug Dealer","floor":19,"gold_loss":0,"cards_obtained":["Coolheaded","Amplify"]}],"is_beta":false,"boss_relics":[{"not_picked":["Black Star","Tiny House"],"picked":"Calling Bell"}],"items_purged_floors":[20],"is_endless":false,"potions_floor_spawned":[7,8,11,13,14],"killed_by":"Gremlin Leader","ascension_level":20}}