{"host":"6p0attdrtjqaih7v","time":1611684119,"event":{"mods":["2.2 Compatiblity","AchievementEnabler","Bard","BaseMod","Better Skull","Better Third Choice","Colored Powertips","Hermit","Highlight Path","Jorbs\u0027s Wanderer Trilogy","Key Reminder","Minty Spire (QoL Compilation)","Permanent Neow","Quick Restart","Random Character Button","Relic Stats","Replay The Spire","Robot Space Explorer","StSLib"],"gold_per_floor":[215,215,235,245,258,258,223,254,254,254,254,254],"floor_reached":11,"language":"ENG","playtime":386,"items_purged":[],"score":146,"play_id":"732793ee-d86b-40ae-bd7e-a8e863e7af13","local_time":"20210126130159","is_ascension_mode":true,"campfire_choices":[{"data":"bard:Inspire","floor":6,"key":"SMITH"}],"circlet_count":0,"master_deck":["AscendersBane","bard:Strike","bard:Strike","bard:Strike","bard:Strike","bard:Defend","bard:Defend","bard:Defend","bard:Defend+1","bard:Riposte","bard:Inspire+1","bard:Fermata","bard:SongBolt","bard:FirstStrike","bard:GuardPoint"],"relics":["bard:PitchPipe","bard:BagPipes","Toy Ornithopter","Gremlin Horn","Juzu Bracelet"],"acts_visited":["Exordium"],"potions_floor_usage":[8],"damage_taken":[{"damage":2,"enemies":"Jaw Worm","floor":1,"turns":4},{"damage":0,"enemies":"2 Louse","floor":3,"turns":4},{"damage":2,"enemies":"Small Slimes","floor":4,"turns":4},{"damage":1,"enemies":"Looter","floor":5,"turns":4},{"damage":14,"enemies":"Lagavulin","floor":8,"turns":6},{"damage":51,"enemies":"Gremlin Nob","floor":11,"turns":4}],"seed_played":"8198664000740448256","potions_obtained":[{"floor":1,"key":"Explosive Potion"},{"floor":4,"key":"Fire Potion"}],"is_trial":false,"path_per_floor":["M","?","M","M","M","R","?","E","T","?","E"],"character_chosen":"BARD","items_purchased":[],"campfire_rested":0,"item_purchase_floors":[],"current_hp_per_floor":[57,46,46,44,43,43,59,50,50,50,0,0],"gold":254,"neow_bonus":"HUNDRED_GOLD","is_daily":false,"chose_seed":false,"campfire_upgraded":1,"win_rate":0.0,"timestamp":1611684119,"path_taken":["M","?","M","M","M","R","?","E","T","?","E"],"items_purchased_type":[],"build_version":"2020-12-22","purchased_purges":0,"victory":false,"max_hp_per_floor":[66,66,66,66,66,66,66,66,66,66,66,66],"relic_stats":{"Gremlin Horn":[0,0],"counters":[6,26],"Juzu Bracelet":0,"obtain_stats":[{"bard:BagPipes":0,"bard:PitchPipe":0,"Gremlin Horn":8,"Juzu Bracelet":9,"Toy Ornithopter":2},{"bard:BagPipes":0,"bard:PitchPipe":0,"Gremlin Horn":5,"Juzu Bracelet":5,"Toy Ornithopter":1},{"bard:BagPipes":0,"bard:PitchPipe":0,"Gremlin Horn":22,"Juzu Bracelet":22,"Toy Ornithopter":4}],"Toy Ornithopter":5},"card_choices":[{"not_picked":["bard:Parry","bard:BucklerBash"],"picked":"bard:Fermata","floor":1},{"not_picked":["bard:PhantasmalForce","bard:Parry"],"picked":"bard:SongBolt","floor":3},{"not_picked":["bard:FeastOnFear","bard:Gamble","bard:MantleOfInspiration"],"picked":"SKIP","floor":4},{"not_picked":["bard:HideousLaughter","bard:SongBolt"],"picked":"bard:FirstStrike","floor":5},{"not_picked":["bard:DervishDance","bard:DiscordantVoice"],"picked":"bard:GuardPoint","floor":8}],"player_experience":951499,"relics_obtained":[{"floor":8,"key":"Gremlin Horn"},{"floor":9,"key":"Juzu Bracelet"}],"event_choices":[{"damage_healed":0,"gold_gain":1,"player_choice":"Relic ","damage_taken":11,"max_hp_gain":0,"max_hp_loss":0,"event_name":"betterThird:BetterScrap","floor":2,"gold_loss":0,"cards_obtained":["Replay:Anticipation"]},{"damage_healed":16,"gold_gain":0,"player_choice":"Healed","damage_taken":0,"max_hp_gain":0,"max_hp_loss":0,"event_name":"The Cleric","floor":7,"gold_loss":35}],"is_beta":false,"boss_relics":[],"items_purged_floors":[],"is_endless":false,"potions_floor_spawned":[1,4],"killed_by":"Gremlin Nob","ascension_level":20}}