{"host":"bq4pt811tk9yrmjl","time":1611679180,"event":{"mods":["AchievementEnabler","BaseMod","Colored Map","Colored Powertips","Defuse TimeMaze Blight","Hermit","Minty Spire (QoL Compilation)","StSLib","SuperFastMode"],"gold_per_floor":[117,117,128,128,128,168,168,168,168,168,23,37,37,37,37,166,166,182,97,97,97,117,117,117,136,136,162,162,162,162,178,211,211,330,330,351,351,375,375,394,430,430,449,498,498,498,498,536,224,224,224],"floor_reached":52,"language":"ENG","playtime":1104,"items_purged":[],"score":833,"play_id":"bbb96da9-a2dc-45a8-9be9-a8e2f36dc72b","local_time":"20210126143940","is_ascension_mode":true,"campfire_choices":[{"data":"Neutralize","floor":7.0,"key":"SMITH"},{"data":"1","floor":10.0,"key":"LIFT"},{"data":"Malaise","floor":15.0,"key":"SMITH"},{"data":"2","floor":24.0,"key":"LIFT"},{"data":"Skewer","floor":26.0,"key":"SMITH"},{"data":"3","floor":28.0,"key":"LIFT"},{"data":"Noxious Fumes","floor":30,"key":"SMITH"},{"data":"Accuracy","floor":33,"key":"SMITH"},{"data":"After Image","floor":42,"key":"SMITH"},{"floor":47,"key":"RECALL"},{"data":"Blade Dance","floor":50,"key":"SMITH"}],"circlet_count":0,"master_deck":["Strike_G","Strike_G","Defend_G","Defend_G","Defend_G","Defend_G","Defend_G","Survivor","Neutralize+1","Blade Dance+1","Malaise+1","Doppelganger+1","Blur+1","Quick Slash+1","Leg Sweep+1","Noxious Fumes+1","Skewer+1","Blade Dance+1","Accuracy+1","PiercingWail+1","Slice+1","After Image+1"],"relics":["Ring of the Snake","NeowsBlessing","Golden Idol","Eternal Feather","Girya","Chemical X","Astrolabe","Thread and Needle","Centennial Puzzle","Strawberry","WristBlade","MealTicket","Lantern","Akabeko","Lizard Tail"],"acts_visited":["Exordium","TheCity","TheBeyond"],"potions_floor_usage":[31,48,51,51,51],"damage_taken":[{"damage":0.0,"enemies":"Jaw Worm","floor":1.0,"turns":1.0},{"damage":0.0,"enemies":"Cultist","floor":3.0,"turns":1.0},{"damage":0.0,"enemies":"Gremlin Nob","floor":6.0,"turns":1.0},{"damage":0.0,"enemies":"2 Louse","floor":12.0,"turns":3.0},{"damage":19.0,"enemies":"The Guardian","floor":16.0,"turns":21.0},{"damage":0.0,"enemies":"Chosen","floor":18.0,"turns":10.0},{"damage":0.0,"enemies":"2 Thieves","floor":22.0,"turns":5.0},{"damage":0.0,"enemies":"Snake Plant","floor":25.0,"turns":6.0},{"damage":0,"enemies":"Centurion and Healer","floor":31,"turns":6},{"damage":0,"enemies":"Book of Stabbing","floor":32,"turns":6},{"damage":8,"enemies":"Collector","floor":34,"turns":13},{"damage":0,"enemies":"3 Shapes","floor":36,"turns":6},{"damage":0,"enemies":"Orb Walker","floor":38,"turns":4},{"damage":14,"enemies":"Transient","floor":40,"turns":5},{"damage":11,"enemies":"Reptomancer","floor":41,"turns":5},{"damage":0,"enemies":"Maw","floor":43,"turns":7},{"damage":17,"enemies":"Nemesis","floor":48,"turns":7},{"damage":32,"enemies":"Donu and Deca","floor":51,"turns":11}],"seed_played":"8130389193809475440","potions_obtained":[{"floor":1.0,"key":"Fire Potion"},{"floor":2.0,"key":"DuplicationPotion"},{"floor":2.0,"key":"AttackPotion"},{"floor":18.0,"key":"BlessingOfTheForge"},{"floor":22.0,"key":"Poison Potion"},{"floor":40,"key":"GamblersBrew"},{"floor":41,"key":"DistilledChaos"},{"floor":48,"key":"Weak Potion"}],"is_trial":false,"path_per_floor":["M","?","M","?","?","E","R","?","T","R","$","M","?","$","R","B",null,"M","?","?","$","M","M","R","M","R","T","R","?","R","M","E","R","B",null,"M","?","M","?","M","E","R","M","T","$","?","R","E","$","R","B",null],"character_chosen":"THE_SILENT","items_purchased":["Chemical X","Lizard Tail"],"campfire_rested":0,"item_purchase_floors":[11,49],"current_hp_per_floor":[70,70,70,70,53,53,59,56,56,62,62,62,62,62,70,51,70,70,70,70,70,70,70,70,70,70,70,70,70,70,70,77,77,69,77,77,77,77,77,63,52,64,64,64,77,77,77,60,75,77,45],"gold":224,"neow_bonus":"THREE_ENEMY_KILL","is_daily":false,"chose_seed":false,"campfire_upgraded":7,"win_rate":0.0,"timestamp":1611679180,"path_taken":["M","?","?","?","?","E","R","?","T","R","?","M","?","$","R","BOSS","M","?","?","?","M","M","R","M","R","T","R","?","R","M","E","R","BOSS","M","?","?","?","M","E","R","M","T","$","?","R","E","$","R","BOSS"],"items_purchased_type":["Relic","Relic"],"build_version":"2020-12-22","purchased_purges":0,"victory":true,"max_hp_per_floor":[70,70,70,70,70,70,70,70,70,70,70,70,70,70,70,70,70,70,70,70,70,70,70,70,70,70,70,70,70,70,70,77,77,77,77,77,77,77,77,77,77,77,77,77,77,77,77,77,77,77,77],"card_choices":[{"not_picked":["Escape Plan","PiercingWail"],"picked":"Blade Dance","floor":1.0},{"not_picked":["Concentrate","Endless Agony","Expertise"],"picked":"SKIP","floor":3.0},{"not_picked":["PiercingWail","Bane"],"picked":"Malaise","floor":6.0},{"not_picked":["Quick Slash","Dodge and Roll"],"picked":"Leg Sweep","floor":12.0},{"not_picked":["Venomology","A Thousand Cuts"],"picked":"Doppelganger","floor":16.0},{"not_picked":["Deflect","Cloak And Dagger"],"picked":"Noxious Fumes","floor":18.0},{"not_picked":["Outmaneuver","Flechettes"],"picked":"Blade Dance+1","floor":22.0},{"not_picked":["Flying Knee","Skewer","Blade Dance"],"picked":"SKIP","floor":25.0},{"not_picked":["Heel Hook","Dagger Spray","Endless Agony"],"picked":"SKIP","floor":31},{"not_picked":["Choke+1","Leg Sweep+1"],"picked":"Accuracy","floor":32},{"not_picked":["Choke","Dagger Throw+1"],"picked":"PiercingWail+1","floor":36},{"not_picked":["Escape Plan","Underhanded Strike","Flechettes+1"],"picked":"SKIP","floor":38},{"not_picked":["Cloak And Dagger","Blur+1"],"picked":"Slice+1","floor":40},{"not_picked":["Predator+1","Backflip"],"picked":"After Image","floor":41},{"not_picked":["Underhanded Strike","All Out Attack+1","Dodge and Roll"],"picked":"SKIP","floor":43},{"not_picked":["Backflip+1","Dagger Spray","Deflect+1"],"picked":"SKIP","floor":48}],"player_experience":260764,"relics_obtained":[{"floor":6.0,"key":"Eternal Feather"},{"floor":27.0,"key":"Centennial Puzzle"},{"floor":32,"key":"Strawberry"},{"floor":41,"key":"MealTicket"},{"floor":44,"key":"Lantern"},{"floor":48,"key":"Akabeko"}],"event_choices":[{"damage_healed":0.0,"max_hp_gain":0.0,"max_hp_loss":0.0,"gold_gain":0.0,"event_name":"Lab","player_choice":"Got Potions","floor":2.0,"gold_loss":0.0,"damage_taken":0.0},{"damage_healed":0.0,"max_hp_gain":0.0,"max_hp_loss":0.0,"gold_gain":0.0,"event_name":"Golden Wing","player_choice":"Ignored","floor":4.0,"gold_loss":0.0,"damage_taken":0.0},{"damage_healed":0.0,"max_hp_gain":0.0,"max_hp_loss":0.0,"gold_gain":0.0,"event_name":"Golden Idol","player_choice":"Take Damage","floor":5.0,"gold_loss":0.0,"damage_taken":17.0,"relics_obtained":["Golden Idol"]},{"damage_healed":0.0,"max_hp_gain":0.0,"max_hp_loss":0.0,"gold_gain":0.0,"event_name":"Scrap Ooze","player_choice":"Success","floor":8.0,"gold_loss":0.0,"damage_taken":3.0,"relics_obtained":["Girya"]},{"damage_healed":0.0,"max_hp_gain":0.0,"max_hp_loss":0.0,"gold_gain":0.0,"event_name":"The Cleric","player_choice":"Leave","floor":13.0,"gold_loss":0.0,"damage_taken":0.0},{"damage_healed":0.0,"max_hp_gain":0.0,"max_hp_loss":0.0,"gold_gain":0.0,"event_name":"Addict","player_choice":"Obtained Relic","floor":19.0,"gold_loss":85.0,"damage_taken":0.0,"relics_obtained":["Thread and Needle"]},{"damage_healed":0.0,"max_hp_gain":0.0,"max_hp_loss":0.0,"gold_gain":0.0,"event_name":"The Library","player_choice":"Read","floor":20.0,"gold_loss":0.0,"damage_taken":0.0,"cards_obtained":["Skewer"]},{"damage_healed":0,"gold_gain":0,"player_choice":"Ignored","damage_taken":0,"max_hp_gain":0,"max_hp_loss":0,"event_name":"Cursed Tome","floor":29,"gold_loss":0},{"cards_removed":["Leg Sweep"],"damage_healed":0,"gold_gain":0,"player_choice":"Offered Uncommon","damage_taken":0,"max_hp_gain":0,"max_hp_loss":0,"event_name":"Bonfire Elementals","floor":37,"gold_loss":0},{"damage_healed":0,"gold_gain":0,"player_choice":"Ignored","damage_taken":0,"max_hp_gain":0,"max_hp_loss":0,"event_name":"Tomb of Lord Red Mask","floor":39,"gold_loss":0},{"damage_healed":0,"gold_gain":0,"player_choice":"Upgraded","damage_taken":0,"max_hp_gain":0,"max_hp_loss":0,"event_name":"Upgrade Shrine","floor":46,"gold_loss":0,"cards_upgraded":["Doppelganger"]}],"is_beta":false,"boss_relics":[{"not_picked":["SlaversCollar","Runic Dome"],"picked":"Astrolabe"},{"not_picked":["Velvet Choker","Calling Bell"],"picked":"WristBlade"}],"items_purged_floors":[],"is_endless":false,"potions_floor_spawned":[1,12,18,22,40,41,48],"ascension_level":1}}