{"host":"kh6fvhxn285ncg0o","time":1611698957,"event":{"mods":["Act Like it!","BaseMod","Colored Map","Friendly Minions","Keyboard Shortcuts","Minty Spire (QoL Compilation)","Quick Restart","Relic Stats","StSLib","SuperFastMode","UnlockEverythingMod"],"gold_per_floor":[19,19,39,39,56,56,90,113,113,153,153,186,229,229,229,312,393,419,419,469,487,502,502,522,551,577,610,621,621,639,729,729,813,813,837,866,791,814,831,831,831,831],"floor_reached":41,"language":"KOR","playtime":1613,"items_purged":["Rupture"],"score":1206,"play_id":"8d76e575-9fc2-439c-93b7-b3dfd237c65c","local_time":"20210127070917","is_ascension_mode":true,"campfire_choices":[{"data":"Carnage","floor":6.0,"key":"SMITH"},{"data":"Battle Trance","floor":11.0,"key":"SMITH"},{"data":"Rage","floor":15.0,"key":"SMITH"},{"data":"Burning Pact","floor":23.0,"key":"SMITH"},{"data":"Fire Breathing","floor":29.0,"key":"SMITH"},{"floor":32.0,"key":"REST"},{"data":"Evolve","floor":40.0,"key":"SMITH"}],"circlet_count":0,"master_deck":["AscendersBane","Shrug It Off","Body Slam+1","Ghostly Armor","Rage+1","Carnage+1","Battle Trance+1","Seeing Red","Berserk","Burning Pact+1","Feel No Pain","Feed","Sentinel","Rage","Fire Breathing+1","Fiend Fire","Sentinel","Feed","Second Wind","Power Through+1","Berserk","Juggernaut","Offering","Warcry+1","Shockwave+1","Evolve+1"],"relics":["Burning Blood","Prayer Wheel","CeramicFish","Singing Bowl","Bottled Tornado","Pandora\u0027s Box","Centennial Puzzle","Strawberry","Mango","SlaversCollar"],"acts_visited":["Exordium","TheCity","TheBeyond"],"potions_floor_usage":[41,41],"damage_taken":[{"damage":8.0,"enemies":"Jaw Worm","floor":1.0,"turns":6.0},{"damage":0.0,"enemies":"Cultist","floor":3.0,"turns":3.0},{"damage":0.0,"enemies":"Small Slimes","floor":5.0,"turns":4.0},{"damage":7.0,"enemies":"3 Sentries","floor":7.0,"turns":7.0},{"damage":1.0,"enemies":"2 Fungi Beasts","floor":8.0,"turns":3.0},{"damage":5.0,"enemies":"Lagavulin","floor":10.0,"turns":7.0},{"damage":3.0,"enemies":"Blue Slaver","floor":12.0,"turns":3.0},{"damage":31.0,"enemies":"3 Sentries","floor":13.0,"turns":11.0},{"damage":0.0,"enemies":"The Guardian","floor":16.0,"turns":11.0},{"damage":20.0,"enemies":"Shell Parasite","floor":18.0,"turns":4.0},{"damage":0.0,"enemies":"2 Thieves","floor":21.0,"turns":4.0},{"damage":21.0,"enemies":"Shelled Parasite and Fungi","floor":22.0,"turns":7.0},{"damage":24.0,"enemies":"Snake Plant","floor":24.0,"turns":4.0},{"damage":0.0,"enemies":"Slavers","floor":25.0,"turns":6.0},{"damage":48.0,"enemies":"Book of Stabbing","floor":27.0,"turns":8.0},{"damage":18.0,"enemies":"Sentry and Sphere","floor":28.0,"turns":6.0},{"damage":0.0,"enemies":"Collector","floor":33.0,"turns":8.0},{"damage":6.0,"enemies":"Orb Walker","floor":35.0,"turns":3.0},{"damage":52.0,"enemies":"3 Darklings","floor":36.0,"turns":6.0},{"damage":29.0,"enemies":"4 Shapes","floor":38.0,"turns":6.0},{"damage":35.0,"enemies":"Jaw Worm Horde","floor":39.0,"turns":6.0},{"damage":45,"enemies":"Reptomancer","floor":41,"turns":3}],"seed_played":"-791976514898835470","potions_obtained":[{"floor":3.0,"key":"FearPotion"},{"floor":4.0,"key":"Explosive Potion"},{"floor":8.0,"key":"FearPotion"},{"floor":12.0,"key":"ColorlessPotion"},{"floor":16.0,"key":"Ancient Potion"},{"floor":18.0,"key":"Dexterity Potion"},{"floor":21.0,"key":"DuplicationPotion"},{"floor":27.0,"key":"FearPotion"},{"floor":28.0,"key":"Strength Potion"},{"floor":36.0,"key":"Ancient Potion"}],"is_trial":false,"path_per_floor":["M","?","M","?","M","R","E","M","T","E","R","M","E","?","R","B",null,"M","?","?","M","M","R","M","E","T","E","M","R","?","?","R","B",null,"M","M","$","M","M","R","E"],"character_chosen":"IRONCLAD","items_purchased":[],"campfire_rested":1,"item_purchase_floors":[],"current_hp_per_floor":[66,66,72,72,75,75,74,75,75,75,75,75,50,55,55,61,75,66,66,58,68,60,60,47,55,62,36,28,28,28,16,55,61,113,115,74,74,59,40,40,0,0],"gold":831,"neow_bonus":"ONE_RARE_RELIC","is_daily":false,"chose_seed":false,"campfire_upgraded":6,"win_rate":0.0,"timestamp":1611698957,"path_taken":["M","?","M","?","?","R","E","M","T","E","R","M","E","?","R","BOSS","M","?","?","M","M","R","M","E","T","E","?","R","?","?","R","BOSS","M","M","$","M","?","R","E"],"items_purchased_type":[],"build_version":"2020-12-22","purchased_purges":1,"victory":false,"max_hp_per_floor":[75,75,75,75,75,75,75,75,75,75,75,75,75,80,80,80,80,85,85,85,89,96,96,101,103,110,126,130,130,130,130,130,130,130,132,137,137,145,155,155,155,155],"relic_stats":{"Centennial Puzzle":[21],"Singing Bowl":30,"counters":[22,126],"CeramicFish":207,"Prayer Wheel":14,"Pandora\u0027s Box":["Sentinel","Rage","Fire Breathing","Uppercut","Fiend Fire","Sentinel","Rupture","Feed","Sever Soul"],"obtain_stats":[{"SlaversCollar":34,"Centennial Puzzle":25,"Singing Bowl":10,"CeramicFish":7,"Strawberry":26,"Prayer Wheel":0,"Pandora\u0027s Box":17,"Mango":27,"Bottled Tornado":13,"Burning Blood":0},{"SlaversCollar":17,"Centennial Puzzle":14,"Singing Bowl":6,"CeramicFish":4,"Strawberry":14,"Prayer Wheel":0,"Pandora\u0027s Box":9,"Mango":15,"Bottled Tornado":8,"Burning Blood":0},{"SlaversCollar":102,"Centennial Puzzle":80,"Singing Bowl":30,"CeramicFish":20,"Strawberry":80,"Prayer Wheel":0,"Pandora\u0027s Box":55,"Mango":88,"Bottled Tornado":44,"Burning Blood":0}],"Burning Blood":115},"card_choices":[{"not_picked":["Havoc","Anger"],"picked":"Shrug It Off","floor":1.0},{"not_picked":["True Grit","Cleave"],"picked":"Body Slam","floor":1.0},{"not_picked":["Thunderclap","Rupture"],"picked":"Ghostly Armor","floor":3.0},{"not_picked":["Flame Barrier","Wild Strike"],"picked":"Rage","floor":3.0},{"not_picked":["Thunderclap","Warcry"],"picked":"Carnage","floor":5.0},{"not_picked":["Rage","Infernal Blade","Iron Wave"],"picked":"SKIP","floor":5.0},{"not_picked":["Flex","Shrug It Off","Hemokinesis"],"picked":"SKIP","floor":7.0},{"not_picked":["Exhume","Thunderclap"],"picked":"Battle Trance","floor":8.0},{"not_picked":["Pummel","Anger","Headbutt"],"picked":"SKIP","floor":8.0},{"not_picked":["Headbutt","Reckless Charge"],"picked":"Seeing Red","floor":10.0},{"not_picked":["Warcry","Rupture"],"picked":"Berserk","floor":12.0},{"not_picked":["Rage","Pommel Strike"],"picked":"Burning Pact","floor":12.0},{"not_picked":["Body Slam","Pommel Strike"],"picked":"Feel No Pain","floor":13.0},{"not_picked":["Berserk","Corruption"],"picked":"Feed","floor":16.0},{"not_picked":["Cleave","Body Slam","Sword Boomerang"],"picked":"Singing Bowl","floor":18.0},{"not_picked":["True Grit","Iron Wave"],"picked":"Second Wind","floor":18.0},{"not_picked":["Clothesline+1","Armaments","Shrug It Off"],"picked":"Singing Bowl","floor":21.0},{"not_picked":["Sentinel+1","Wild Strike+1","Corruption"],"picked":"Singing Bowl","floor":21.0},{"not_picked":["Iron Wave","Blood for Blood","Sword Boomerang"],"picked":"Singing Bowl","floor":22.0},{"not_picked":["Rampage","Heavy Blade+1","Headbutt"],"picked":"Singing Bowl","floor":22.0},{"not_picked":["Searing Blow","Flex+1"],"picked":"Power Through+1","floor":24.0},{"not_picked":["Thunderclap","Sentinel+1","Havoc"],"picked":"Singing Bowl","floor":24.0},{"not_picked":["Headbutt","Carnage","Cleave+1"],"picked":"Singing Bowl","floor":25.0},{"not_picked":["Reckless Charge","Iron Wave","Rampage"],"picked":"Singing Bowl","floor":27.0},{"not_picked":["Bloodletting","Iron Wave","Warcry"],"picked":"Singing Bowl","floor":28.0},{"not_picked":["Perfected Strike+1","Shockwave","Clothesline"],"picked":"Singing Bowl","floor":28.0},{"not_picked":["Feed","Brutality"],"picked":"Offering","floor":33.0},{"not_picked":["Power Through","Headbutt+1","Body Slam+1"],"picked":"Singing Bowl","floor":35.0},{"not_picked":["Reckless Charge","Havoc"],"picked":"Warcry+1","floor":35.0},{"not_picked":["Brutality","Battle Trance","Body Slam"],"picked":"Singing Bowl","floor":36.0},{"not_picked":["Sword Boomerang","Cleave+1"],"picked":"Shockwave+1","floor":36.0},{"not_picked":["Rampage+1","Anger","Twin Strike+1"],"picked":"Singing Bowl","floor":38.0},{"not_picked":["Thunderclap+1","Cleave"],"picked":"Evolve","floor":38.0},{"not_picked":["Blood for Blood","Flex","Ghostly Armor"],"picked":"Singing Bowl","floor":39.0},{"not_picked":["Burning Pact","Double Tap","Armaments"],"picked":"Singing Bowl","floor":39.0}],"player_experience":1285446,"relics_obtained":[{"floor":7.0,"key":"CeramicFish"},{"floor":10.0,"key":"Singing Bowl"},{"floor":13.0,"key":"Bottled Tornado"},{"floor":25.0,"key":"Centennial Puzzle"},{"floor":26.0,"key":"Strawberry"},{"floor":27.0,"key":"Mango"}],"event_choices":[{"damage_healed":0.0,"max_hp_gain":0.0,"max_hp_loss":0.0,"gold_gain":0.0,"event_name":"Living Wall","player_choice":"Grow","floor":2.0,"gold_loss":0.0,"damage_taken":0.0,"cards_upgraded":["Body Slam"]},{"damage_healed":0.0,"max_hp_gain":0.0,"max_hp_loss":0.0,"gold_gain":0.0,"event_name":"Lab","player_choice":"Got Potions","floor":4.0,"gold_loss":0.0,"damage_taken":0.0},{"damage_healed":0.0,"max_hp_gain":5.0,"max_hp_loss":0.0,"gold_gain":0.0,"event_name":"Big Fish","player_choice":"Donut","floor":14.0,"gold_loss":0.0,"damage_taken":0.0},{"cards_removed":["Bash"],"damage_healed":0.0,"max_hp_gain":0.0,"max_hp_loss":0.0,"gold_gain":0.0,"event_name":"Back to Basics","player_choice":"Elegance","floor":19.0,"gold_loss":0.0,"damage_taken":0.0},{"damage_healed":0.0,"max_hp_gain":0.0,"max_hp_loss":0.0,"gold_gain":50.0,"event_name":"FaceTrader","player_choice":"Touch","floor":20.0,"gold_loss":0.0,"damage_taken":8.0},{"damage_healed":0.0,"max_hp_gain":0.0,"max_hp_loss":0.0,"gold_gain":0.0,"cards_transformed":["Sever Soul","Uppercut"],"event_name":"Drug Dealer","player_choice":"Became Test Subject","floor":30.0,"gold_loss":0.0,"damage_taken":0.0,"cards_obtained":["Berserk","Juggernaut"]},{"damage_healed":0.0,"max_hp_gain":0.0,"max_hp_loss":0.0,"gold_gain":90.0,"event_name":"Knowing Skull","player_choice":"GOLD ","floor":31.0,"potions_obtained":[],"gold_loss":0.0,"damage_taken":12.0,"cards_obtained":[]}],"is_beta":false,"boss_relics":[{"not_picked":["Ectoplasm","Empty Cage"],"picked":"Pandora\u0027s Box"},{"not_picked":["Runic Pyramid","Fusion Hammer"],"picked":"SlaversCollar"}],"items_purged_floors":[37],"is_endless":false,"potions_floor_spawned":[3,5,8,12,16,18,21,27,28,36],"killed_by":"Reptomancer","ascension_level":20}}