{"host":"reugk9pd1uotrglt","time":1611667295,"event":{"mods":["AchievementEnabler","BaseMod","BetterRewards","Colored Map","Custom Start","DeckTracker","Minty Spire (QoL Compilation)","Permanent Neow","Quick Restart","SuperFastMode"],"gold_per_floor":[138,176,214,227,55,107,157,169,239,239,298,298,310,330,330,403,403,416,416,467,467,102,137,137,171,171,226,245,245,280,298,298,374,374,394,616,616,654,665,690,690,717,717,749,749,774,774,774,774,774,774,774,774,164,192,192],"floor_reached":57,"language":"ENG","playtime":2840,"items_purged":["Strike_G","Strike_G","Writhe","Prepared"],"score":4212,"play_id":"ce9b564c-a2f0-4f50-9649-20a4dd0e6fb5","local_time":"20210126142135","is_ascension_mode":true,"campfire_choices":[{"data":"Apotheosis","floor":10,"key":"SMITH"},{"floor":12,"key":"REST"},{"data":"Backstab","floor":15,"key":"SMITH"},{"data":"1","floor":29,"key":"LIFT"},{"data":"2","floor":32,"key":"LIFT"},{"data":"3","floor":41,"key":"LIFT"},{"floor":45,"key":"RECALL"},{"floor":49,"key":"REST"},{"data":"After Image","floor":53,"key":"SMITH"}],"circlet_count":0,"master_deck":["AscendersBane","Survivor","Neutralize","HandOfGreed","Flash of Steel","Footwork","Noxious Fumes","PiercingWail","Sucker Punch","Backflip","Underhanded Strike","Caltrops","All Out Attack","Sucker Punch","Quick Slash","Backstab+1","Apotheosis+1","Flash of Steel","Blur","Dagger Spray","PiercingWail","Tools of the Trade","Catalyst","Terror","Noxious Fumes","Backstab","Tactician","Flying Knee","After Image+1","Underhanded Strike","Catalyst+1","Noxious Fumes","Dramatic Entrance","Backstab+1","Reflex","Die Die Die","Backflip","Reflex","Footwork","Wraith Form v2","A Thousand Cuts","Quick Slash","Acrobatics","Flying Knee","Blade Dance","Tactician","Dodge and Roll","Calculated Gamble","Quick Slash+1","Master of Strategy","Master of Strategy","Finesse","Madness","Madness","Caltrops+1","Backflip","Dramatic Entrance","Backflip+1"],"relics":["Ring of the Snake","Lantern","Membership Card","Whetstone","Letter Opener","Mango","Tiny Chest","Toy Ornithopter","Orrery","Bird Faced Urn","Juzu Bracelet","Oddly Smooth Stone","Bottled Lightning","Odd Mushroom","HornCleat","Dead Branch","Philosopher\u0027s Stone","Snake Skull","Red Mask","Shuriken","Orichalcum","Blood Vial","MutagenicStrength","Nunchaku","White Beast Statue","Girya","Ancient Tea Set","Pandora\u0027s Box","Vajra","Frozen Egg 2","Kunai","Pear","Question Card","Peace Pipe","Pantograph","The Specimen","HandDrill","Ninja Scroll"],"acts_visited":["Exordium","TheCity","TheBeyond","TheEnding"],"potions_floor_usage":[7,11,16,46,46,51,56,56],"damage_taken":[{"damage":0.0,"enemies":"Small Slimes","floor":1.0,"turns":2.0},{"damage":0.0,"enemies":"2 Louse","floor":2.0,"turns":4.0},{"damage":2.0,"enemies":"Jaw Worm","floor":3.0,"turns":2.0},{"damage":4.0,"enemies":"Exordium Wildlife","floor":4.0,"turns":4.0},{"damage":24.0,"enemies":"Gremlin Nob","floor":6.0,"turns":4.0},{"damage":4,"enemies":"The Mushroom Lair","floor":7,"turns":4},{"damage":7,"enemies":"2 Fungi Beasts","floor":8,"turns":3},{"damage":1,"enemies":"3 Sentries","floor":11,"turns":5},{"damage":0,"enemies":"Red Slaver","floor":13,"turns":1},{"damage":0,"enemies":"Blue Slaver","floor":14,"turns":1},{"damage":6,"enemies":"Hexaghost","floor":16,"turns":7},{"damage":0,"enemies":"2 Thieves","floor":18,"turns":2},{"damage":0,"enemies":"Masked Bandits","floor":20,"turns":2},{"damage":0,"enemies":"Book of Stabbing","floor":23,"turns":3},{"damage":0,"enemies":"Slavers","floor":25,"turns":1},{"damage":0,"enemies":"Gremlin Leader","floor":27,"turns":1},{"damage":0,"enemies":"Shell Parasite","floor":28,"turns":1},{"damage":0,"enemies":"Slavers","floor":30,"turns":2},{"damage":0,"enemies":"Centurion and Healer","floor":31,"turns":2},{"damage":0,"enemies":"Automaton","floor":33,"turns":6},{"damage":0,"enemies":"Orb Walker","floor":35,"turns":3},{"damage":4,"enemies":"3 Shapes","floor":38,"turns":3},{"damage":0,"enemies":"Writhing Mass","floor":39,"turns":3},{"damage":0,"enemies":"Reptomancer","floor":40,"turns":1},{"damage":0,"enemies":"Giant Head","floor":42,"turns":4},{"damage":0,"enemies":"Nemesis","floor":44,"turns":1},{"damage":0,"enemies":"Giant Head","floor":46,"turns":1},{"damage":18,"enemies":"Time Eater","floor":50,"turns":8},{"damage":9,"enemies":"Awakened One","floor":51,"turns":5},{"damage":0,"enemies":"Shield and Spear","floor":55,"turns":2},{"damage":8,"enemies":"The Heart","floor":56,"turns":6}],"seed_played":"3915756562284948178","potions_obtained":[{"floor":2.0,"key":"SmokeBomb"},{"floor":6,"key":"Energy Potion"},{"floor":7,"key":"Energy Potion"},{"floor":8,"key":"DistilledChaos"},{"floor":13,"key":"SkillPotion"},{"floor":27,"key":"Energy Potion"},{"floor":28,"key":"DuplicationPotion"},{"floor":44,"key":"CunningPotion"},{"floor":46,"key":"SteroidPotion"}],"is_trial":false,"path_per_floor":["M","M","M","M","$","E","?","M","T","R","E","R","M","M","R","B",null,"M","?","?","T","$","E","?","E","T","E","M","R","E","M","R","B",null,"M","?","T","M","M","E","R","E","T","E","R","E","?","?","R","B","B",null,"R","$","E","B",null],"character_chosen":"THE_SILENT","items_purchased":["HandOfGreed","Flash of Steel","Footwork","Lantern","Membership Card","Noxious Fumes","PiercingWail","Sucker Punch","Whetstone","Letter Opener","Backflip","Underhanded Strike","Fruit Juice","Tiny Chest","Caltrops","Toy Ornithopter","Orrery","Apotheosis","Flash of Steel","Blur","Juzu Bracelet","Oddly Smooth Stone","Catalyst","Shuriken","Noxious Fumes","Orichalcum","Dramatic Entrance","Pantograph","The Specimen","HandDrill","Dexterity Potion","Strength Potion","Caltrops+1","Backflip","Dramatic Entrance"],"campfire_rested":2,"item_purchase_floors":[0,0,0,0,0,0,0,0,0,0,0,0,0,0,0,0,0,0,0,0,0,5,5,22,22,22,22,54,54,54,54,54,54,54,54],"current_hp_per_floor":[37,39,41,41,41,23,28,27,27,27,41,66,70,70,70,81,84,85,85,85,85,85,85,85,85,85,85,85,85,85,85,85,85,85,85,85,85,83,85,85,85,85,95,95,95,95,85,68,95,95,95,95,95,95,95,95],"gold":192,"neow_bonus":"","is_daily":false,"chose_seed":false,"campfire_upgraded":3,"win_rate":0.0,"timestamp":1611667295,"path_taken":["M","M","M","M","$","E","?","M","T","R","E","R","M","M","R","BOSS","M","?","?","?","?","E","?","E","T","E","M","R","E","M","R","BOSS","M","?","?","M","M","E","R","E","T","E","R","E","?","?","R","BOSS","BOSS","R","$","E","BOSS"],"items_purchased_type":["Card","Card","Card","Relic","Relic","Card","Card","Card","Relic","Relic","Card","Card","Potion","Relic","Card","Relic","Relic","Card","Card","Card","Relic","Relic","Card","Relic","Card","Relic","Card","Relic","Relic","Relic","Potion","Potion","Card","Card","Card"],"build_version":"2020-12-22","purchased_purges":4,"victory":true,"max_hp_per_floor":[85,85,85,85,85,85,85,85,85,85,85,85,85,85,85,85,85,85,85,85,85,85,85,85,85,85,85,85,85,85,85,85,85,85,85,85,85,85,85,85,85,85,95,95,95,95,95,95,95,95,95,95,95,95,95,95],"card_choices":[{"not_picked":["Backflip","Bouncing Flask"],"picked":"All Out Attack","floor":0.0},{"not_picked":["Endless Agony","Envenom"],"picked":"Sucker Punch","floor":0.0},{"not_picked":["Poisoned Stab","Flechettes"],"picked":"Quick Slash","floor":0.0},{"not_picked":["Backflip","Dodge and Roll"],"picked":"Backstab","floor":0.0},{"not_picked":["Bane","Bouncing Flask","Choke"],"picked":"SKIP","floor":1.0},{"not_picked":["Expertise","Flying Knee"],"picked":"Dagger Spray","floor":2.0},{"not_picked":["Poisoned Stab","Blade Dance"],"picked":"PiercingWail","floor":3.0},{"not_picked":["Dash","Setup"],"picked":"Tools of the Trade","floor":4.0},{"not_picked":["Cloak And Dagger","Bouncing Flask","Reflex"],"picked":"SKIP","floor":6},{"not_picked":["Prepared","Deflect"],"picked":"Terror","floor":7},{"not_picked":["Blade Dance","Poisoned Stab"],"picked":"Noxious Fumes","floor":8},{"not_picked":["Bane","Phantasmal Killer"],"picked":"Backstab","floor":11},{"not_picked":["Expertise","Quick Slash"],"picked":"Tactician","floor":13},{"not_picked":["Poisoned Stab","Accuracy"],"picked":"Flying Knee","floor":14},{"not_picked":["Tools of the Trade","Wraith Form v2"],"picked":"After Image","floor":16},{"not_picked":["Acrobatics","Dodge and Roll"],"picked":"Underhanded Strike","floor":18},{"not_picked":["Bouncing Flask+1","Bane+1"],"picked":"Catalyst+1","floor":20},{"not_picked":["Concentrate","Endless Agony"],"picked":"Backstab+1","floor":23},{"not_picked":["Bane","Sucker Punch"],"picked":"Reflex","floor":25},{"not_picked":["Flying Knee","Dagger Spray"],"picked":"Die Die Die","floor":27},{"not_picked":["Deadly Poison+1","Bane"],"picked":"Backflip","floor":28},{"not_picked":["Accuracy+1","Blade Dance"],"picked":"Reflex","floor":30},{"not_picked":["Deflect","Outmaneuver"],"picked":"Footwork","floor":31},{"not_picked":["Unload","Doppelganger"],"picked":"Wraith Form v2","floor":33},{"not_picked":["Flying Knee","Concentrate","Tactician"],"picked":"SKIP","floor":35},{"not_picked":["Blade Dance","Underhanded Strike","Heel Hook"],"picked":"SKIP","floor":38},{"not_picked":["Predator","Die Die Die","Dash"],"picked":"SKIP","floor":39},{"not_picked":["Poisoned Stab","Flechettes","Cloak And Dagger"],"picked":"SKIP","floor":40},{"not_picked":["Dash+1","Concentrate+1","Caltrops+1"],"picked":"SKIP","floor":42},{"not_picked":["Grand Finale","Underhanded Strike+1"],"picked":"Calculated Gamble","floor":44},{"not_picked":["Masterful Stab","Sucker Punch","Deflect"],"picked":"Quick Slash+1","floor":46},{"not_picked":["PanicButton","Magnetism+1","Dramatic Entrance"],"picked":"Master of Strategy","floor":47},{"not_picked":["Blind","Chrysalis","Mind Blast"],"picked":"Master of Strategy","floor":47},{"not_picked":["Master of Strategy","Dark Shackles","Purity"],"picked":"Finesse","floor":47},{"not_picked":["Finisher","Acrobatics","Night Terror"],"picked":"Backflip+1","floor":55}],"player_experience":1514315,"relics_obtained":[{"floor":6,"key":"Bottled Lightning"},{"floor":7,"key":"Odd Mushroom"},{"floor":9,"key":"HornCleat"},{"floor":11,"key":"Dead Branch"},{"floor":20,"key":"Red Mask"},{"floor":23,"key":"Blood Vial"},{"floor":25,"key":"Nunchaku"},{"floor":26,"key":"White Beast Statue"},{"floor":27,"key":"Girya"},{"floor":30,"key":"Ancient Tea Set"},{"floor":37,"key":"Vajra"},{"floor":40,"key":"Frozen Egg 2"},{"floor":42,"key":"Kunai"},{"floor":43,"key":"Pear"},{"floor":44,"key":"Question Card"},{"floor":46,"key":"Peace Pipe"},{"floor":55,"key":"Ninja Scroll"}],"event_choices":[{"damage_healed":0,"gold_gain":0,"player_choice":"Fought Mushrooms","damage_taken":0,"max_hp_gain":0,"max_hp_loss":0,"event_name":"Mushrooms","floor":7,"gold_loss":0},{"damage_healed":0,"gold_gain":0,"player_choice":"Opened","damage_taken":0,"relics_obtained":["Snake Skull"],"max_hp_gain":0,"max_hp_loss":0,"event_name":"The Mausoleum","floor":19,"gold_loss":0,"cards_obtained":["Writhe"]},{"damage_healed":0,"gold_gain":0,"player_choice":"Fought Bandits","damage_taken":0,"max_hp_gain":0,"max_hp_loss":0,"event_name":"Masked Bandits","floor":20,"gold_loss":0},{"damage_healed":0,"gold_gain":0,"player_choice":"Inject Mutagens","damage_taken":0,"relics_obtained":["MutagenicStrength"],"max_hp_gain":0,"max_hp_loss":0,"event_name":"Drug Dealer","floor":24,"gold_loss":0},{"damage_healed":0,"gold_gain":222,"player_choice":"Wore Mask","damage_taken":0,"max_hp_gain":0,"max_hp_loss":0,"event_name":"Tomb of Lord Red Mask","floor":36,"gold_loss":0},{"damage_healed":0,"gold_gain":0,"player_choice":"Memory 3","damage_taken":10,"max_hp_gain":0,"max_hp_loss":0,"event_name":"SensoryStone","floor":47,"gold_loss":0},{"damage_healed":0,"gold_gain":0,"player_choice":"Embrace Madness","damage_taken":17,"max_hp_gain":0,"max_hp_loss":0,"event_name":"Winding Halls","floor":48,"gold_loss":0,"cards_obtained":["Madness","Madness"]}],"is_beta":false,"boss_relics":[{"not_picked":["Calling Bell","Coffee Dripper"],"picked":"Philosopher\u0027s Stone"},{"not_picked":["Runic Dome","Velvet Choker"],"picked":"Pandora\u0027s Box"}],"items_purged_floors":[0,5,22,54],"is_endless":false,"potions_floor_spawned":[2,6,7,8,13,27,28,30,31,33,35,38,39,40,42,44,46,55],"ascension_level":20}}