{"host":"xmrw7jl1ir2912vf","time":1611681810,"event":{"mods":["BaseMod","Minty Spire (QoL Compilation)","Relic Stats"],"gold_per_floor":[109,121,134,148,98,98,129,148,174,200,48,83,83,83,83,183,183,197,18,28,28,38,65,65,65,65],"floor_reached":25,"language":"ENG","playtime":2438,"items_purged":["Strike_G","Strike_G"],"score":494,"play_id":"8ff957f8-fa83-4169-9e00-4808799a71ba","local_time":"20210126122330","is_ascension_mode":true,"campfire_choices":[{"data":"Flechettes","floor":6,"key":"SMITH"},{"data":"Envenom","floor":13,"key":"SMITH"},{"data":"Cloak And Dagger","floor":15,"key":"SMITH"},{"floor":24,"key":"REST"}],"circlet_count":0,"master_deck":["Strike_G","Defend_G","Defend_G","Defend_G","Defend_G","Defend_G","Survivor","Neutralize","Flechettes+1","Crippling Poison","Backflip","Blade Dance","Deflect","Prepared","Envenom+1","Dash","Cloak And Dagger+1","Grand Finale+1","Blur","PiercingWail","Acrobatics","Escape Plan+1","Footwork"],"relics":["Runic Pyramid","Kunai","Strawberry","Tiny Chest","Dream Catcher","Velvet Choker","Omamori"],"acts_visited":["Exordium","TheCity"],"potions_floor_usage":[10,12,18,22,23],"damage_taken":[{"damage":1,"enemies":"2 Louse","floor":1,"turns":3},{"damage":2,"enemies":"Jaw Worm","floor":2,"turns":3},{"damage":0,"enemies":"Cultist","floor":3,"turns":3},{"damage":0,"enemies":"Large Slime","floor":4,"turns":3},{"damage":9,"enemies":"3 Sentries","floor":7,"turns":7},{"damage":0,"enemies":"2 Fungi Beasts","floor":8,"turns":3},{"damage":0,"enemies":"Lagavulin","floor":10,"turns":6},{"damage":0,"enemies":"3 Sentries","floor":12,"turns":8},{"damage":0,"enemies":"Slime Boss","floor":16,"turns":8},{"damage":8,"enemies":"Spheric Guardian","floor":18,"turns":4},{"damage":0,"enemies":"Shell Parasite","floor":20,"turns":4},{"damage":16,"enemies":"Sentry and Sphere","floor":22,"turns":4},{"damage":12,"enemies":"Gremlin Leader","floor":23,"turns":6},{"damage":25,"enemies":"Slavers","floor":25,"turns":3}],"seed_played":"4590175260753282263","potions_obtained":[{"floor":2,"key":"Explosive Potion"},{"floor":4,"key":"SkillPotion"},{"floor":7,"key":"Dexterity Potion"},{"floor":10,"key":"AttackPotion"},{"floor":16,"key":"CunningPotion"},{"floor":18,"key":"Strength Potion"},{"floor":20,"key":"Weak Potion"}],"is_trial":false,"path_per_floor":["M","M","M","M","?","R","E","M","T","E","$","E","R","?","R","B",null,"M","$","M","?","M","E","R","E"],"character_chosen":"THE_SILENT","items_purchased":["Dash","Blur"],"campfire_rested":1,"item_purchase_floors":[11,19],"current_hp_per_floor":[62,60,60,60,60,60,51,51,58,58,58,58,58,51,51,51,71,63,63,63,63,47,35,58,33,33],"gold":65,"neow_bonus":"BOSS_RELIC","is_daily":false,"chose_seed":false,"campfire_upgraded":3,"win_rate":0.0,"timestamp":1611681810,"path_taken":["M","M","M","M","?","R","E","M","T","E","$","E","R","?","R","BOSS","M","$","M","?","?","E","R","E"],"items_purchased_type":["Card","Card"],"build_version":"2020-12-22","purchased_purges":2,"victory":false,"max_hp_per_floor":[70,70,70,70,70,70,70,70,77,77,77,77,77,77,77,77,77,77,77,77,77,77,77,77,77,77],"relic_stats":{"Dream Catcher":1,"counters":[14,65],"Tiny Chest":0,"Kunai":[20],"obtain_stats":[{"Dream Catcher":12,"Strawberry":9,"Velvet Choker":17,"Tiny Chest":10,"Omamori":23,"Kunai":7,"Ring of the Snake":0,"Runic Pyramid":0},{"Dream Catcher":8,"Strawberry":6,"Velvet Choker":9,"Tiny Chest":7,"Omamori":13,"Kunai":5,"Ring of the Snake":0,"Runic Pyramid":0},{"Dream Catcher":36,"Strawberry":22,"Velvet Choker":44,"Tiny Chest":28,"Omamori":62,"Kunai":19,"Ring of the Snake":0,"Runic Pyramid":0}]},"card_choices":[{"not_picked":["Underhanded Strike","Dodge and Roll"],"picked":"Flechettes","floor":1},{"not_picked":["Predator","Bouncing Flask"],"picked":"Crippling Poison","floor":2},{"not_picked":["Choke","Cloak And Dagger"],"picked":"Backflip","floor":3},{"not_picked":["Predator","Dagger Spray"],"picked":"Blade Dance","floor":4},{"not_picked":["Acrobatics","Backflip"],"picked":"Deflect","floor":7},{"not_picked":["All Out Attack","Acrobatics"],"picked":"Prepared","floor":8},{"not_picked":["Doppelganger","Infinite Blades"],"picked":"Envenom","floor":10},{"not_picked":["Dagger Spray","Blade Dance"],"picked":"Cloak And Dagger","floor":12},{"not_picked":["Doppelganger","Night Terror"],"picked":"Grand Finale","floor":16},{"not_picked":["Dagger Throw","Deflect","Poisoned Stab"],"picked":"SKIP","floor":18},{"not_picked":["Dagger Throw","Blur"],"picked":"PiercingWail","floor":20},{"not_picked":["Caltrops","Infinite Blades"],"picked":"Acrobatics","floor":22},{"not_picked":["Deadly Poison+1","PiercingWail"],"picked":"Escape Plan+1","floor":23},{"not_picked":["Expertise","Flying Knee"],"picked":"Footwork","floor":24}],"player_experience":505804,"relics_obtained":[{"floor":7,"key":"Kunai"},{"floor":9,"key":"Strawberry"},{"floor":10,"key":"Tiny Chest"},{"floor":12,"key":"Dream Catcher"},{"floor":23,"key":"Omamori"}],"event_choices":[{"cards_removed":["Strike_G"],"damage_healed":0,"gold_gain":0,"player_choice":"Card Removal","damage_taken":0,"max_hp_gain":0,"max_hp_loss":0,"event_name":"The Cleric","floor":5,"gold_loss":50},{"cards_removed":["Strike_G"],"damage_healed":0,"gold_gain":0,"player_choice":"Card Removal","damage_taken":7,"max_hp_gain":0,"max_hp_loss":0,"event_name":"Golden Wing","floor":14,"gold_loss":0},{"damage_healed":0,"gold_gain":0,"player_choice":"Forge","damage_taken":0,"max_hp_gain":0,"max_hp_loss":0,"event_name":"Accursed Blacksmith","floor":21,"gold_loss":0,"cards_upgraded":["Grand Finale"]}],"is_beta":false,"boss_relics":[{"not_picked":["Philosopher\u0027s Stone","Snecko Eye"],"picked":"Velvet Choker"}],"items_purged_floors":[11,19],"is_endless":false,"potions_floor_spawned":[2,4,7,10,16,18,20],"killed_by":"Slavers","ascension_level":9}}