{"host":"ojezjkpqju62j8xy","time":1611634544,"event":{"mods":["ATMod(°¢èªMod)","Act Like it!","Aspiration","BaseMod","Conspire","Minty Spire (QoL Compilation)","Pale of the Ancients","Replay The Spire","Spicy Shops","StSLib","[GremlinLeader]The Maniac","¡¾ÒÅÎï¿¨ÅÆ¡¿REMEMod"],"gold_per_floor":[112,123,198,217,232,262,280,309,309,16,0,0,0],"floor_reached":12,"language":"ZHS","playtime":244,"items_purged":[],"score":140,"play_id":"a2e7d97f-f4d5-4804-ac0d-89b0f3c8af31","local_time":"20210126121544","is_ascension_mode":true,"campfire_choices":[],"circlet_count":0,"master_deck":["AscendersBane","Strike_B","Strike_B","Strike_B","Strike_B","Defend_B","Defend_B","Defend_B","Defend_B","Zap","Dualcast","AT_DrawKnifeCut","Multi-Cast+1","FIFO Queue","Doom and Gloom","BootSequence","aspiration:Polymerization","Ball Lightning","Rebound","Redo","Hologram"],"relics":["Cracked Core","AT_ATBox","REME_ComplimentaryCards","Replay:Towering Pillar of Hats","Replay:Mystery Machine","Membership Card","AT_ImmortalShieldbow"],"acts_visited":["Exordium"],"potions_floor_usage":[6,8,12],"damage_taken":[{"damage":1.0,"enemies":"Cultist","floor":1.0,"turns":3.0},{"damage":0.0,"enemies":"Small Slimes","floor":2.0,"turns":1.0},{"damage":7,"enemies":"Jaw Worm","floor":4,"turns":2},{"damage":3,"enemies":"3 Louse","floor":5,"turns":2},{"damage":25,"enemies":"Gremlin Nob","floor":6,"turns":4},{"damage":0,"enemies":"Looter","floor":7,"turns":2},{"damage":19,"enemies":"Replay:BlueRogue","floor":8,"turns":4},{"damage":8,"enemies":"Gremlin Nob","floor":12,"turns":2}],"seed_played":"-3618480307763098155","potions_obtained":[{"floor":5,"key":"LifebloodPotion"},{"floor":7,"key":"Block Potion"},{"floor":8,"key":"EssenceOfDarkness"}],"is_trial":false,"path_per_floor":["M","M","?","M","M","E","M","E","T","$","?","E"],"character_chosen":"DEFECT","items_purchased":["Membership Card","AT_ImmortalShieldbow","Hologram"],"campfire_rested":0,"item_purchase_floors":[10,10,10],"current_hp_per_floor":[67,67,60,53,50,25,25,6,6,6,6,0,0],"gold":0,"neow_bonus":"RANDOM_EVENT","is_daily":false,"chose_seed":false,"campfire_upgraded":0,"win_rate":0.0,"timestamp":1611634544,"path_taken":["M","?","?","M","M","E","M","E","T","?","?","E"],"items_purchased_type":["Relic","Relic","Card"],"build_version":"2020-12-22","purchased_purges":0,"victory":false,"max_hp_per_floor":[75,75,75,75,75,75,75,75,75,75,75,75,75],"card_choices":[{"not_picked":["Aggregate","Ball Lightning"],"picked":"FIFO Queue","floor":1.0},{"not_picked":["Panic Button","Ball Lightning"],"picked":"Doom and Gloom","floor":2.0},{"not_picked":["AT_ThunderBolt","Scrape"],"picked":"BootSequence","floor":4},{"not_picked":["ReplayTheSpireMod:System Scan","AT_DarkMatter"],"picked":"aspiration:Polymerization","floor":5},{"not_picked":["Leap","Go for the Eyes"],"picked":"Ball Lightning","floor":6},{"not_picked":["AT_RobotInSpace","Stack"],"picked":"Rebound","floor":7},{"not_picked":["Stack","conspire:Rain"],"picked":"Redo","floor":8}],"player_experience":1376254,"relics_obtained":[{"floor":6,"key":"Replay:Towering Pillar of Hats"},{"floor":8,"key":"Replay:Mystery Machine"}],"event_choices":[{"damage_healed":0,"gold_gain":75,"player_choice":"Touch","damage_taken":7,"max_hp_gain":0,"max_hp_loss":0,"event_name":"FaceTrader","floor":3,"gold_loss":0},{"damage_healed":0,"gold_gain":0,"player_choice":"Left Gold","damage_taken":0,"max_hp_gain":0,"max_hp_loss":0,"event_name":"World of Goop","floor":11,"gold_loss":16}],"is_beta":false,"boss_relics":[],"items_purged_floors":[],"is_endless":false,"potions_floor_spawned":[5,7,8],"killed_by":"Gremlin Nob","ascension_level":11}}