{"host":"pjgcdp3h1plnbocs","time":1611659695,"event":{"mods":["AchievementEnabler","BaseMod","Colored Map","Downfall","Highlight Path","Minty Spire (QoL Compilation)","StSLib"],"gold_per_floor":[99,119,133,149,149,159,159,185,216,74,109,109,134,19,30,135,135,135,154,169,169,29,59,137,153,186,186,200,200,227,257,277,374,424,424,444,444,444,191,191,264,1,36,36,53,72,105,115,134,134],"floor_reached":51,"language":"ENG","playtime":2414,"items_purged":["Slimebound:Defend_Slimebound","Slimebound:Strike_Slimebound","Pain","Slimebound:Defend_Slimebound"],"score":1028,"play_id":"5cab8d8c-49a4-4861-956a-5aedcaa70c34","local_time":"20210126121455","is_ascension_mode":true,"campfire_choices":[{"data":"Slimebound:Split","floor":1.0,"key":"SMITH"},{"data":"Slimebound:Defend_Slimebound","floor":18.0,"key":"PURGE"},{"data":"Slimebound:MassRepurpose","floor":27.0,"key":"SMITH"},{"data":"Slimebound:MassRepurpose","floor":29.0,"key":"SMITH"},{"data":"Slimebound:Strike_Slimebound","floor":35,"key":"PURGE"},{"data":"Slimebound:LevelUp","floor":40,"key":"SMITH"},{"data":"Slimebound:LevelUp","floor":44,"key":"SMITH"}],"circlet_count":0,"master_deck":["Slimebound:Defend_Slimebound","Slimebound:Split+1","Slimebound:CorrosiveSpit","Slimebound:SplitAcid","Slimebound:MassRepurpose+1","Slimebound:SplitLeeching","Slimebound:GrowthPunch","Slimebound:OozeBath","Slimebound:LevelUp+1","Slimebound:MassRepurpose+1","Slimebound:MinionMaster+1","Slimebound:SplitLeeching+1","Slimebound:MassRepurpose+1","Slimebound:LevelUp+1","Slimebound:SplitLeeching+1","Slimebound:Teamwork"],"relics":["Slimebound:AbsorbEndCombat","Mercury Hourglass","TungstenRod","Happy Flower","Slimebound:ScrapOozeRelic","Dream Catcher","Black Star","WarpedTongs","Omamori","Ornamental Fan","Gremlin Horn","Du-Vu Doll","The Courier","Boot","PreservedInsect","Pantograph","Tiny House","Oddly Smooth Stone","Slimebound:PotencyRelic","DollysMirror","Sundial","Art of War","TheAbacus","Bottled Flame","Anchor","Slimebound:SlimedTailRelic","Bag of Preparation"],"acts_visited":["Exordium","TheCity","TheBeyond"],"potions_floor_usage":[48,50,50,50],"damage_taken":[{"damage":4.0,"enemies":"2 Louse","floor":2.0,"turns":3.0},{"damage":9.0,"enemies":"Jaw Worm","floor":3.0,"turns":4.0},{"damage":9.0,"enemies":"Small Slimes","floor":4.0,"turns":3.0},{"damage":18.0,"enemies":"3 Louse","floor":6.0,"turns":3.0},{"damage":18.0,"enemies":"3 Sentries","floor":9.0,"turns":5.0},{"damage":0.0,"enemies":"downfall:FleeingMerchant","floor":10.0,"turns":4.0},{"damage":11.0,"enemies":"Gremlin Nob","floor":11.0,"turns":4.0},{"damage":12.0,"enemies":"3 Sentries","floor":13.0,"turns":5.0},{"damage":1.0,"enemies":"downfall:FleeingMerchant","floor":14.0,"turns":4.0},{"damage":5.0,"enemies":"Lots of Slimes","floor":15.0,"turns":2.0},{"damage":26.0,"enemies":"DF_ARCHETYPE_STREAMLINE","floor":16.0,"turns":8.0},{"damage":14.0,"enemies":"Spheric Guardian","floor":19.0,"turns":4.0},{"damage":2.0,"enemies":"Cultist and Chosen","floor":20.0,"turns":5.0},{"damage":6.0,"enemies":"downfall:FleeingMerchant","floor":22.0,"turns":4.0},{"damage":14.0,"enemies":"Gremlin Leader","floor":23.0,"turns":5.0},{"damage":5.0,"enemies":"Shelled Parasite and Fungi","floor":25.0,"turns":5.0},{"damage":16.0,"enemies":"Book of Stabbing","floor":26.0,"turns":6.0},{"damage":15.0,"enemies":"Snake Plant","floor":28.0,"turns":3.0},{"damage":28.0,"enemies":"Slavers","floor":31.0,"turns":4.0},{"damage":0.0,"enemies":"3 Cultists","floor":32.0,"turns":3.0},{"damage":14.0,"enemies":"WA_ARCHETYPE_CALM","floor":33.0,"turns":7.0},{"damage":2,"enemies":"3 Shapes","floor":36,"turns":5},{"damage":8,"enemies":"downfall:FleeingMerchant","floor":39,"turns":4},{"damage":5,"enemies":"Reptomancer","floor":43,"turns":3},{"damage":0,"enemies":"Orb Walker","floor":45,"turns":3},{"damage":21,"enemies":"Writhing Mass","floor":46,"turns":3},{"damage":16,"enemies":"Nemesis","floor":47,"turns":5},{"damage":0,"enemies":"4 Shapes","floor":48,"turns":2},{"damage":0,"enemies":"Transient","floor":49,"turns":5},{"damage":0,"enemies":"IC_BLOCK_ARCHETYPE","floor":50,"turns":7}],"seed_played":"-8661092052742537766","potions_obtained":[{"floor":3.0,"key":"FairyPotion"},{"floor":9.0,"key":"Slimebound:SlimedPotion"},{"floor":13.0,"key":"Regen Potion"},{"floor":15.0,"key":"Slimebound:SlimyTonguePotion"},{"floor":20.0,"key":"GamblersBrew"},{"floor":23.0,"key":"sneckomod:MuddlingPotion"},{"floor":25.0,"key":"Block Potion"},{"floor":32.0,"key":"PowerPotion"},{"floor":33.0,"key":"sneckomod:MuddlingPotion"},{"floor":34,"key":"CultistPotion"},{"floor":36,"key":"ColorlessPotion"},{"floor":38,"key":"Fire Potion"},{"floor":49,"key":"DistilledChaos"}],"is_trial":false,"path_per_floor":["R","M","M","M","?","M","T","T","E","$","E","?","E","$","M","B",null,"R","M","M","?","$","E","T","M","E","R","M","R","T","E","M","B",null,"R","M","?","?","$","R","T","$","E","R","M","M","E","M","M","B",null],"character_chosen":"SLIMEBOUND","items_purchased":["SkillPotion","Oddly Smooth Stone","Slimebound:PotencyRelic","DollysMirror","Art of War","TheAbacus","Slimebound:LevelUp"],"campfire_rested":0,"item_purchase_floors":[10,39,39,39,42,42,42],"current_hp_per_floor":[65,65,58,51,51,33,33,33,19,23,16,16,6,25,20,23,65,65,55,59,59,57,49,49,50,42,42,29,29,29,3,7,26,70,70,70,70,70,64,64,64,64,63,63,65,44,30,30,34,67],"gold":134,"neow_bonus":"REMOVE_CARD","is_daily":false,"chose_seed":false,"campfire_upgraded":5,"win_rate":0.0,"timestamp":1611659695,"path_taken":["R","M","M","M","?","M","T","?","E","?","E","?","E","$","M","BOSS","R","M","M","?","$","E","T","?","E","R","M","R","?","E","M","BOSS","R","M","?","?","$","R","T","$","E","R","?","M","E","M","M","BOSS"],"items_purchased_type":["Potion","Relic","Relic","Relic","Relic","Relic","Card"],"build_version":"2020-12-22","purchased_purges":4,"victory":true,"max_hp_per_floor":[65,65,65,65,65,65,65,65,65,65,65,65,65,65,65,65,65,65,65,65,65,65,65,65,65,65,65,65,65,65,65,65,65,70,70,70,70,70,70,70,70,70,70,70,70,70,70,70,70,70],"card_choices":[{"not_picked":["Slimebound:ComboTackle","Slimebound:SamplingLick"],"picked":"Slimebound:SplitAcid","floor":2.0},{"not_picked":["Slimebound:LeechingTouch","Slimebound:Schlurp"],"picked":"Slimebound:MassRepurpose","floor":3.0},{"not_picked":["Slimebound:PressTheAttack","Slimebound:RainOfGoop"],"picked":"Slimebound:SplitLeeching","floor":4.0},{"not_picked":["Slimebound:SplitAcid","Slimebound:FormOfPuddle"],"picked":"Slimebound:GrowthPunch","floor":6.0},{"not_picked":["Slimebound:LeechingTouch","Slimebound:FormOfPuddle","Slimebound:GoopTackle"],"picked":"SKIP","floor":9.0},{"not_picked":["Slimebound:LeechEnergy","Slimebound:DouseInSlime","Slimebound:ComboTackle"],"picked":"SKIP","floor":10.0},{"not_picked":["Slimebound:SplitAcid","Slimebound:LeechEnergy"],"picked":"Slimebound:OozeBath","floor":11.0},{"not_picked":["Slimebound:SplitMire","Slimebound:PrepareCrush"],"picked":"Slimebound:LevelUp","floor":13.0},{"not_picked":["Slimebound:LeechingTouch","Slimebound:Dissolve","Slimebound:Gluttony"],"picked":"SKIP","floor":14.0},{"not_picked":["Slimebound:FormOfPuddle","Slimebound:ProtectTheBoss","Slimebound:HauntingLick"],"picked":"SKIP","floor":15.0},{"not_picked":["Slimebound:DivideAndConquer","Slimebound:Schlurp","Slimebound:LeechEnergy"],"picked":"SKIP","floor":19.0},{"not_picked":["Slimebound:Grow","Slimebound:Gluttony+1","Slimebound:GoopTackle+1"],"picked":"SKIP","floor":20.0},{"not_picked":["Slimebound:FlameTackle","Slimebound:ProtectTheBoss","Slimebound:SlimeBrawl"],"picked":"SKIP","floor":22.0},{"not_picked":["Slimebound:SpikyOuterGoop","Slimebound:Nibble+1","Slimebound:Gluttony+1"],"picked":"SKIP","floor":23.0},{"not_picked":["Slimebound:GrowthPunch","Slimebound:SlimeSpikes","Slimebound:HungryTackle"],"picked":"SKIP","floor":25.0},{"not_picked":["Slimebound:LeadByExample","Slimebound:HauntingLick"],"picked":"Slimebound:MassRepurpose","floor":26.0},{"not_picked":["Slimebound:SplitBruiser+1","Slimebound:GoopSpray","Slimebound:Gluttony"],"picked":"SKIP","floor":28.0},{"not_picked":["Slimebound:SplitMire","Slimebound:LeadByExample","Slimebound:HauntingLick"],"picked":"SKIP","floor":31.0},{"not_picked":["Slimebound:SpikyOuterGoop+1","Slimebound:GoopTackle"],"picked":"Slimebound:MinionMaster","floor":32.0},{"not_picked":["Slimebound:Dissolve","Slimebound:LivingWall+1"],"picked":"Slimebound:SplitLeeching+1","floor":36},{"not_picked":["Slimebound:SlimeBrawl","Slimebound:DouseInSlime","Slimebound:ComboTackle+1"],"picked":"SKIP","floor":39},{"not_picked":["Slimebound:RollThrough","Slimebound:SamplingLick","Slimebound:Schlurp+1"],"picked":"SKIP","floor":43},{"not_picked":["Slimebound:LeechingTouch+1","Slimebound:SplitAcid","Slimebound:Gluttony"],"picked":"SKIP","floor":45},{"not_picked":["Slimebound:ComboTackle+1","Slimebound:SplitMire","Slimebound:SlimeSpikes"],"picked":"SKIP","floor":46},{"not_picked":["Slimebound:Prepare+1","Slimebound:FormOfPuddle"],"picked":"Slimebound:SplitLeeching+1","floor":47},{"not_picked":["Slimebound:RollThrough","Slimebound:FinishingTackle+1"],"picked":"Slimebound:Teamwork","floor":48},{"not_picked":["Slimebound:LivingWall+1","Slimebound:SlimeSpikes","Slimebound:Chomp+1"],"picked":"SKIP","floor":49}],"player_experience":208576,"relics_obtained":[{"floor":7.0,"key":"Mercury Hourglass"},{"floor":8.0,"key":"Slimebound:AggressiveSlimeRelic"},{"floor":9.0,"key":"TungstenRod"},{"floor":11.0,"key":"Happy Flower"},{"floor":13.0,"key":"Dream Catcher"},{"floor":23.0,"key":"Omamori"},{"floor":23.0,"key":"Ornamental Fan"},{"floor":24.0,"key":"Gremlin Horn"},{"floor":26.0,"key":"Du-Vu Doll"},{"floor":26.0,"key":"The Courier"},{"floor":30.0,"key":"Boot"},{"floor":31.0,"key":"PreservedInsect"},{"floor":31.0,"key":"Pantograph"},{"floor":41,"key":"Sundial"},{"floor":43,"key":"Bottled Flame"},{"floor":43,"key":"Anchor"},{"floor":47,"key":"Slimebound:SlimedTailRelic"},{"floor":47,"key":"Bag of Preparation"}],"event_choices":[{"cards_removed":["Slimebound:Tackle"],"damage_healed":0.0,"max_hp_gain":0.0,"max_hp_loss":0.0,"gold_gain":0.0,"event_name":"The Cleric","player_choice":"Card Removal","floor":5.0,"gold_loss":0.0,"damage_taken":0.0},{"damage_healed":0.0,"max_hp_gain":0.0,"max_hp_loss":0.0,"gold_gain":0.0,"event_name":"Accursed Blacksmith","player_choice":"Rummage","floor":21.0,"gold_loss":0.0,"damage_taken":0.0,"relics_obtained":["WarpedTongs"],"cards_obtained":["Pain"]},{"damage_healed":0,"gold_gain":0,"player_choice":"Ignored","damage_taken":0,"max_hp_gain":0,"max_hp_loss":0,"event_name":"Mysterious Sphere","floor":37,"gold_loss":0},{"damage_healed":0,"gold_gain":0,"player_choice":"Got Potions","damage_taken":0,"max_hp_gain":0,"max_hp_loss":0,"event_name":"Lab","floor":38,"gold_loss":0}],"is_beta":false,"boss_relics":[{"not_picked":["Runic Pyramid","Cursed Key"],"picked":"Black Star"},{"not_picked":["Runic Dome","Astrolabe"],"picked":"Tiny House"}],"items_purged_floors":[10,14,22,39],"is_endless":false,"potions_floor_spawned":[3,9,13,15,20,23,25,32,33,36,43,45,47,49],"ascension_level":3}}