{"host":"p6y17sixyu8q9v1f","time":1611646711,"event":{"mods":["BaseMod","Colored Map","Minty Spire (QoL Compilation)"],"gold_per_floor":[118,118,132,132,132,132,148,168,193,221,221,67,67,67,67,167,167,177,77,77,77,77],"floor_reached":21,"language":"ENG","playtime":531,"items_purged":["Defend_B","Defend_B"],"score":219,"play_id":"e9ee4800-67c0-4f55-931d-c6815ac43b8a","local_time":"20210126013831","is_ascension_mode":true,"campfire_choices":[{"data":"Zap","floor":6,"key":"SMITH"},{"data":"Dualcast","floor":13,"key":"SMITH"},{"data":"Streamline","floor":15,"key":"SMITH"}],"circlet_count":0,"master_deck":["Strike_B","Strike_B","Defend_B","Defend_B","Zap+1","Dualcast+1","Sweeping Beam","Streamline+1","FTL","Conserve Battery","Conserve Battery","Melter","Echo Form","Writhe"],"relics":["Cracked Core","Dream Catcher","Orichalcum","Tiny Chest","Black Star","Vajra"],"acts_visited":["Exordium","TheCity"],"potions_floor_usage":[10],"damage_taken":[{"damage":0,"enemies":"Small Slimes","floor":1,"turns":3},{"damage":1,"enemies":"Cultist","floor":3,"turns":3},{"damage":7,"enemies":"Jaw Worm","floor":7,"turns":2},{"damage":8,"enemies":"Blue Slaver","floor":8,"turns":3},{"damage":18,"enemies":"Lagavulin","floor":10,"turns":8},{"damage":32,"enemies":"The Guardian","floor":16,"turns":10},{"damage":34,"enemies":"3 Byrds","floor":18,"turns":4},{"damage":28,"enemies":"Shell Parasite","floor":21,"turns":4}],"seed_played":"2099954723926818872","potions_obtained":[{"floor":3,"key":"Weak Potion"},{"floor":8,"key":"BlessingOfTheForge"},{"floor":16,"key":"DuplicationPotion"}],"is_trial":false,"path_per_floor":["M","?","M","?","?","R","M","M","T","E","?","$","R","?","R","B",null,"M","$","?","M"],"character_chosen":"DEFECT","items_purchased":["Melter"],"campfire_rested":0,"item_purchase_floors":[12],"current_hp_per_floor":[75,75,74,67,60,60,53,45,45,27,27,27,27,52,52,20,61,27,27,27,0,0],"gold":77,"neow_bonus":"REMOVE_CARD","is_daily":false,"chose_seed":false,"campfire_upgraded":3,"win_rate":0.0,"timestamp":1611646711,"path_taken":["M","?","?","?","?","R","M","M","T","E","?","$","R","?","R","BOSS","M","$","?","M"],"items_purchased_type":["Card"],"build_version":"2020-12-22","purchased_purges":2,"victory":false,"max_hp_per_floor":[75,75,75,75,75,75,75,75,75,75,75,75,75,75,75,75,75,75,75,75,75,75],"card_choices":[{"not_picked":["Steam","Stack"],"picked":"Sweeping Beam","floor":1},{"not_picked":["Rebound","Barrage"],"picked":"Streamline","floor":3},{"not_picked":["Conserve Battery","Rainbow"],"picked":"FTL","floor":7},{"not_picked":["Skim","Streamline"],"picked":"Conserve Battery","floor":8},{"not_picked":["Stack","Undo"],"picked":"Conserve Battery","floor":10},{"not_picked":["Creative AI","Meteor Strike"],"picked":"Echo Form","floor":16},{"not_picked":["Glacier+1","Compile Driver","Rebound"],"picked":"SKIP","floor":18}],"player_experience":1068890,"relics_obtained":[{"floor":9,"key":"Orichalcum"},{"floor":10,"key":"Tiny Chest"}],"event_choices":[{"damage_healed":0,"gold_gain":0,"player_choice":"Bought 0 Potions","damage_taken":0,"max_hp_gain":0,"max_hp_loss":0,"event_name":"The Woman in Blue","floor":2,"gold_loss":0},{"damage_healed":0,"gold_gain":0,"player_choice":"Success","damage_taken":7,"relics_obtained":["Dream Catcher"],"max_hp_gain":0,"max_hp_loss":0,"event_name":"Scrap Ooze","floor":4,"gold_loss":0},{"cards_removed":["Strike_B"],"damage_healed":0,"gold_gain":0,"player_choice":"Card Removal","damage_taken":7,"max_hp_gain":0,"max_hp_loss":0,"event_name":"Golden Wing","floor":5,"gold_loss":0},{"damage_healed":0,"gold_gain":0,"player_choice":"Ignored","damage_taken":0,"max_hp_gain":0,"max_hp_loss":0,"event_name":"Shining Light","floor":11,"gold_loss":0},{"damage_healed":25,"gold_gain":0,"player_choice":"Banana","damage_taken":0,"max_hp_gain":0,"max_hp_loss":0,"event_name":"Big Fish","floor":14,"gold_loss":0},{"damage_healed":0,"gold_gain":0,"player_choice":"Opened","damage_taken":0,"relics_obtained":["Vajra"],"max_hp_gain":0,"max_hp_loss":0,"event_name":"The Mausoleum","floor":20,"gold_loss":0,"cards_obtained":["Writhe"]}],"is_beta":false,"boss_relics":[{"not_picked":["FrozenCore","Snecko Eye"],"picked":"Black Star"}],"items_purged_floors":[12,19],"is_endless":false,"potions_floor_spawned":[3,8,16],"killed_by":"Shell Parasite","ascension_level":5}}