{"host":"qbvxbacgnxuisbbe","time":1611702665,"event":{"mods":["Alarm Clock","BaseMod","Humility","Minty Spire (QoL Compilation)","StSLib"],"gold_per_floor":[111,121,138,103,103,103,135,135,160,178,178,178],"floor_reached":11,"language":"ENG","playtime":277,"items_purged":[],"score":196,"play_id":"884b4e60-41bf-4fe0-ab35-03e1b208476f","local_time":"20210126231105","is_ascension_mode":true,"campfire_choices":[{"data":"Eruption","floor":6.0,"key":"SMITH"},{"data":"WheelKick","floor":8.0,"key":"SMITH"}],"circlet_count":0,"master_deck":["AscendersBane","Strike_P","Strike_P","Strike_P","Strike_P","Defend_P","Defend_P","Defend_P","Defend_P","Eruption+1","Vigilance","EmptyBody","FlyingSleeves","BowlingBash","WheelKick+1","EmptyBody"],"relics":["PureWater","Juzu Bracelet","Potion Belt"],"acts_visited":["Exordium"],"potions_floor_usage":[11],"damage_taken":[{"damage":14.0,"enemies":"Small Slimes","floor":1.0,"turns":3.0},{"damage":51.0,"enemies":"Jaw Worm","floor":2.0,"turns":5.0},{"damage":0.0,"enemies":"2 Louse","floor":3.0,"turns":3.0},{"damage":0.0,"enemies":"Gremlin Nob","floor":7.0,"turns":2.0},{"damage":4.0,"enemies":"Red Slaver","floor":10.0,"turns":2.0},{"damage":13,"enemies":"3 Sentries","floor":11,"turns":2}],"seed_played":"-9121822123743509800","potions_obtained":[{"floor":2.0,"key":"Strength Potion"},{"floor":10.0,"key":"SteroidPotion"}],"is_trial":false,"path_per_floor":["M","M","M","?","?","R","E","R","T","M","E"],"character_chosen":"WATCHER","items_purchased":[],"campfire_rested":0,"item_purchase_floors":[],"current_hp_per_floor":[53,2,2,20,20,20,20,20,20,16,3,3],"gold":178,"neow_bonus":"TEN_PERCENT_HP_BONUS","is_daily":false,"chose_seed":false,"campfire_upgraded":2,"win_rate":0.0,"timestamp":1611702665,"path_taken":["M","M","M","?","?","R","E","R","T","M","E"],"items_purchased_type":[],"build_version":"2020-12-22","purchased_purges":0,"victory":false,"max_hp_per_floor":[74,74,74,74,74,74,74,74,74,74,74,74],"card_choices":[{"not_picked":["FlyingSleeves","CrushJoints"],"picked":"EmptyBody","floor":1.0},{"not_picked":["SashWhip","ReachHeaven"],"picked":"FlyingSleeves","floor":2.0},{"not_picked":["Halt","ThirdEye"],"picked":"BowlingBash","floor":3.0},{"not_picked":["DeceiveReality","MasterReality"],"picked":"WheelKick","floor":7.0},{"not_picked":["SashWhip","Fasting2"],"picked":"EmptyBody","floor":10.0}],"player_experience":144111,"relics_obtained":[{"floor":7.0,"key":"Juzu Bracelet"},{"floor":9.0,"key":"Potion Belt"}],"event_choices":[{"damage_healed":18.0,"max_hp_gain":0.0,"max_hp_loss":0.0,"gold_gain":0.0,"event_name":"The Cleric","player_choice":"Healed","floor":4.0,"gold_loss":35.0,"damage_taken":0.0},{"damage_healed":0.0,"max_hp_gain":0.0,"max_hp_loss":0.0,"gold_gain":0.0,"event_name":"Golden Idol","player_choice":"Ignored","floor":5.0,"gold_loss":0.0,"damage_taken":0.0}],"is_beta":false,"boss_relics":[],"items_purged_floors":[],"is_endless":false,"potions_floor_spawned":[2,10],"killed_by":"3 Sentries","ascension_level":20,"is_humility":true}}