{"host":"df48i9djcn92c5sx","time":1611665616,"event":{"mods":["Act Like it!","Arknights The Spire","BaseMod","Decade(王小明)","Downfall","Gensokyo","Marisa（F雨　魔理沙）","Minty Spire (QoL Compilation)","READ ME - Guardian Mod","READ ME - Snecko Mod","Reimu（博丽灵梦）","Remilia（蕾米莉亚）","Shop Mod","StSLib","The Jungle","The Servant 0.9.4"],"gold_per_floor":[110,110,128,128,128,128,156,86,86,86,86,101,101,113,113,211,211,231,231,231,242,122,122,152,152,152,179,99,99,99,114,114,114,114],"floor_reached":33,"language":"ZHS","playtime":1084,"items_purged":[],"score":390,"play_id":"8020bd62-127d-4437-ad6a-1a2eadb2496f","local_time":"20210126205336","is_ascension_mode":true,"campfire_choices":[{"data":"Ricochet","floor":6.0,"key":"SMITH"},{"data":"KidneyShot","floor":11.0,"key":"SMITH"},{"data":"Moondial","floor":13.0,"key":"SMITH"},{"data":"DancingSilver","floor":15.0,"key":"SMITH"},{"data":"Dash","floor":23.0,"key":"SMITH"},{"data":"PendulumOfEternity","floor":25.0,"key":"SMITH"},{"data":"ForgedInTime","floor":29,"key":"SMITH"},{"data":"Sabotage","floor":32,"key":"SMITH"}],"circlet_count":0,"master_deck":["Strike_S","Strike_S","Defend_S","Defend_S+1","Defend_S","Defend_S+1","KidneyShot+1","Exchange","DancingSilver+1","Ricochet+1","PendulumOfEternity+1","Moondial+1","ForgedInTime+1","Dash+1","InstantArmor+1","Sabotage+1","Rearm"],"relics":["Uniform","NeowsBlessing","Happy Flower","PocketWatch","Empty Cage","Gensokyo:SpiderMask","The Courier","Bronze Scales","Art of War","CaptainsWheel"],"acts_visited":["Exordium","Gensokyo:Gensokyo"],"potions_floor_usage":[31],"damage_taken":[{"damage":0.0,"enemies":"Gensokyo:Gryphon","floor":1.0,"turns":1.0},{"damage":0.0,"enemies":"Gensokyo:Python","floor":3.0,"turns":1.0},{"damage":0.0,"enemies":"Gensokyo:Mamizou","floor":7.0,"turns":1.0},{"damage":0.0,"enemies":"Gensokyo:Aya","floor":10.0,"turns":1.0},{"damage":0.0,"enemies":"Gensokyo:2_Kodama","floor":12.0,"turns":4.0},{"damage":0.0,"enemies":"Gensokyo:LivingMonolith","floor":14.0,"turns":3.0},{"damage":43.0,"enemies":"Gensokyo:Reimu","floor":16.0,"turns":9.0},{"damage":0.0,"enemies":"Gensokyo:Chomper","floor":18.0,"turns":5.0},{"damage":0.0,"enemies":"Gensokyo:2_Gloops","floor":21.0,"turns":3.0},{"damage":2.0,"enemies":"Gensokyo:Reisen","floor":24.0,"turns":9.0},{"damage":5,"enemies":"Gensokyo:Tenshi","floor":27,"turns":5},{"damage":0,"enemies":"Gensokyo:Wraith","floor":31,"turns":4},{"damage":58,"enemies":"Gensokyo:Eternal_Rivals","floor":33,"turns":7}],"seed_played":"812974454124411619","potions_obtained":[{"floor":3.0,"key":"AttackPotion"},{"floor":7.0,"key":"SmokeBomb"},{"floor":16.0,"key":"SmokeBomb"},{"floor":21.0,"key":"PowerPotion"}],"is_trial":false,"path_per_floor":["M","?","M","?","?","R","E","?","T","E","R","M","R","M","R","B",null,"M","?","?","M","?","R","E","R","T","E","$","R","T","M","R","B"],"character_chosen":"THE_SERVANT","items_purchased":["Fruit Juice"],"campfire_rested":0,"item_purchase_floors":[28],"current_hp_per_floor":[59,59,59,65,65,65,65,65,65,65,65,65,65,65,65,22,54,54,54,54,54,54,54,52,52,52,47,47,47,47,52,52,0,0],"gold":114,"neow_bonus":"THREE_ENEMY_KILL","is_daily":false,"chose_seed":false,"campfire_upgraded":8,"win_rate":0.0,"timestamp":1611665616,"path_taken":["M","?","?","?","?","R","E","?","T","E","R","M","R","?","R","BOSS","M","?","?","M","?","R","E","R","T","E","$","R","?","?","R","BOSS"],"items_purchased_type":["Potion"],"build_version":"2020-12-22","purchased_purges":0,"victory":false,"max_hp_per_floor":[65,65,65,65,65,65,65,65,65,65,65,65,65,65,65,65,65,65,65,65,65,65,65,65,65,65,65,65,65,65,70,70,70,70],"card_choices":[{"not_picked":["Alleviate","Potential"],"picked":"DancingSilver","floor":1.0},{"not_picked":["Rewind","Spin"],"picked":"Ricochet","floor":3.0},{"not_picked":["Spin","Revamp"],"picked":"PendulumOfEternity","floor":7.0},{"not_picked":["Snipe","FastForward"],"picked":"Moondial","floor":12.0},{"not_picked":["BottledTime","Advance","SurpressingFire"],"picked":"SKIP","floor":14.0},{"not_picked":["MurderousAura","Deny"],"picked":"ForgedInTime","floor":16.0},{"not_picked":["Starlight","Alleviate","RealityMarble"],"picked":"SKIP","floor":18.0},{"not_picked":["Replace","Comet"],"picked":"InstantArmor+1","floor":21.0},{"not_picked":["Desolation+1","DoubleEdge"],"picked":"Sabotage","floor":24.0},{"not_picked":["Snipe","Read","Spin"],"picked":"SKIP","floor":27},{"not_picked":["Revamp","Alleviate+1"],"picked":"Rearm","floor":31}],"player_experience":1489373,"relics_obtained":[{"floor":7.0,"key":"PocketWatch"},{"floor":24.0,"key":"The Courier"},{"floor":26.0,"key":"Bronze Scales"},{"floor":27,"key":"Art of War"},{"floor":30,"key":"CaptainsWheel"}],"event_choices":[],"is_beta":false,"boss_relics":[{"not_picked":["Runic Pyramid","MysterySword"],"picked":"Empty Cage"}],"items_purged_floors":[],"is_endless":false,"potions_floor_spawned":[3,7,16,21],"killed_by":"Gensokyo:Eternal_Rivals","ascension_level":6}}