{"host":"8u7tvcybuv0u72fd","time":1611640076,"event":{"mods":["BaseMod","BetterRewards","Colored Map","Colored Powertips","Minty Spire (QoL Compilation)","Quick Restart","Shop Mod"],"gold_per_floor":[117,133,35,52,70,100,100,175,248,248,95,95,71,102,102,202,202,222,402,413,423,435,435,435,435,435,435,446,516,533,448,448,549,549,566,566,581,225,241,241,258,272,318,348,648,648,659,273,273,273,273,273,31,61,61],"floor_reached":56,"language":"ENG","playtime":3447,"items_purged":["Strike_R"],"score":1662,"play_id":"b834d3cc-46f6-49ff-b17f-fe65a2d3c482","local_time":"20210126004756","is_ascension_mode":false,"campfire_choices":[{"data":"Uppercut","floor":7.0,"key":"SMITH"},{"data":"Dropkick","floor":10.0,"key":"SMITH"},{"data":"Bash","floor":12.0,"key":"SMITH"},{"data":"Flash of Steel","floor":15.0,"key":"SMITH"},{"data":"Barricade","floor":23.0,"key":"SMITH"},{"data":"Entrench","floor":25.0,"key":"SMITH"},{"data":"Defend_R","floor":27.0,"key":"SMITH"},{"data":"Defend_R","floor":32.0,"key":"SMITH"},{"data":"Rage","floor":40.0,"key":"SMITH"},{"data":"Shrug It Off","floor":46.0,"key":"SMITH"},{"floor":49.0,"key":"RECALL"},{"data":"Metallicize","floor":52.0,"key":"SMITH"}],"circlet_count":0,"master_deck":["Strike_R","Strike_R","Strike_R","Defend_R+1","Defend_R","Defend_R","Defend_R+1","Bash+1","Flash of Steel+1","Dropkick+1","Uppercut+1","Flex","Barricade+1","Entrench+1","True Grit+1","Offering","Pummel+1","Metallicize+1","Clash+1","Rage+1","Shrug It Off+1","Heavy Blade","Disarm+1"],"relics":["Burning Blood","Pantograph","Torii","StoneCalendar","Lee\u0027s Waffle","Omamori","Toy Ornithopter","Pear","Meat on the Bone","Mercury Hourglass","Anchor","Cursed Key","Bottled Tornado","MerchantsRug","Ancient Tea Set","Old Coin","Blood Vial","OrangePellets","Strawberry","Pen Nib"],"acts_visited":["Exordium","TheCity","TheBeyond","TheEnding"],"potions_floor_usage":[53,55,55,55],"damage_taken":[{"damage":0.0,"enemies":"Cultist","floor":1.0,"turns":2.0},{"damage":2.0,"enemies":"Jaw Worm","floor":2.0,"turns":4.0},{"damage":1.0,"enemies":"2 Louse","floor":4.0,"turns":2.0},{"damage":9.0,"enemies":"Red Slaver","floor":5.0,"turns":3.0},{"damage":27.0,"enemies":"3 Sentries","floor":6.0,"turns":13.0},{"damage":12.0,"enemies":"Gremlin Nob","floor":14.0,"turns":4.0},{"damage":32.0,"enemies":"Slime Boss","floor":16.0,"turns":7.0},{"damage":3.0,"enemies":"Shell Parasite","floor":18.0,"turns":4.0},{"damage":20.0,"enemies":"2 Thieves","floor":20.0,"turns":4.0},{"damage":10.0,"enemies":"Centurion and Healer","floor":21.0,"turns":5.0},{"damage":6.0,"enemies":"Snake Plant","floor":22.0,"turns":5.0},{"damage":12.0,"enemies":"Cultist and Chosen","floor":28.0,"turns":7.0},{"damage":0.0,"enemies":"Snecko","floor":30.0,"turns":4.0},{"damage":0.0,"enemies":"Champ","floor":33.0,"turns":17.0},{"damage":6.0,"enemies":"3 Darklings","floor":35.0,"turns":7.0},{"damage":6.0,"enemies":"3 Shapes","floor":37.0,"turns":5.0},{"damage":6.0,"enemies":"Maw","floor":39.0,"turns":8.0},{"damage":7.0,"enemies":"Transient","floor":41.0,"turns":5.0},{"damage":6.0,"enemies":"Jaw Worm Horde","floor":42.0,"turns":7.0},{"damage":6.0,"enemies":"Giant Head","floor":44.0,"turns":10.0},{"damage":6.0,"enemies":"Sphere and 2 Shapes","floor":47.0,"turns":6.0},{"damage":17.0,"enemies":"Awakened One","floor":50.0,"turns":28.0},{"damage":110,"enemies":"Shield and Spear","floor":54,"turns":14},{"damage":33,"enemies":"The Heart","floor":55,"turns":12}],"seed_played":"-638440372271285589","potions_obtained":[{"floor":1.0,"key":"FearPotion"},{"floor":16.0,"key":"HeartOfIron"},{"floor":20.0,"key":"LiquidMemories"},{"floor":22.0,"key":"Ancient Potion"},{"floor":28.0,"key":"Block Potion"},{"floor":37.0,"key":"SteroidPotion"}],"is_trial":false,"path_per_floor":["M","M","$","M","M","E","R","?","T","R","$","R","$","E","R","B",null,"M","?","M","M","M","R","?","R","T","R","M","T","M","?","R","B",null,"M","?","M","$","M","R","M","M","T","E","T","R","M","$","R","B",null,"R","$","E","B",null],"character_chosen":"IRONCLAD","items_purchased":["Pantograph","EntropicBrew","BloodPotion","Flash of Steel","Fruit Juice","Lee\u0027s Waffle","Flex","Bottled Tornado","MerchantsRug","Rage","Blood Vial","OrangePellets","CultistPotion","Fruit Juice","Dexterity Potion","Strawberry","Heavy Blade"],"campfire_rested":0,"item_purchase_floors":[0,0,0,0,3,11,13,38,38,38,48,48,48,53,53,53,53],"current_hp_per_floor":[53,57,78,83,80,59,59,48,48,48,92,92,92,86,86,66,92,92,73,59,55,55,55,55,55,65,65,59,59,65,65,65,101,102,102,102,102,102,102,102,101,101,101,101,101,101,101,101,101,91,102,102,114,22,49],"gold":61,"neow_bonus":"","is_daily":false,"chose_seed":false,"campfire_upgraded":11,"win_rate":0.0,"timestamp":1611640076,"path_taken":["M","?","?","?","M","E","R","?","T","R","$","R","$","E","R","BOSS","M","?","M","M","?","R","?","R","T","R","M","?","M","?","R","BOSS","M","?","?","$","M","R","M","M","T","E","?","R","M","?","R","BOSS","R","$","E","BOSS"],"items_purchased_type":["Relic","Potion","Potion","Card","Potion","Relic","Card","Relic","Relic","Card","Relic","Relic","Potion","Potion","Potion","Relic","Card"],"build_version":"2020-12-22","purchased_purges":1,"victory":true,"max_hp_per_floor":[80,80,85,85,85,85,85,85,85,85,92,92,92,92,92,92,92,92,92,92,92,92,92,92,92,102,102,102,102,102,102,102,102,102,102,102,102,102,102,102,102,102,102,102,102,102,102,102,102,102,102,102,114,114,114],"card_choices":[{"not_picked":["True Grit","Anger","Sword Boomerang"],"picked":"SKIP","floor":1.0},{"not_picked":["Perfected Strike","Iron Wave","Cleave"],"picked":"SKIP","floor":2.0},{"not_picked":["Impervious","Armaments","Pommel Strike"],"picked":"SKIP","floor":4.0},{"not_picked":["Clothesline","Twin Strike","Pummel"],"picked":"SKIP","floor":5.0},{"not_picked":["Limit Break","Clash"],"picked":"Uppercut","floor":6.0},{"not_picked":["Combust","Dark Embrace","Iron Wave"],"picked":"SKIP","floor":14.0},{"not_picked":["Immolate","Offering"],"picked":"Barricade","floor":16.0},{"not_picked":["Twin Strike"],"picked":"SKIP","floor":18.0},{"not_picked":["Clothesline"],"picked":"SKIP","floor":20.0},{"not_picked":["Pommel Strike"],"picked":"SKIP","floor":21.0},{"not_picked":["Limit Break"],"picked":"SKIP","floor":22.0},{"not_picked":["Anger"],"picked":"SKIP","floor":28.0},{"not_picked":[],"picked":"True Grit+1","floor":30.0},{"not_picked":[],"picked":"Offering","floor":33.0},{"not_picked":[],"picked":"Pummel+1","floor":35.0},{"not_picked":[],"picked":"Clash+1","floor":37.0},{"not_picked":["Anger+1","Iron Wave","Combust+1"],"picked":"SKIP","floor":39.0},{"not_picked":["Heavy Blade+1","Twin Strike+1"],"picked":"Shrug It Off","floor":41.0},{"not_picked":["Feel No Pain","Sword Boomerang","Shrug It Off"],"picked":"SKIP","floor":42.0},{"not_picked":["Warcry+1","Demon Form","Armaments+1"],"picked":"SKIP","floor":44.0},{"not_picked":["Dropkick+1","Heavy Blade","Armaments"],"picked":"SKIP","floor":47.0},{"not_picked":["Carnage","Evolve"],"picked":"Disarm+1","floor":54}],"player_experience":1422418,"relics_obtained":[{"floor":6.0,"key":"StoneCalendar"},{"floor":9.0,"key":"Matryoshka"},{"floor":14.0,"key":"Omamori"},{"floor":26.0,"key":"Toy Ornithopter"},{"floor":26.0,"key":"Pear"},{"floor":29.0,"key":"Meat on the Bone"},{"floor":29.0,"key":"Mercury Hourglass"},{"floor":44.0,"key":"Ancient Tea Set"},{"floor":45.0,"key":"Old Coin"},{"floor":54,"key":"Pen Nib"}],"event_choices":[{"damage_healed":0.0,"max_hp_gain":0.0,"max_hp_loss":0.0,"gold_gain":75.0,"event_name":"World of Goop","player_choice":"Gather Gold","floor":8.0,"gold_loss":0.0,"damage_taken":11.0},{"damage_healed":0.0,"max_hp_gain":0.0,"max_hp_loss":0.0,"gold_gain":180.0,"event_name":"Knowing Skull","player_choice":"GOLD GOLD ","floor":19.0,"potions_obtained":[],"gold_loss":0.0,"damage_taken":19.0,"cards_obtained":[]},{"damage_healed":0.0,"max_hp_gain":0.0,"max_hp_loss":0.0,"gold_gain":0.0,"event_name":"The Library","player_choice":"Read","floor":24.0,"gold_loss":0.0,"damage_taken":0.0,"cards_obtained":["Entrench"]},{"damage_healed":0.0,"max_hp_gain":0.0,"max_hp_loss":0.0,"gold_gain":0.0,"event_name":"Addict","player_choice":"Obtained Relic","floor":31.0,"gold_loss":85.0,"damage_taken":0.0,"relics_obtained":["Anchor"]},{"damage_healed":0.0,"max_hp_gain":0.0,"max_hp_loss":0.0,"gold_gain":0.0,"cards_transformed":["Strike_R"],"event_name":"Transmorgrifier","player_choice":"Transformed","floor":36.0,"gold_loss":0.0,"damage_taken":0.0,"cards_obtained":["Metallicize"]}],"is_beta":false,"boss_relics":[{"not_picked":["Black Blood","Runic Pyramid"],"picked":"Busted Crown"},{"not_picked":["Snecko Eye","Empty Cage"],"picked":"Cursed Key"}],"items_purged_floors":[0],"is_endless":false,"potions_floor_spawned":[1,16,20,22,28,37,39,44,54],"ascension_level":0}}