{"host":"x730sfaw5rd1mxd8","time":1611703254,"event":{"mods":["BaseMod","BetterRewards","Colored Map","Colored Powertips","Highlight Path","Minty Spire (QoL Compilation)","Relic Sorter","Relic Stats","Replay The Spire","StSLib"],"gold_per_floor":[112,187,198,217,235,263,263,288,288,301,316,329,340,368,368,469,469,488,488,502,39,56,84,97,128,176,275,306,306,221,237,237,334,334,347,347,53,63,80,80,115,126,149,178,191,191,216,235,235,235,235,235,64,89,89],"floor_reached":56,"language":"ENG","playtime":4188,"items_purged":["Strike_G","Strike_G","Strike_G"],"score":2285,"play_id":"2b27fa36-697d-4863-942d-dc87f8435c98","local_time":"20210126182054","is_ascension_mode":true,"campfire_choices":[{"data":"Neutralize","floor":7,"key":"SMITH"},{"data":"Calculated Gamble","floor":15,"key":"SMITH"},{"floor":29,"key":"REST"},{"data":"Envenom","floor":32,"key":"SMITH"},{"data":"Replay:Bag of Tricks","floor":40,"key":"SMITH"},{"floor":46,"key":"RECALL"},{"data":"Catalyst","floor":49,"key":"SMITH"},{"data":"Leg Sweep","floor":52,"key":"SMITH"}],"circlet_count":0,"master_deck":["AscendersBane","Strike_G","Strike_G","Defend_G","Defend_G","Defend_G","Defend_G","Defend_G","Survivor","Neutralize+1","Caltrops","Well Laid Plans","Flying Knee","Poisoned Stab","Deadly Poison","Calculated Gamble+1","Cloak And Dagger+1","Predator","Dash","ReplayTheSpireMod:Speed Training","Blade Dance","Acrobatics","Leg Sweep+1","Bouncing Flask","Envenom+1","ReplayTheSpireMod:Scrap Shanks","Adrenaline","Dodge and Roll+1","After Image+1","ReplayTheSpireMod:From All Sides","Replay:Bag of Tricks+1","Noxious Fumes+1","Blur","PiercingWail+1","Prepared+1","Fluid Movement+1","Bouncing Flask+1","Catalyst+1","Footwork+1","Deflect","Backflip"],"relics":["Ring of the Snake","TwistedFunnel","Question Card","Torii","OrangePellets","Durian","Tingsha","Gremlin Horn","The Specimen","ChewingGum","Chemical X","Eternal Feather","ReplayTheSpireMod:Ninjato","Replay:Kaleidoscope","ReplayTheSpireMod:TigerMarble","Frozen Egg 2","ReplayTheSpireMod:Lightbulb","Busted Crown","Smiling Mask","Akabeko","Byrd Skull","Meat on the Bone","Bottled Tornado"],"acts_visited":["Exordium","TheCity","TheBeyond","TheEnding"],"potions_floor_usage":[6,11,14,25,25,55,55],"damage_taken":[{"damage":0,"enemies":"2 Louse","floor":1,"turns":3},{"damage":0,"enemies":"Cultist","floor":3,"turns":3},{"damage":0,"enemies":"Small Slimes","floor":4,"turns":2},{"damage":0,"enemies":"Blue Slaver","floor":5,"turns":3},{"damage":6,"enemies":"Gremlin Nob","floor":6,"turns":4},{"damage":15,"enemies":"Lagavulin","floor":8,"turns":4},{"damage":1,"enemies":"Looter","floor":10,"turns":2},{"damage":0,"enemies":"Exordium Thugs","floor":11,"turns":3},{"damage":7,"enemies":"Red Slaver","floor":12,"turns":3},{"damage":0,"enemies":"Gremlin Gang","floor":13,"turns":2},{"damage":13,"enemies":"Gremlin Nob","floor":14,"turns":4},{"damage":4,"enemies":"The Guardian","floor":16,"turns":9},{"damage":12,"enemies":"2 Thieves","floor":18,"turns":3},{"damage":0,"enemies":"Spheric Guardian","floor":20,"turns":4},{"damage":1,"enemies":"Centurion and Healer","floor":22,"turns":6},{"damage":1,"enemies":"Replay:Snechameleon","floor":23,"turns":5},{"damage":9,"enemies":"Shelled Parasite and Fungi","floor":24,"turns":5},{"damage":10,"enemies":"Slavers","floor":25,"turns":6},{"damage":6,"enemies":"Gremlin Leader","floor":28,"turns":5},{"damage":0,"enemies":"Chosen and Byrds","floor":31,"turns":3},{"damage":2,"enemies":"Automaton","floor":33,"turns":10},{"damage":0,"enemies":"3 Shapes","floor":35,"turns":4},{"damage":0,"enemies":"3 Darklings","floor":38,"turns":5},{"damage":0,"enemies":"Jaw Worm Horde","floor":39,"turns":4},{"damage":0,"enemies":"R_Hoarder","floor":41,"turns":6},{"damage":0,"enemies":"Spire Growth","floor":42,"turns":5},{"damage":0,"enemies":"Giant Head","floor":44,"turns":6},{"damage":0,"enemies":"Maw","floor":45,"turns":5},{"damage":1,"enemies":"R_Hoarder","floor":47,"turns":7},{"damage":0,"enemies":"Transient","floor":48,"turns":5},{"damage":14,"enemies":"Donu and Deca","floor":50,"turns":7},{"damage":2,"enemies":"Shield and Spear","floor":54,"turns":7},{"damage":24,"enemies":"The Heart","floor":55,"turns":9}],"seed_played":"-5702524960142792219","potions_obtained":[{"floor":3,"key":"Block Potion"},{"floor":4,"key":"Elixir"},{"floor":6,"key":"FearPotion"},{"floor":8,"key":"Flashbang"},{"floor":11,"key":"BlessingOfTheForge"},{"floor":14,"key":"BlessingOfTheForge"},{"floor":18,"key":"Dexterity Potion"},{"floor":24,"key":"Weak Potion"},{"floor":33,"key":"Energy Potion"},{"floor":39,"key":"GhostInAJar"},{"floor":42,"key":"PowerPotion"},{"floor":48,"key":"Strength Potion"}],"is_trial":false,"path_per_floor":["M","?","M","M","M","E","R","E","T","M","M","M","M","E","R","B",null,"M","?","M","$","M","E","M","E","T","?","E","R","?","M","R","B",null,"M","?","$","M","M","R","E","M","T","E","M","R","E","M","R","B",null,"R","$","E","B",null],"character_chosen":"THE_SILENT","items_purchased":["TwistedFunnel","Question Card","Caltrops","Torii","OrangePellets","Well Laid Plans","Flying Knee","Poisoned Stab","Deadly Poison","Calculated Gamble","Durian","Cloak And Dagger+1","Predator","Dexterity Potion","ReplayTheSpireMod:Scrap Shanks","Chemical X","Eternal Feather","Replay:Bag of Tricks","Noxious Fumes+1","Blur","Footwork+1","Deflect"],"campfire_rested":1,"item_purchase_floors":[0,0,0,0,0,0,0,0,0,0,0,0,0,0,21,21,21,37,37,37,53,53],"current_hp_per_floor":[68,61,61,61,61,55,55,40,40,39,39,32,32,19,19,15,60,48,34,34,34,33,32,23,13,13,13,7,49,49,49,67,65,76,76,76,76,76,76,80,80,80,80,80,80,80,79,80,80,66,77,80,80,78,54],"gold":89,"neow_bonus":"","is_daily":false,"chose_seed":false,"campfire_upgraded":6,"win_rate":0.0,"timestamp":1611703254,"path_taken":["M","?","M","M","?","E","R","E","T","M","M","M","M","E","R","BOSS","M","?","M","$","M","E","M","E","T","?","E","R","?","M","R","BOSS","M","?","$","M","?","R","E","?","T","E","M","R","E","M","R","BOSS","R","$","E","BOSS"],"items_purchased_type":["Relic","Relic","Card","Relic","Relic","Card","Card","Card","Card","Card","Relic","Card","Card","Potion","Card","Relic","Relic","Card","Card","Card","Card","Card"],"build_version":"2020-12-22","purchased_purges":3,"victory":true,"max_hp_per_floor":[75,75,75,75,75,75,75,75,75,75,75,75,75,75,75,75,75,75,80,80,80,80,80,80,80,80,80,80,80,80,80,80,80,80,80,80,80,80,80,80,80,80,80,80,80,80,80,80,80,80,80,80,80,80,80],"relic_stats":{"Torii":22,"Gremlin Horn":[23,25],"counters":[219,925],"Tingsha":[689],"Eternal Feather":43,"Question Card":31,"Smiling Mask":200,"OrangePellets":[12],"Busted Crown":20,"Chemical X":[18],"obtain_stats":[{"TwistedFunnel":0,"Vampiric Spirits":0,"Whetstone":55,"Bottled Tornado":54,"Boot":55,"Sling":55,"Blood Vial":20,"MealTicket":27,"Fusion Hammer":36,"Necronomicon":22,"Kunai":26,"Electric Blood":17,"Replay:Bottled Steam":43,"Pear":46,"Blue Candle":30,"Tingsha":0,"Eternal Feather":21,"Pen Nib":48,"Paper Crane":8,"Akabeko":43,"SlaversCollar":17,"Snecko Scales":34,"Bird Faced Urn":12,"Mark of Pain":0,"StrikeDummy":6,"Unceasing Top":27,"Regal Pillow":0,"Singing Bowl":10,"Torii":0,"Magic Flower":11,"Painkiller Herb":19,"StoneCalendar":30,"Bag of Preparation":55,"Replay:Multitool":44,"Cursed Key":34,"Smiling Mask":41,"Burning Blood":0,"Pet Ghost":23,"Replay:Rubber Ducky":55,"Matryoshka":0,"Chemical X":21,"Ring of the Snake":0,"Potion Belt":0,"The Specimen":25,"Golden Idol":11,"Basket Of Snakes":39,"The Courier":14,"PreservedInsect":22,"Frozen Egg 2":0,"MawBank":31,"Replay:Arrowhead":9,"Busted Crown":17,"Ornamental Fan":55,"Orrery":0,"Turnip":46,"Art of War":40,"Durian":0,"ReplayTheSpireMod:Ring of Challenge":38,"ReplayTheSpireMod:Lightbulb":30,"Toy Ornithopter":26,"Ice Cream":14,"Divine Protection":45,"Gremlin Horn":9,"Nilry\u0027s Codex":23,"Vajra":28,"Centennial Puzzle":9,"DollysMirror":30,"Strawberry":28,"Prayer Wheel":0,"Toxic Egg 2":0,"Byrd Skull":11,"Happy Flower":55,"Oddly Smooth Stone":26,"Ring of Chaos":47,"Replay:Kaleidoscope":25,"War Paint":54,"Question Card":0,"OrangePellets":0,"Bottled Flame":15,"Replay:Baseball":0,"Bronze Scales":12,"Simple Rune":55,"ReplayTheSpireMod:TigerMarble":17,"Grinning Jar":23,"Pocketwatch":0,"Meat on the Bone":38,"Darkstone Periapt":5,"ReplayFunnel":55,"Mango":6,"Snake Skull":29,"Incense Burner":45,"ClockworkSouvenir":45,"Dream Catcher":43,"Nunchaku":24,"Replay:Bandana":10,"Mummified Hand":48,"Pantograph":23,"Gambling Chip":24,"Red Mask":22,"Replay:Bottled Snecko":8,"Red Skull":6,"Gremlin Food":44,"ReplayTheSpireMod:Ninjato":40,"Replay:Towering Pillar of Hats":10,"Quantum Egg":46,"Guide Book":0,"Replay:WaspNest":0,"Orichalcum":56,"Medical Kit":42,"Mercury Hourglass":0,"Calling Bell":17,"Anchor":11,"CaptainsWheel":43,"Pondfish Scales":55,"ChewingGum":34,"Snack Pack":8,"Coffee Dripper":17,"Bag of Marbles":11,"Membership Card":0},{"TwistedFunnel":186,"Vampiric Spirits":61,"Whetstone":91,"Bottled Tornado":218,"Boot":91,"Sling":91,"Blood Vial":26,"MealTicket":58,"Fusion Hammer":80,"Necronomicon":168,"Kunai":142,"Electric Blood":51,"Replay:Bottled Steam":119,"Pear":122,"Blue Candle":30,"Tingsha":93,"Eternal Feather":200,"Pen Nib":153,"Paper Crane":66,"Akabeko":212,"SlaversCollar":24,"Snecko Scales":115,"Bird Faced Urn":22,"Mark of Pain":0,"StrikeDummy":98,"Unceasing Top":143,"Regal Pillow":93,"Singing Bowl":21,"Torii":186,"Magic Flower":49,"Painkiller Herb":72,"StoneCalendar":174,"Bag of Preparation":91,"Replay:Multitool":120,"Cursed Key":31,"Smiling Mask":211,"Burning Blood":0,"Pet Ghost":56,"Replay:Rubber Ducky":91,"Matryoshka":61,"Chemical X":200,"Ring of the Snake":0,"Potion Belt":126,"The Specimen":76,"Golden Idol":5,"Basket Of Snakes":82,"The Courier":7,"PreservedInsect":11,"Frozen Egg 2":14,"MawBank":79,"Replay:Arrowhead":131,"Busted Crown":8,"Ornamental Fan":91,"Orrery":126,"Turnip":38,"Art of War":36,"Durian":186,"ReplayTheSpireMod:Ring of Challenge":81,"ReplayTheSpireMod:Lightbulb":205,"Toy Ornithopter":171,"Ice Cream":23,"Divine Protection":182,"Gremlin Horn":20,"Nilry\u0027s Codex":75,"Vajra":77,"Centennial Puzzle":5,"DollysMirror":144,"Strawberry":13,"Prayer Wheel":93,"Toxic Egg 2":156,"Byrd Skull":66,"Happy Flower":91,"Oddly Smooth Stone":57,"Ring of Chaos":122,"Replay:Kaleidoscope":204,"War Paint":185,"Question Card":186,"OrangePellets":93,"Bottled Flame":70,"Replay:Baseball":93,"Bronze Scales":6,"Simple Rune":91,"ReplayTheSpireMod:TigerMarble":164,"Grinning Jar":169,"Pocketwatch":41,"Meat on the Bone":117,"Darkstone Periapt":18,"ReplayFunnel":91,"Mango":19,"Snake Skull":78,"Incense Burner":87,"ClockworkSouvenir":151,"Dream Catcher":37,"Nunchaku":75,"Replay:Bandana":100,"Mummified Hand":183,"Pantograph":12,"Gambling Chip":27,"Red Mask":140,"Replay:Bottled Snecko":161,"Red Skull":47,"Gremlin Food":87,"ReplayTheSpireMod:Ninjato":149,"Replay:Towering Pillar of Hats":66,"Quantum Egg":87,"Guide Book":93,"Replay:WaspNest":61,"Orichalcum":92,"Medical Kit":119,"Mercury Hourglass":61,"Calling Bell":164,"Anchor":66,"CaptainsWheel":86,"Pondfish Scales":91,"ChewingGum":176,"Snack Pack":48,"Coffee Dripper":137,"Bag of Marbles":161,"Membership Card":61},{"TwistedFunnel":766,"Vampiric Spirits":244,"Whetstone":364,"Bottled Tornado":916,"Boot":364,"Sling":364,"Blood Vial":107,"MealTicket":230,"Fusion Hammer":315,"Necronomicon":684,"Kunai":570,"Electric Blood":208,"Replay:Bottled Steam":471,"Pear":484,"Blue Candle":123,"Tingsha":376,"Eternal Feather":815,"Pen Nib":627,"Paper Crane":257,"Akabeko":879,"SlaversCollar":100,"Snecko Scales":459,"Bird Faced Urn":86,"Mark of Pain":0,"StrikeDummy":392,"Unceasing Top":574,"Regal Pillow":376,"Singing Bowl":82,"Torii":766,"Magic Flower":200,"Painkiller Herb":279,"StoneCalendar":706,"Bag of Preparation":364,"Replay:Multitool":475,"Cursed Key":130,"Smiling Mask":874,"Burning Blood":0,"Pet Ghost":224,"Replay:Rubber Ducky":364,"Matryoshka":244,"Chemical X":815,"Ring of the Snake":0,"Potion Belt":505,"The Specimen":292,"Golden Idol":17,"Basket Of Snakes":325,"The Courier":25,"PreservedInsect":40,"Frozen Egg 2":51,"MawBank":304,"Replay:Arrowhead":520,"Busted Crown":30,"Ornamental Fan":364,"Orrery":505,"Turnip":156,"Art of War":146,"Durian":766,"ReplayTheSpireMod:Ring of Challenge":318,"ReplayTheSpireMod:Lightbulb":842,"Toy Ornithopter":696,"Ice Cream":93,"Divine Protection":740,"Gremlin Horn":78,"Nilry\u0027s Codex":288,"Vajra":296,"Centennial Puzzle":17,"DollysMirror":580,"Strawberry":48,"Prayer Wheel":376,"Toxic Egg 2":649,"Byrd Skull":257,"Happy Flower":364,"Oddly Smooth Stone":226,"Ring of Chaos":484,"Replay:Kaleidoscope":837,"War Paint":758,"Question Card":766,"OrangePellets":376,"Bottled Flame":268,"Replay:Baseball":376,"Bronze Scales":20,"Simple Rune":364,"ReplayTheSpireMod:TigerMarble":674,"Grinning Jar":689,"Pocketwatch":170,"Meat on the Bone":463,"Darkstone Periapt":65,"ReplayFunnel":364,"Mango":73,"Snake Skull":300,"Incense Burner":344,"ClockworkSouvenir":618,"Dream Catcher":151,"Nunchaku":288,"Replay:Bandana":399,"Mummified Hand":745,"Pantograph":44,"Gambling Chip":111,"Red Mask":561,"Replay:Bottled Snecko":663,"Red Skull":189,"Gremlin Food":344,"ReplayTheSpireMod:Ninjato":609,"Replay:Towering Pillar of Hats":257,"Quantum Egg":344,"Guide Book":376,"Replay:WaspNest":244,"Orichalcum":369,"Medical Kit":471,"Mercury Hourglass":244,"Calling Bell":674,"Anchor":257,"CaptainsWheel":341,"Pondfish Scales":364,"ChewingGum":717,"Snack Pack":196,"Coffee Dripper":549,"Bag of Marbles":663,"Membership Card":244}],"Ring of the Snake":[316],"Meat on the Bone":0},"card_choices":[{"not_picked":["Dagger Throw","Dagger Spray","Flying Knee"],"picked":"Dash","floor":1},{"not_picked":["Poisoned Stab","Outmaneuver","Backflip","Dodge and Roll"],"picked":"SKIP","floor":3},{"not_picked":["Skewer","Quick Slash","ReplayTheSpireMod:Tripwire","Backstab"],"picked":"SKIP","floor":4},{"not_picked":["Dodge and Roll","Flying Knee","Hidden Blade","Flechettes"],"picked":"SKIP","floor":5},{"not_picked":["Poison Darts","Dagger Throw","Choke"],"picked":"ReplayTheSpireMod:Speed Training","floor":6},{"not_picked":["Poisoned Stab","Masterful Stab","Toxin Wave"],"picked":"Blade Dance","floor":8},{"not_picked":["Dodge and Roll","Blade Dance","Dagger Spray","Sucker Punch"],"picked":"SKIP","floor":10},{"not_picked":["Dodge and Roll","ReplayTheSpireMod:Tripwire","Poisoned Stab"],"picked":"Acrobatics","floor":11},{"not_picked":["Outmaneuver","Grand Finale","Well Laid Plans","Cloak And Dagger"],"picked":"SKIP","floor":12},{"not_picked":["Quick Slash","Deflect","Prepared"],"picked":"Leg Sweep","floor":13},{"not_picked":["Sucker Punch","Quick Slash","Flying Knee"],"picked":"Bouncing Flask","floor":14},{"not_picked":["Atom Bomb","A Thousand Cuts","Glass Knife"],"picked":"Envenom","floor":16},{"not_picked":["ReplayTheSpireMod:Tripwire","Prepared","Dagger Throw","Underhanded Strike"],"picked":"SKIP","floor":18},{"not_picked":["Hidden Blade","Caltrops","Flying Knee","Dodge and Roll"],"picked":"SKIP","floor":20},{"not_picked":["Acrobatics","Deadly Poison","Dagger Throw"],"picked":"Adrenaline","floor":22},{"not_picked":["Dagger Spray","Prepared","Infinite Blades+1","Accuracy"],"picked":"SKIP","floor":23},{"not_picked":["Dash","Hidden Blade","Sucker Punch","Cloak And Dagger"],"picked":"SKIP","floor":24},{"not_picked":["ReplayTheSpireMod:Scrap Shanks","Choke","Eviscerate"],"picked":"Dodge and Roll+1","floor":25},{"not_picked":["Unload","Eviscerate","Glass Knife"],"picked":"After Image+1","floor":28},{"not_picked":["Bane","Deadly Poison+1","Prepared","Quick Slash"],"picked":"SKIP","floor":31},{"not_picked":["Burst","Unload","After Image+1"],"picked":"ReplayTheSpireMod:From All Sides","floor":33},{"not_picked":["Dagger Throw","Heel Hook"],"picked":"SKIP","floor":35},{"not_picked":["Blade Dance","Dagger Throw+1"],"picked":"SKIP","floor":38},{"not_picked":["Prepared"],"picked":"PiercingWail+1","floor":39},{"not_picked":["Quick Slash","ReplayTheSpireMod:From All Sides"],"picked":"SKIP","floor":41},{"not_picked":["Hidden Blade"],"picked":"Prepared+1","floor":42},{"not_picked":["Sucker Punch+1","Dagger Spray"],"picked":"SKIP","floor":44},{"not_picked":["Dodge and Roll"],"picked":"Fluid Movement+1","floor":45},{"not_picked":["Finisher+1"],"picked":"Bouncing Flask+1","floor":47},{"not_picked":["Skewer"],"picked":"Catalyst","floor":48},{"not_picked":["A Thousand Cuts+1"],"picked":"Backflip","floor":54}],"player_experience":4019323,"relics_obtained":[{"floor":6,"key":"Tingsha"},{"floor":8,"key":"Gremlin Horn"},{"floor":14,"key":"The Specimen"},{"floor":23,"key":"ReplayTheSpireMod:Ninjato"},{"floor":25,"key":"Replay:Kaleidoscope"},{"floor":26,"key":"ReplayTheSpireMod:TigerMarble"},{"floor":28,"key":"Frozen Egg 2"},{"floor":41,"key":"Smiling Mask"},{"floor":43,"key":"Akabeko"},{"floor":44,"key":"Byrd Skull"},{"floor":47,"key":"Meat on the Bone"},{"floor":54,"key":"Bottled Tornado"}],"event_choices":[{"damage_healed":0,"gold_gain":75,"player_choice":"Touch","damage_taken":7,"max_hp_gain":0,"max_hp_loss":0,"event_name":"FaceTrader","floor":2,"gold_loss":0},{"damage_healed":0,"gold_gain":0,"player_choice":"Shed Blood","damage_taken":19,"max_hp_gain":5,"max_hp_loss":0,"event_name":"Forgotten Altar","floor":19,"gold_loss":0},{"damage_healed":0,"gold_gain":99,"player_choice":"Stole From Cult","damage_taken":0,"max_hp_gain":0,"max_hp_loss":0,"event_name":"Nest","floor":27,"gold_loss":0},{"damage_healed":0,"gold_gain":0,"player_choice":"Obtained Relic","damage_taken":0,"relics_obtained":["ReplayTheSpireMod:Lightbulb"],"max_hp_gain":0,"max_hp_loss":0,"event_name":"Addict","floor":30,"gold_loss":85},{"damage_healed":0,"gold_gain":0,"player_choice":"0 cards matched","damage_taken":0,"max_hp_gain":0,"max_hp_loss":0,"event_name":"Match and Keep!","floor":36,"gold_loss":0,"cards_obtained":[]}],"is_beta":false,"boss_relics":[{"not_picked":["Astrolabe","Empty Cage"],"picked":"ChewingGum"},{"not_picked":["Replay:Ancient Bell","Calling Bell"],"picked":"Busted Crown"}],"items_purged_floors":[0,0,53],"is_endless":false,"potions_floor_spawned":[3,4,6,8,11,14,18,23,24,33,39,42,44,48],"ascension_level":10}}