{"host":"sc0o2qwpf9j16a4i","time":1611702186,"event":{"mods":["AchievementEnabler","BaseMod","BetterRewards","Block Reminder","Colored Map","Colored Powertips","Custom Start","Highlight Path","Minty Spire (QoL Compilation)","Relic Stats"],"gold_per_floor":[115,132,132,152,225,225,255,255,255,274,116,150,169,200,200,276,276,289,289,299,309,329,362,362,362,362],"floor_reached":25,"language":"ENG","playtime":861,"items_purged":["Strike_G"],"score":886,"play_id":"dcead8bf-f072-4f3c-9bce-ad42b530f6cd","local_time":"20210127010306","is_ascension_mode":true,"campfire_choices":[{"floor":6,"key":"REST"},{"floor":8,"key":"REST"},{"floor":15,"key":"REST"},{"floor":24,"key":"RECALL"}],"circlet_count":0,"master_deck":["AscendersBane","Strike_G","Strike_G","Strike_G","Strike_G","Defend_G","Defend_G","Defend_G","Defend_G","Defend_G","Survivor","Neutralize","Apotheosis+1","Crippling Poison","Calculated Gamble","Terror","Quick Slash","Noxious Fumes","Well Laid Plans","Backflip","Bouncing Flask","Ghostly","Ghostly","Ghostly","Acrobatics","Dodge and Roll"],"relics":["Ring of the Snake","Ice Cream","Bag of Marbles","Chemical X","Oddly Smooth Stone","Bottled Lightning","Singing Bowl","Pear","HornCleat","Snake Skull","Busted Crown","Incense Burner"],"acts_visited":["Exordium","TheCity"],"potions_floor_usage":[12,16,23],"damage_taken":[{"damage":0,"enemies":"Jaw Worm","floor":1,"turns":4},{"damage":0,"enemies":"Cultist","floor":2,"turns":3},{"damage":0,"enemies":"2 Louse","floor":4,"turns":3},{"damage":32,"enemies":"Gremlin Nob","floor":7,"turns":4},{"damage":0,"enemies":"Exordium Wildlife","floor":10,"turns":2},{"damage":0,"enemies":"3 Sentries","floor":12,"turns":6},{"damage":0,"enemies":"3 Louse","floor":13,"turns":3},{"damage":0,"enemies":"Lagavulin","floor":14,"turns":5},{"damage":0,"enemies":"Hexaghost","floor":16,"turns":7},{"damage":0,"enemies":"Chosen","floor":18,"turns":4},{"damage":0,"enemies":"3 Byrds","floor":20,"turns":4},{"damage":2,"enemies":"Centurion and Healer","floor":21,"turns":6},{"damage":0,"enemies":"Snecko","floor":22,"turns":5},{"damage":3,"enemies":"Gremlin Leader","floor":23,"turns":6},{"damage":42,"enemies":"Slavers","floor":25,"turns":5}],"seed_played":"-3168261451778415186","potions_obtained":[{"floor":4,"key":"Explosive Potion"},{"floor":7,"key":"Swift Potion"},{"floor":13,"key":"CultistPotion"},{"floor":16,"key":"Explosive Potion"},{"floor":20,"key":"Ancient Potion"},{"floor":23,"key":"CultistPotion"}],"is_trial":false,"path_per_floor":["M","M","?","M","T","R","E","R","T","M","$","E","M","E","R","B",null,"M","?","M","M","M","E","R","E"],"character_chosen":"THE_SILENT","items_purchased":["Apotheosis","Ice Cream","Bag of Marbles","Chemical X","Oddly Smooth Stone","Well Laid Plans"],"campfire_rested":3,"item_purchase_floors":[0,0,0,0,0,11],"current_hp_per_floor":[24,24,24,24,24,43,11,30,40,40,40,40,42,42,65,67,77,79,41,43,41,43,40,40,0,0],"gold":362,"neow_bonus":"","is_daily":false,"chose_seed":false,"campfire_upgraded":0,"win_rate":0.0,"timestamp":1611702186,"path_taken":["M","M","?","M","?","R","E","R","T","?","$","E","M","E","R","BOSS","M","?","M","M","M","E","R","E"],"items_purchased_type":["Card","Relic","Relic","Relic","Relic","Card"],"build_version":"2020-12-22","purchased_purges":1,"victory":false,"max_hp_per_floor":[66,66,66,66,66,66,66,66,76,76,76,76,78,78,78,80,80,82,41,43,43,45,45,45,45,45],"relic_stats":{"Busted Crown":10,"Singing Bowl":26,"counters":[34,92],"Snake Skull":[62],"Chemical X":[1],"obtain_stats":[{"TwistedFunnel":45,"Ice Cream":0,"Singing Bowl":26,"Vajra":7,"Snake Skull":14,"Bag of Preparation":28,"Incense Burner":23,"Empty Cage":17,"Boot":23,"HornCleat":12,"Chemical X":0,"Ring of the Snake":0,"Potion Belt":9,"Pear":9,"Blue Candle":30,"Oddly Smooth Stone":0,"Omamori":43,"War Paint":13,"SlaversCollar":34,"Anchor":8,"Busted Crown":17,"Bronze Scales":47,"Turnip":11,"Art of War":41,"Bag of Marbles":0,"Membership Card":37,"Bottled Lightning":5,"Pocketwatch":31},{"TwistedFunnel":17,"Ice Cream":19,"Singing Bowl":11,"Vajra":3,"Snake Skull":27,"Bag of Preparation":12,"Incense Burner":33,"Empty Cage":7,"Boot":11,"HornCleat":25,"Chemical X":19,"Ring of the Snake":0,"Potion Belt":3,"Pear":23,"Blue Candle":12,"Oddly Smooth Stone":19,"Omamori":16,"War Paint":5,"SlaversCollar":13,"Anchor":3,"Busted Crown":28,"Bronze Scales":18,"Turnip":4,"Art of War":16,"Bag of Marbles":19,"Membership Card":14,"Bottled Lightning":22,"Pocketwatch":12},{"TwistedFunnel":21,"Ice Cream":25,"Singing Bowl":11,"Vajra":3,"Snake Skull":55,"Bag of Preparation":12,"Incense Burner":87,"Empty Cage":7,"Boot":11,"HornCleat":47,"Chemical X":25,"Ring of the Snake":0,"Potion Belt":3,"Pear":39,"Blue Candle":12,"Oddly Smooth Stone":25,"Omamori":16,"War Paint":5,"SlaversCollar":13,"Anchor":3,"Busted Crown":62,"Bronze Scales":22,"Turnip":4,"Art of War":16,"Bag of Marbles":25,"Membership Card":14,"Bottled Lightning":35,"Pocketwatch":12}],"Ring of the Snake":[68]},"card_choices":[{"not_picked":["Distraction","Flying Knee"],"picked":"Crippling Poison","floor":1},{"not_picked":["Underhanded Strike","Cloak And Dagger"],"picked":"Calculated Gamble","floor":2},{"not_picked":["Dagger Spray","Infinite Blades"],"picked":"Terror","floor":4},{"not_picked":["PiercingWail","Prepared"],"picked":"Quick Slash","floor":7},{"not_picked":["Reflex","Catalyst"],"picked":"Noxious Fumes","floor":10},{"not_picked":["Deflect","Underhanded Strike"],"picked":"Backflip","floor":12},{"not_picked":["Backflip","Sucker Punch","Outmaneuver"],"picked":"Singing Bowl","floor":13},{"not_picked":["Blade Dance","Deflect"],"picked":"Bouncing Flask","floor":14},{"not_picked":["Unload","Doppelganger","Phantasmal Killer"],"picked":"Singing Bowl","floor":16},{"not_picked":["Choke"],"picked":"Singing Bowl","floor":18},{"not_picked":["Sucker Punch"],"picked":"Singing Bowl","floor":20},{"not_picked":[],"picked":"Acrobatics","floor":21},{"not_picked":["Deflect"],"picked":"Singing Bowl","floor":22},{"not_picked":[],"picked":"Dodge and Roll","floor":23}],"player_experience":1009664,"relics_obtained":[{"floor":5,"key":"Bottled Lightning"},{"floor":7,"key":"Singing Bowl"},{"floor":9,"key":"Pear"},{"floor":12,"key":"HornCleat"},{"floor":14,"key":"Snake Skull"},{"floor":23,"key":"Incense Burner"}],"event_choices":[{"damage_healed":0,"gold_gain":0,"player_choice":"Grow","damage_taken":0,"max_hp_gain":0,"max_hp_loss":0,"event_name":"Living Wall","floor":3,"gold_loss":0,"cards_upgraded":["Apotheosis"]},{"damage_healed":0,"gold_gain":0,"player_choice":"Became a Ghost","damage_taken":0,"max_hp_gain":0,"max_hp_loss":41,"event_name":"Ghosts","floor":19,"gold_loss":0,"cards_obtained":["Ghostly","Ghostly","Ghostly"]}],"is_beta":false,"boss_relics":[{"not_picked":["WristBlade","Calling Bell"],"picked":"Busted Crown"}],"items_purged_floors":[11],"is_endless":false,"potions_floor_spawned":[4,7,10,13,16,20,23],"killed_by":"Slavers","ascension_level":20}}