{"host":"s5i48q09v0un9rqc","time":1611657722,"event":{"mods":["BaseMod","BetterRewards","Highlight Path","Minty Spire (QoL Compilation)","Rare Cards Sparkle","Shop Mod"],"gold_per_floor":[112,130,130,130,148,183,183,216,267,297,308,319,319,394,394,466,466,477,477,494,494,394,424,424,458,458,473,473,506,431,346,346,423,423,435,451,451,451,451],"floor_reached":38,"language":"ZHS","playtime":6369,"items_purged":["Strike_R","Strike_R"],"score":1213,"play_id":"5c5106a7-1a68-4270-8ee6-d53d771ced83","local_time":"20210126184202","is_ascension_mode":true,"campfire_choices":[{"data":"Armaments","floor":7.0,"key":"SMITH"},{"floor":13.0,"key":"RECALL"},{"data":"Burning Pact","floor":15.0,"key":"SMITH"},{"data":"Immolate","floor":28.0,"key":"SMITH"},{"data":"Shockwave","floor":32.0,"key":"SMITH"}],"circlet_count":0,"master_deck":["AscendersBane","Defend_R","Defend_R","Defend_R","Bash","Immolate+1","Burning Pact+1","Armaments+1","Feel No Pain","Seeing Red","Shockwave+1","Power Through+1","Feed+1","Body Slam+1","Master of Strategy+1"],"relics":["Burning Blood","Medical Kit","Sling","Meat on the Bone","Lee\u0027s Waffle","Sundial","Nunchaku","Self Forming Clay","Pen Nib","Molten Egg 2","Velvet Choker","Singing Bowl","Question Card","Shuriken","Toxic Egg 2","Omamori","Sozu"],"acts_visited":["Exordium","TheCity","TheBeyond"],"potions_floor_usage":[],"damage_taken":[{"damage":7.0,"enemies":"Cultist","floor":1.0,"turns":4.0},{"damage":2.0,"enemies":"Jaw Worm","floor":2.0,"turns":4.0},{"damage":0.0,"enemies":"2 Louse","floor":5.0,"turns":1.0},{"damage":6.0,"enemies":"3 Sentries","floor":6.0,"turns":8.0},{"damage":31.0,"enemies":"Gremlin Nob","floor":8.0,"turns":4.0},{"damage":26.0,"enemies":"Lagavulin","floor":10.0,"turns":6.0},{"damage":0.0,"enemies":"Exordium Wildlife","floor":11.0,"turns":2.0},{"damage":0.0,"enemies":"Gremlin Gang","floor":12.0,"turns":1.0},{"damage":44.0,"enemies":"The Guardian","floor":16.0,"turns":9.0},{"damage":5.0,"enemies":"Spheric Guardian","floor":18.0,"turns":4.0},{"damage":15.0,"enemies":"3 Byrds","floor":20.0,"turns":4.0},{"damage":23.0,"enemies":"Book of Stabbing","floor":23.0,"turns":5.0},{"damage":0.0,"enemies":"Gremlin Leader","floor":25.0,"turns":4.0},{"damage":5.0,"enemies":"Centurion and Healer","floor":27.0,"turns":3.0},{"damage":25.0,"enemies":"Book of Stabbing","floor":29.0,"turns":6.0},{"damage":25.0,"enemies":"Champ","floor":33.0,"turns":9.0},{"damage":29.0,"enemies":"Orb Walker","floor":35.0,"turns":9.0},{"damage":9,"enemies":"3 Darklings","floor":36,"turns":5},{"damage":17,"enemies":"Spire Growth","floor":38,"turns":4}],"seed_played":"-4373819865566119143","potions_obtained":[{"floor":2.0,"key":"BloodPotion"},{"floor":6.0,"key":"BlessingOfTheForge"},{"floor":10.0,"key":"Strength Potion"},{"floor":12.0,"key":"ColorlessPotion"},{"floor":23.0,"key":"ElixirPotion"},{"floor":25.0,"key":"BloodPotion"},{"floor":27.0,"key":"DuplicationPotion"}],"is_trial":false,"path_per_floor":["M","M","?","?","M","E","R","E","T","E","M","M","R","?","R","B",null,"M","?","M","?","$","E","?","E","T","M","R","E","?","?","R","B",null,"M","M","?","M"],"character_chosen":"IRONCLAD","items_purchased":["Medical Kit","Immolate","Sling","Meat on the Bone","Burning Pact","Lee\u0027s Waffle","Sundial","Nunchaku","Armaments"],"campfire_rested":0,"item_purchase_floors":[0,0,0,0,0,0,0,0,0],"current_hp_per_floor":[81,82,82,82,82,82,82,57,57,65,71,77,77,66,66,40,72,73,73,64,64,64,61,61,69,69,72,72,53,53,53,53,46,78,59,58,52,35,35],"gold":451,"neow_bonus":"","is_daily":false,"chose_seed":false,"campfire_upgraded":4,"win_rate":0.0,"timestamp":1611657722,"path_taken":["M","M","?","?","M","E","R","E","T","E","M","?","R","?","R","BOSS","M","?","?","?","$","E","?","E","T","M","R","E","?","?","R","BOSS","M","M","?","M"],"items_purchased_type":["Relic","Card","Relic","Relic","Card","Relic","Relic","Relic","Card"],"build_version":"2020-12-22","purchased_purges":2,"victory":false,"max_hp_per_floor":[82,82,82,82,82,82,82,82,82,82,82,82,82,82,82,82,82,82,82,82,82,82,84,84,86,86,88,88,88,88,88,88,88,88,92,94,98,98,98],"card_choices":[{"not_picked":["Thunderclap","Clothesline"],"picked":"Feel No Pain","floor":1.0},{"not_picked":["Sword Boomerang","Wild Strike","Whirlwind"],"picked":"SKIP","floor":2.0},{"not_picked":["Anger","Iron Wave","Body Slam"],"picked":"SKIP","floor":5.0},{"not_picked":["Searing Blow","Reckless Charge","Hemokinesis"],"picked":"SKIP","floor":6.0},{"not_picked":["Sword Boomerang","Sever Soul","Pummel"],"picked":"SKIP","floor":8.0},{"not_picked":["Bludgeon+1","Anger+1","Pommel Strike+1"],"picked":"SKIP","floor":10.0},{"not_picked":["Iron Wave+1","Flame Barrier","Thunderclap+1"],"picked":"SKIP","floor":11.0},{"not_picked":["Feel No Pain","Pommel Strike+1","Anger+1"],"picked":"SKIP","floor":12.0},{"not_picked":["Clothesline+1","Heavy Blade+1"],"picked":"Shockwave","floor":18.0},{"not_picked":["Cleave+1","Warcry","Combust"],"picked":"SKIP","floor":20.0},{"not_picked":["Dropkick+1","Flame Barrier","Dual Wield"],"picked":"Singing Bowl","floor":23.0},{"not_picked":["Fiend Fire+1","Twin Strike+1","Pommel Strike+1"],"picked":"Singing Bowl","floor":25.0},{"not_picked":["Perfected Strike+1","Body Slam+1","Pummel+1","Dropkick+1"],"picked":"Singing Bowl","floor":27.0},{"not_picked":["Dark Embrace","Wild Strike+1","Havoc+1"],"picked":"Power Through+1","floor":29.0},{"not_picked":["Reaper+1","Limit Break+1","Immolate+1"],"picked":"Feed+1","floor":33.0},{"not_picked":["Armaments+1","Twin Strike+1","Shockwave+1"],"picked":"Body Slam+1","floor":35},{"not_picked":["Fire Breathing+1","Body Slam+1","Reckless Charge+1","Heavy Blade+1"],"picked":"Singing Bowl","floor":36},{"not_picked":["Enlightenment+1","Dramatic Entrance+1","Secret Technique+1","Mind Blast+1"],"picked":"Singing Bowl","floor":37},{"not_picked":["Forethought+1","Swift Strike+1","Finesse+1"],"picked":"Master of Strategy+1","floor":37},{"not_picked":["Enlightenment+1","Trip+1","Jack Of All Trades+1","Dark Shackles+1"],"picked":"Singing Bowl","floor":37}],"player_experience":792186,"relics_obtained":[{"floor":6.0,"key":"Self Forming Clay"},{"floor":8.0,"key":"Pen Nib"},{"floor":10.0,"key":"Molten Egg 2"},{"floor":23.0,"key":"Singing Bowl"},{"floor":25.0,"key":"Question Card"},{"floor":26.0,"key":"Shuriken"},{"floor":29.0,"key":"Toxic Egg 2"}],"event_choices":[{"damage_healed":0.0,"max_hp_gain":0.0,"max_hp_loss":0.0,"gold_gain":0.0,"cards_transformed":["Strike_R"],"event_name":"Living Wall","player_choice":"Change","floor":3.0,"gold_loss":0.0,"damage_taken":0.0,"cards_obtained":["Seeing Red"]},{"cards_removed":["Defend_R"],"damage_healed":0.0,"max_hp_gain":0.0,"max_hp_loss":0.0,"gold_gain":0.0,"event_name":"Wheel of Change","player_choice":"Card Removal","floor":4.0,"gold_loss":0.0,"damage_taken":0.0},{"damage_healed":0.0,"max_hp_gain":0.0,"max_hp_loss":0.0,"gold_gain":75.0,"event_name":"World of Goop","player_choice":"Gather Gold","floor":14.0,"gold_loss":0.0,"damage_taken":11.0},{"damage_healed":0.0,"max_hp_gain":0.0,"max_hp_loss":0.0,"gold_gain":0.0,"event_name":"Match and Keep!","player_choice":"0 cards matched","floor":19.0,"gold_loss":0.0,"damage_taken":0.0,"cards_obtained":[]},{"damage_healed":0.0,"max_hp_gain":0.0,"max_hp_loss":0.0,"gold_gain":0.0,"event_name":"The Mausoleum","player_choice":"Ignored","floor":21.0,"gold_loss":0.0,"damage_taken":0.0},{"cards_removed":["Strike_R"],"damage_healed":0.0,"max_hp_gain":0.0,"max_hp_loss":0.0,"gold_gain":0.0,"event_name":"Back to Basics","player_choice":"Elegance","floor":24.0,"gold_loss":0.0,"damage_taken":0.0},{"cards_removed":["Strike_R"],"damage_healed":0.0,"max_hp_gain":0.0,"max_hp_loss":0.0,"gold_gain":0.0,"event_name":"Beggar","player_choice":"Gave Gold","floor":30.0,"gold_loss":75.0,"damage_taken":0.0},{"damage_healed":0.0,"max_hp_gain":0.0,"max_hp_loss":0.0,"gold_gain":0.0,"event_name":"Addict","player_choice":"Obtained Relic","floor":31.0,"gold_loss":85.0,"damage_taken":0.0,"relics_obtained":["Omamori"]},{"damage_healed":0,"gold_gain":0,"player_choice":"Memory 3","damage_taken":10,"max_hp_gain":0,"max_hp_loss":0,"event_name":"SensoryStone","floor":37,"gold_loss":0}],"is_beta":false,"boss_relics":[{"not_picked":["SacredBark","Calling Bell"],"picked":"Velvet Choker"},{"not_picked":["Tiny House","Mark of Pain"],"picked":"Sozu"}],"items_purged_floors":[0,22],"is_endless":false,"potions_floor_spawned":[2,6,10,12,16,23,25,27,33],"killed_by":"Spire Growth","ascension_level":18}}