{"host":"oi6p1guiqfwwvxym","time":1611631964,"event":{"mods":["BaseMod","Bestiary","Colored Map","Minty Spire (QoL Compilation)","Relic Stats"],"gold_per_floor":[113,132,132,148,108,108,143,160,187,187,199,232,232,290,290,290,290],"floor_reached":16,"language":"ENG","playtime":679,"items_purged":[],"score":220,"play_id":"1d9051a7-69c2-4c76-b327-66b0c08ba666","local_time":"20210125193244","is_ascension_mode":true,"campfire_choices":[{"data":"Bash","floor":6,"key":"SMITH"},{"floor":10,"key":"REST"},{"data":"Rampage","floor":13,"key":"SMITH"},{"floor":15,"key":"REST"}],"circlet_count":0,"master_deck":["AscendersBane","Strike_R","Strike_R","Strike_R","Strike_R","Strike_R","Defend_R","Defend_R+1","Defend_R","Defend_R+1","Bash+1","Clothesline","Twin Strike","Power Through","Burning Pact","Rampage+1","Flame Barrier"],"relics":["Philosopher\u0027s Stone","Omamori","War Paint","Pen Nib","Juzu Bracelet"],"acts_visited":["Exordium"],"potions_floor_usage":[7,12,12],"damage_taken":[{"damage":13,"enemies":"Jaw Worm","floor":1,"turns":3},{"damage":2,"enemies":"Cultist","floor":2,"turns":4},{"damage":4,"enemies":"2 Louse","floor":4,"turns":2},{"damage":6,"enemies":"Gremlin Nob","floor":7,"turns":3},{"damage":8,"enemies":"Blue Slaver","floor":8,"turns":3},{"damage":0,"enemies":"3 Louse","floor":11,"turns":3},{"damage":25,"enemies":"3 Sentries","floor":12,"turns":7},{"damage":23,"enemies":"Gremlin Nob","floor":14,"turns":5},{"damage":33,"enemies":"Hexaghost","floor":16,"turns":7}],"seed_played":"394509815036426002","potions_obtained":[{"floor":1,"key":"SpeedPotion"},{"floor":5,"key":"Block Potion"},{"floor":5,"key":"Swift Potion"},{"floor":7,"key":"Explosive Potion"}],"is_trial":false,"path_per_floor":["M","M","?","M","?","R","E","M","T","R","M","E","R","?","R","B"],"character_chosen":"IRONCLAD","items_purchased":[],"campfire_rested":2,"item_purchase_floors":[],"current_hp_per_floor":[55,53,53,49,49,49,43,35,35,57,57,32,32,9,31,0,0],"gold":290,"neow_bonus":"BOSS_RELIC","is_daily":false,"chose_seed":false,"campfire_upgraded":2,"win_rate":0.0,"timestamp":1611631964,"path_taken":["M","M","?","M","?","R","E","M","T","R","?","E","R","?","R","BOSS"],"items_purchased_type":[],"build_version":"2020-12-22","purchased_purges":0,"victory":false,"max_hp_per_floor":[75,75,75,75,75,75,75,75,75,75,75,75,75,75,75,75,75],"relic_stats":{"counters":[9,37],"Pen Nib":[2],"Juzu Bracelet":0,"War Paint":["Defend_R","Defend_R"],"obtain_stats":[{"Philosopher\u0027s Stone":0,"Pen Nib":12,"Omamori":7,"Juzu Bracelet":14,"War Paint":9,"Burning Blood":0},{"Philosopher\u0027s Stone":0,"Pen Nib":7,"Omamori":4,"Juzu Bracelet":8,"War Paint":5,"Burning Blood":0},{"Philosopher\u0027s Stone":0,"Pen Nib":25,"Omamori":12,"Juzu Bracelet":30,"War Paint":15,"Burning Blood":0}]},"card_choices":[{"not_picked":["Shockwave","Headbutt"],"picked":"Clothesline","floor":1},{"not_picked":["Second Wind","Iron Wave","Bloodletting"],"picked":"SKIP","floor":2},{"not_picked":["Havoc","Sword Boomerang"],"picked":"Twin Strike","floor":4},{"not_picked":["Pummel","Iron Wave"],"picked":"Power Through","floor":7},{"not_picked":["Seeing Red","Cleave"],"picked":"Burning Pact","floor":8},{"not_picked":["Fire Breathing","Feel No Pain"],"picked":"Rampage","floor":11},{"not_picked":["Power Through","Sentinel"],"picked":"Flame Barrier","floor":12}],"player_experience":396120,"relics_obtained":[{"floor":7,"key":"Omamori"},{"floor":9,"key":"War Paint"},{"floor":12,"key":"Pen Nib"},{"floor":14,"key":"Juzu Bracelet"}],"event_choices":[{"damage_healed":0,"gold_gain":0,"player_choice":"Ignored","damage_taken":0,"max_hp_gain":0,"max_hp_loss":0,"event_name":"Liars Game","floor":3,"gold_loss":0},{"damage_healed":0,"gold_gain":0,"player_choice":"Bought 3 Potions","damage_taken":0,"max_hp_gain":0,"max_hp_loss":0,"event_name":"The Woman in Blue","floor":5,"gold_loss":0},{"damage_healed":0,"gold_gain":0,"player_choice":"Searched \u00271\u0027 times","damage_taken":0,"max_hp_gain":0,"max_hp_loss":0,"event_name":"Dead Adventurer","floor":14,"gold_loss":0}],"is_beta":false,"boss_relics":[],"items_purged_floors":[],"is_endless":false,"potions_floor_spawned":[1,7,11],"killed_by":"Hexaghost","ascension_level":20}}