{"host":"18wi9kpcl4eah7pe","time":1611647280,"event":{"mods":["BaseMod","Colored Powertips","Downfall","Minty Spire (QoL Compilation)","StSLib"],"gold_per_floor":[99,111,211,228,239,139,139,167,67,94,114,114,149,149,162,264,314,314,414,414,432,110,110,134,134,160,60,70,70,95,111,122,227,227,227,240,240,294,294,344,392,403,435,435,260,260,260,289,299,299,299,299],"floor_reached":50,"language":"ENG","playtime":2658,"items_purged":["Guardian:GemFinder+1"],"score":839,"play_id":"e2770efb-7dc2-4d40-aadd-dee9ee6fb317","local_time":"20210126014800","is_ascension_mode":true,"campfire_choices":[{"floor":1,"key":"RECALL"},{"data":"Guardian:FuturePlans","floor":6,"key":"SMITH"},{"floor":9,"key":"REST"},{"data":"Guardian:GemFinder","floor":18,"key":"SMITH"},{"data":"Guardian:FierceBash","floor":23,"key":"SMITH"},{"floor":27,"key":"REST"},{"data":"Guardian:WalkerClaw","floor":35,"key":"SMITH"},{"data":"Guardian:RefractedBeam","floor":44,"key":"SMITH"},{"data":"Guardian:ConstructionForm","floor":47,"key":"SMITH"}],"circlet_count":0,"master_deck":["Guardian:Strike_Guardian","Guardian:Strike_Guardian","Guardian:Defend_Guardian","Guardian:Defend_Guardian","Guardian:Defend_Guardian","Guardian:Defend_Guardian","Guardian:CurlUp","Guardian:TwinSlam","Guardian:ChargeUp","Guardian:FuturePlans+1","Guardian:Repulse","Guardian:RollAttack","Guardian:Recover+1","Guardian:PrimingBeam","Guardian:GemFinder+1","Guardian:WalkerClaw+1","Guardian:EvasiveProtocol+1","Guardian:FierceBash+1","Guardian:Gem_Green","Guardian:PolyBeam","Guardian:Gem_Green","Guardian:RefractedBeam+1","Guardian:Gem_Red","Guardian:Gem_Green","Guardian:ChargeUp","Guardian:Gem_Red","Guardian:GuardianWhirl+1","Guardian:Gem_Green","Guardian:WalkerClaw","Guardian:Gem_Red","Guardian:Gem_Green","Guardian:SphericShield","Guardian:Harden","Guardian:CrystalBeam+1","Guardian:VentSteam+1","Guardian:ConstructionForm+1","Guardian:Gem_Red","Guardian:Gem_Red","Guardian:HyperBeam_Guardian","Guardian:ChargeUp+1","Pain","Guardian:Incinerate+1","Guardian:Planning+1"],"relics":["Guardian:ModeShifterPlus","downfall:HeartBlessingRed","hexamod:CandleOfCauterizing","Lizard Tail","downfall:HeartBlessingGreen","Bag of Marbles","downfall:BrokenWingStatue","Oddly Smooth Stone","Tiny House","Gambling Chip","Bottled Lightning","Membership Card","Nunchaku","Juzu Bracelet","Art of War","downfall:HeartBlessingBlue","Darkstone Periapt","Blue Candle","CaptainsWheel","Pear","Ice Cream","Anchor","Frozen Egg 2","Eternal Feather","WarpedTongs","Happy Flower"],"acts_visited":["Exordium","TheCity","TheBeyond"],"potions_floor_usage":[4,13,16,30,33,33,43,43],"damage_taken":[{"damage":4,"enemies":"2 Louse","floor":2,"turns":3},{"damage":0,"enemies":"Small Slimes","floor":4,"turns":3},{"damage":1,"enemies":"Cultist","floor":5,"turns":5},{"damage":13,"enemies":"3 Sentries","floor":8,"turns":11},{"damage":6,"enemies":"Gremlin Nob","floor":10,"turns":4},{"damage":6,"enemies":"3 Louse","floor":11,"turns":3},{"damage":0,"enemies":"Lagavulin","floor":13,"turns":6},{"damage":10,"enemies":"Gremlin Gang","floor":15,"turns":5},{"damage":27,"enemies":"DF_ARCHETYPE_STREAMLINE","floor":16,"turns":12},{"damage":11,"enemies":"IC_STATUS_ARCHETYPE","floor":19,"turns":9},{"damage":10,"enemies":"Spheric Guardian","floor":21,"turns":6},{"damage":0,"enemies":"downfall:FleeingMerchant","floor":22,"turns":4},{"damage":14,"enemies":"Book of Stabbing","floor":26,"turns":7},{"damage":18,"enemies":"Shell Parasite","floor":28,"turns":6},{"damage":11,"enemies":"Slavers","floor":30,"turns":6},{"damage":14,"enemies":"Snake Plant","floor":31,"turns":4},{"damage":20,"enemies":"Centurion and Healer","floor":32,"turns":9},{"damage":32,"enemies":"WA_ARCHETYPE_CALM","floor":33,"turns":7},{"damage":9,"enemies":"3 Darklings","floor":36,"turns":5},{"damage":8,"enemies":"2 Orb Walkers","floor":38,"turns":4},{"damage":2,"enemies":"2 Orb Walkers","floor":40,"turns":9},{"damage":0,"enemies":"3 Shapes","floor":42,"turns":5},{"damage":0,"enemies":"Reptomancer","floor":43,"turns":6},{"damage":0,"enemies":"downfall:FleeingMerchant","floor":45,"turns":4},{"damage":31,"enemies":"Giant Head","floor":48,"turns":10},{"damage":0,"enemies":"Sphere and 2 Shapes","floor":49,"turns":4},{"damage":199,"enemies":"IC_BLOCK_ARCHETYPE","floor":50,"turns":6}],"seed_played":"-7943999971462480352","potions_obtained":[{"floor":2,"key":"ColorlessPotion"},{"floor":4,"key":"Fruit Juice"},{"floor":10,"key":"BlessingOfTheForge"},{"floor":13,"key":"Block Potion"},{"floor":17,"key":"Guardian:StasisDiscoveryPotion"},{"floor":21,"key":"ColorlessPotion"},{"floor":32,"key":"bronze:BurnAndBuffPotion"},{"floor":38,"key":"BlessingOfTheForge"},{"floor":40,"key":"BlessingOfTheForge"},{"floor":42,"key":"LiquidMemories"}],"is_trial":false,"path_per_floor":["R","M","?","M","M","R","T","E","R","E","M","?","E","?","M","B",null,"R","?","?","M","$","R","T","?","E","R","M","?","E","M","M","B",null,"R","M","?","?","T","?","T","M","E","R","$","?","R","E","M","B"],"character_chosen":"GUARDIAN","items_purchased":["Membership Card","Nunchaku","Juzu Bracelet","Eternal Feather"],"campfire_rested":2,"item_purchase_floors":[22,22,22,45],"current_hp_per_floor":[72,68,68,73,72,72,72,59,89,83,77,77,77,77,67,40,106,106,95,95,85,85,85,85,85,71,115,97,97,86,72,52,20,116,116,107,102,94,104,102,102,102,102,102,102,108,132,101,101,0,0,0],"gold":299,"neow_bonus":"TWENTY_PERCENT_HP_BONUS","is_daily":false,"chose_seed":false,"campfire_upgraded":6,"win_rate":0.0,"timestamp":1611647280,"path_taken":["R","M","?","M","M","R","T","E","R","E","M","?","E","?","M","BOSS","R","?","?","?","$","R","T","?","E","R","M","?","E","M","M","BOSS","R","M","?","?","?","?","T","M","E","R","$","?","R","E","M","BOSS"],"items_purchased_type":["Relic","Relic","Relic","Relic"],"build_version":"2020-12-22","purchased_purges":1,"victory":false,"max_hp_per_floor":[96,96,96,101,101,101,101,101,101,101,101,101,101,101,101,101,106,106,106,106,106,106,106,106,106,106,116,116,116,116,116,116,116,116,116,116,116,116,126,126,126,126,126,126,126,132,132,132,132,132,132,132],"card_choices":[{"not_picked":["Guardian:Clone","Guardian:CrystalBeam"],"picked":"Guardian:ChargeUp","floor":2},{"not_picked":["Guardian:Suspension","Guardian:SpikerProtocol"],"picked":"Guardian:FuturePlans","floor":4},{"not_picked":["Guardian:RollAttack","Guardian:ChargeCore"],"picked":"Guardian:Repulse","floor":5},{"not_picked":["Guardian:FloatingOrbs","Guardian:TemporalShield"],"picked":"Guardian:RollAttack","floor":8},{"not_picked":["Guardian:SpikerProtocol","Guardian:Suspension"],"picked":"Guardian:Gem_Red","floor":10},{"not_picked":["Guardian:RollAttack","Guardian:Repulse"],"picked":"Guardian:Gem_White","floor":11},{"not_picked":["Guardian:Gem_Crimson","Guardian:VentSteam"],"picked":"Guardian:Recover","floor":13},{"not_picked":["Guardian:Planning","Guardian:Reroute"],"picked":"Guardian:PrimingBeam","floor":15},{"not_picked":["Guardian:GatlingBeam","Guardian:StasisField"],"picked":"Guardian:GemFinder","floor":16},{"not_picked":["Guardian:SpikerProtocol","Guardian:TemporalShield"],"picked":"Guardian:WalkerClaw","floor":17},{"not_picked":["Guardian:VentSteam+1","Guardian:DecasProtection"],"picked":"Guardian:EvasiveProtocol+1","floor":19},{"not_picked":["Guardian:Gem_Green","Guardian:Gem_Red"],"picked":"Guardian:Gem_Lightblue","floor":21},{"not_picked":["Guardian:Gem_Cyan","Guardian:Gem_Lightblue"],"picked":"Guardian:Gem_Red","floor":21},{"not_picked":["Guardian:BodySlam","Guardian:PiercingHide+1"],"picked":"Guardian:FierceBash","floor":21},{"not_picked":["Guardian:Reroute","Guardian:Suspension+1"],"picked":"Guardian:Gem_Green","floor":22},{"not_picked":["Guardian:Gem_Cyan","Guardian:Gem_Lightblue"],"picked":"Guardian:Gem_Green","floor":26},{"not_picked":["Guardian:Gem_Cyan","Guardian:Gem_Green"],"picked":"Guardian:Gem_Red","floor":26},{"not_picked":["Guardian:Gem_Green","Guardian:Gem_Fragmented"],"picked":"Guardian:PolyBeam","floor":26},{"not_picked":["Guardian:Gem_Cyan","Guardian:Gem_Lightblue"],"picked":"Guardian:Gem_Green","floor":28},{"not_picked":["Guardian:Gem_Cyan","Guardian:Gem_Lightblue"],"picked":"Guardian:Gem_Red","floor":28},{"not_picked":["Guardian:Planning","Guardian:Gem_Red"],"picked":"Guardian:RefractedBeam","floor":28},{"not_picked":["Guardian:Gem_Cyan","Guardian:Gem_Lightblue"],"picked":"Guardian:Gem_Red","floor":30},{"not_picked":["Guardian:Gem_Lightblue","Guardian:Gem_Cyan"],"picked":"Guardian:Gem_Green","floor":30},{"not_picked":["Guardian:FloatingOrbs","Guardian:PolyBeam+1"],"picked":"Guardian:ChargeUp","floor":30},{"not_picked":["Guardian:Gem_Lightblue","Guardian:Gem_Cyan"],"picked":"Guardian:Gem_Red","floor":31},{"not_picked":["Guardian:Harden","Guardian:SentryBeam"],"picked":"Guardian:GuardianWhirl+1","floor":31},{"not_picked":["Guardian:Gem_Lightblue","Guardian:Gem_Green"],"picked":"Guardian:Gem_Red","floor":32},{"not_picked":["Guardian:Gem_Lightblue","Guardian:Gem_Cyan"],"picked":"Guardian:Gem_Green","floor":32},{"not_picked":["Guardian:PrimingBeam","Guardian:Gem_Yellow"],"picked":"Guardian:WalkerClaw","floor":32},{"not_picked":["Guardian:Gem_Green","Guardian:Gem_Cyan"],"picked":"Guardian:Gem_Red","floor":33},{"not_picked":["Guardian:Gem_Cyan","Guardian:Gem_Lightblue"],"picked":"Guardian:Gem_Green","floor":33},{"not_picked":["Guardian:AncientConstruct","Guardian:GemFire"],"picked":"Guardian:SphericShield","floor":33},{"not_picked":["Guardian:Gem_Lightblue","Guardian:FloatingOrbs"],"picked":"Guardian:Harden","floor":36},{"not_picked":["Guardian:PiercingHide","Guardian:PrimingBeam+1"],"picked":"Guardian:CrystalBeam+1","floor":38},{"not_picked":["Guardian:Gem_Cyan","Guardian:PrimingBeam"],"picked":"Guardian:VentSteam+1","floor":40},{"not_picked":["Guardian:Suspension+1","Guardian:TemporalStrike+1"],"picked":"Guardian:ConstructionForm","floor":42},{"not_picked":["Guardian:Gem_Cyan","Guardian:Gem_Green"],"picked":"Guardian:Gem_Red","floor":43},{"not_picked":["Guardian:Gem_Cyan","Guardian:Gem_Lightblue"],"picked":"Guardian:Gem_Red","floor":43},{"not_picked":["Guardian:Reroute","Guardian:BronzeArmor"],"picked":"Guardian:HyperBeam_Guardian","floor":43},{"not_picked":["Guardian:CrystalBeam+1","Guardian:Gem_Fragmented"],"picked":"Guardian:ChargeUp+1","floor":45},{"not_picked":["Guardian:Gem_Red","Guardian:PrimingBeam"],"picked":"Guardian:Incinerate+1","floor":48},{"not_picked":["Guardian:Emergency","Guardian:VentSteam+1"],"picked":"Guardian:Planning+1","floor":49}],"player_experience":965087,"relics_obtained":[{"floor":7,"key":"hexamod:CandleOfCauterizing"},{"floor":8,"key":"Lizard Tail"},{"floor":10,"key":"Bag of Marbles"},{"floor":13,"key":"Oddly Smooth Stone"},{"floor":19,"key":"Gambling Chip"},{"floor":19,"key":"Bottled Lightning"},{"floor":26,"key":"Art of War"},{"floor":30,"key":"Darkstone Periapt"},{"floor":38,"key":"CaptainsWheel"},{"floor":39,"key":"Pear"},{"floor":40,"key":"Ice Cream"},{"floor":41,"key":"Anchor"},{"floor":43,"key":"Frozen Egg 2"},{"floor":48,"key":"Happy Flower"}],"event_choices":[{"damage_healed":0,"gold_gain":0,"player_choice":"Fight","damage_taken":0,"max_hp_gain":0,"max_hp_loss":0,"event_name":"Mysterious Sphere","floor":38,"gold_loss":0}],"is_beta":false,"boss_relics":[{"not_picked":["Sozu","Busted Crown"],"picked":"Tiny House"},{"not_picked":["Runic Pyramid","Black Star"],"picked":"Guardian:ModeShifterPlus"}],"items_purged_floors":[45],"is_endless":false,"potions_floor_spawned":[2,4,10,13,21,26,32,38,40,42],"killed_by":"IC_BLOCK_ARCHETYPE","ascension_level":2}}