{"host":"srk2drlvga69hbot","time":1611641841,"event":{"mods":["BaseMod","Bestiary","Block Reminder","Colored Map","Colored Powertips","Dark Map","DeckTracker","Downfall","Highlight Path","Minty Spire (QoL Compilation)","Quick Restart","Rare Cards Sparkle","Relic Stats","StSLib","SuperFastMode","Unceasing Turn Reminder"],"gold_per_floor":[112,112,128,28,39,39,39,39],"floor_reached":7,"language":"ZHS","playtime":250,"items_purged":["Strike_R"],"score":64,"play_id":"832b5727-5483-4c81-9d9c-6944eefa5b7f","local_time":"20210126141721","is_ascension_mode":true,"campfire_choices":[{"floor":6,"key":"REST"}],"circlet_count":0,"master_deck":["AscendersBane","Strike_R","Strike_R","Strike_R","Defend_R","Defend_R","Defend_R","Defend_R","Bash","Body Slam","Rage","Shrug It Off"],"relics":["Burning Blood","Ginger"],"acts_visited":["Exordium"],"potions_floor_usage":[7],"damage_taken":[{"damage":14,"enemies":"2 Louse","floor":1,"turns":2},{"damage":10,"enemies":"Cultist","floor":3,"turns":5},{"damage":3,"enemies":"Jaw Worm","floor":5,"turns":5},{"damage":66,"enemies":"Lagavulin","floor":7,"turns":9}],"seed_played":"-5836809063898650399","potions_obtained":[{"floor":3,"key":"Fire Potion"}],"is_trial":false,"path_per_floor":["M","?","M","$","M","R","E"],"character_chosen":"IRONCLAD","items_purchased":["Shrug It Off"],"campfire_rested":1,"item_purchase_floors":[4],"current_hp_per_floor":[43,43,39,39,42,66,0,0],"gold":39,"neow_bonus":"ONE_RARE_RELIC","is_daily":false,"chose_seed":false,"campfire_upgraded":0,"win_rate":0.0,"timestamp":1611641841,"path_taken":["M","?","M","$","M","R","E"],"items_purchased_type":["Card"],"build_version":"2020-12-22","purchased_purges":1,"victory":false,"max_hp_per_floor":[80,80,80,80,80,80,80,80],"relic_stats":{"counters":[4,21],"Ginger":[0],"obtain_stats":[{"Ginger":0,"Burning Blood":0},{"Ginger":0,"Burning Blood":0},{"Ginger":0,"Burning Blood":0}],"Burning Blood":18},"card_choices":[{"not_picked":["Pommel Strike","Clash"],"picked":"Body Slam","floor":1},{"not_picked":["Havoc","Twin Strike"],"picked":"Rage","floor":3},{"not_picked":["Rage","True Grit","Headbutt"],"picked":"SKIP","floor":5}],"player_experience":283565,"relics_obtained":[],"event_choices":[{"cards_removed":["Strike_R"],"damage_healed":0,"gold_gain":0,"player_choice":"Purged","damage_taken":0,"max_hp_gain":0,"max_hp_loss":0,"event_name":"Purifier","floor":2,"gold_loss":0}],"is_beta":false,"boss_relics":[],"items_purged_floors":[4],"is_endless":false,"potions_floor_spawned":[3],"killed_by":"Lagavulin","ascension_level":11}}