{"host":"skr63qsdfgeey3it","time":1611648526,"event":{"mods":["BaseMod","Colored Map","Hubris","Minty Spire (QoL Compilation)","Replay The Spire","Spicy Shops","StSLib"],"gold_per_floor":[38,38,105,105,163,163,201,236,262,262,19,54,54,97,97,199,199,211,211,253,28,71,71,71,71],"floor_reached":24,"language":"ENG","playtime":731,"items_purged":["Strike_G"],"score":365,"play_id":"015aec07-97f5-4154-86ef-a0cbf411e6d9","local_time":"20210126020846","is_ascension_mode":true,"campfire_choices":[{"data":"HandOfGreed","floor":6,"key":"SMITH"},{"floor":10,"key":"REST"},{"floor":15,"key":"REST"},{"floor":23,"key":"REST"}],"circlet_count":0,"master_deck":["AscendersBane","Strike_G","Strike_G","Strike_G","Strike_G","Defend_G","Defend_G","Defend_G","Defend_G","Survivor","Neutralize","HandOfGreed+1","Escape Plan","Deadly Poison","ReplayTheSpireMod:From All Sides+1","Underhanded Strike","Backflip","Escape Plan","Phantasmal Killer","Heel Hook+1"],"relics":["Ring of the Snake","Pen Nib","Nunchaku","Chemical X","Sozu","Strange Spoon"],"acts_visited":["Exordium","TheCity"],"potions_floor_usage":[8,14,16],"damage_taken":[{"damage":0,"enemies":"Cultist","floor":1,"turns":3},{"damage":5,"enemies":"Small Slimes","floor":5,"turns":3},{"damage":1,"enemies":"Jaw Worm","floor":7,"turns":6},{"damage":27,"enemies":"Lagavulin","floor":8,"turns":6},{"damage":9,"enemies":"Blue Slaver","floor":12,"turns":3},{"damage":0,"enemies":"3 Louse","floor":14,"turns":2},{"damage":43,"enemies":"Slime Boss","floor":16,"turns":9},{"damage":0,"enemies":"Spheric Guardian","floor":18,"turns":3},{"damage":9,"enemies":"2 Thieves","floor":20,"turns":2},{"damage":32,"enemies":"Shelled Parasite and Fungi","floor":22,"turns":4},{"damage":39,"enemies":"Slavers","floor":24,"turns":3}],"seed_played":"-6559610836104453068","potions_obtained":[{"floor":5,"key":"Block Potion"},{"floor":8,"key":"LiquidBronze"},{"floor":14,"key":"Strength Potion"}],"is_trial":false,"path_per_floor":["M","$","?","?","M","R","M","E","T","R","$","M","?","M","R","B",null,"M","?","M","$","M","R","E"],"character_chosen":"THE_SILENT","items_purchased":["Chemical X","Underhanded Strike","Backflip","Strange Spoon"],"campfire_rested":3,"item_purchase_floors":[11,11,11,21],"current_hp_per_floor":[63,63,63,63,58,58,57,30,30,51,51,42,42,42,63,20,58,58,58,49,49,17,38,0,0],"gold":71,"neow_bonus":"RANDOM_COLORLESS_2","is_daily":false,"chose_seed":false,"campfire_upgraded":1,"win_rate":0.0,"timestamp":1611648526,"path_taken":["M","?","?","?","?","R","M","E","T","R","$","M","?","M","R","BOSS","M","?","M","$","?","R","E"],"items_purchased_type":["Relic","Card","Card","Relic"],"build_version":"2020-12-22","purchased_purges":1,"victory":false,"max_hp_per_floor":[70,70,70,70,70,70,70,70,70,70,70,70,70,70,70,70,70,70,70,70,70,70,70,70,70],"card_choices":[{"not_picked":["Midas Touch","Poisoned Strike"],"picked":"HandOfGreed","floor":0},{"not_picked":["Dagger Spray","Heel Hook","Slice"],"picked":"SKIP","floor":1},{"not_picked":["Slice","Hidden Blade"],"picked":"Escape Plan","floor":5},{"not_picked":["Deflect","Finisher"],"picked":"Deadly Poison","floor":7},{"not_picked":["Backflip","Acrobatics"],"picked":"ReplayTheSpireMod:From All Sides","floor":8},{"not_picked":["hubris:SlightOfHand","ReplayTheSpireMod:Scrap Shanks"],"picked":"Escape Plan","floor":12},{"not_picked":["ReplayTheSpireMod:The Works","Slice","ReplayTheSpireMod:Shiv Toss"],"picked":"SKIP","floor":14},{"not_picked":["Malaise","Grand Finale"],"picked":"Phantasmal Killer","floor":16},{"not_picked":["ReplayTheSpireMod:Shiv Toss+1","Cloak And Dagger","Slice"],"picked":"SKIP","floor":18},{"not_picked":["Skewer","ReplayTheSpireMod:Speed Training"],"picked":"Heel Hook+1","floor":20},{"not_picked":["Sucker Punch","Cloak And Dagger","Hidden Blade"],"picked":"SKIP","floor":22}],"player_experience":805639,"relics_obtained":[{"floor":8,"key":"Pen Nib"},{"floor":9,"key":"Nunchaku"}],"event_choices":[{"damage_healed":0,"gold_gain":67,"player_choice":"Gained Gold","damage_taken":0,"max_hp_gain":0,"max_hp_loss":0,"event_name":"Golden Wing","floor":3,"gold_loss":0},{"damage_healed":0,"gold_gain":0,"player_choice":"Upgraded","damage_taken":0,"max_hp_gain":0,"max_hp_loss":0,"event_name":"Upgrade Shrine","floor":19,"gold_loss":0,"cards_upgraded":["ReplayTheSpireMod:From All Sides"]}],"is_beta":false,"boss_relics":[{"not_picked":["Ectoplasm","Velvet Choker"],"picked":"Sozu"}],"items_purged_floors":[21],"is_endless":false,"potions_floor_spawned":[5,8,14],"killed_by":"Slavers","ascension_level":13}}