{"host":"l84l8xigz5v5foa2","time":1611653352,"event":{"mods":["2.2 Compatiblity","AchievementEnabler","BaseMod","Better Note","Better Vampires","Card Filter","Colored Map","DeckTracker","Downfall","Gremlin Skip","Highlight Path","Keyboard Shortcuts","Minty Spire (QoL Compilation)","Permanent Neow","Quick Restart","Relic Filter","Relic Stats","StSLib","SuperFastMode","Transform Curses","Unknown Chances"],"gold_per_floor":[99,118,118,28,28,38,38,55,55,55,55,67,67,84,98,172,172,172,183,118,118,25,54,77,77,77,77,96,108,137,137,157,157,157,157],"floor_reached":33,"language":"ENG","playtime":1394,"items_purged":["hexamod:Strike","hexamod:Strike"],"score":600,"play_id":"ed08f34b-f8a3-43b7-81d9-85e371fc829e","local_time":"20210126182912","is_ascension_mode":true,"campfire_choices":[{"data":"hexamod:Float","floor":1.0,"key":"SMITH"},{"data":"Enlightenment","floor":10.0,"key":"SMITH"},{"data":"hexamod:ShieldOfDarkness","floor":13.0,"key":"SMITH"},{"data":"hexamod:AdvancingGuard","floor":18,"key":"SMITH"},{"data":"hexamod:Rewind","floor":25,"key":"SMITH"},{"data":"hexamod:GhostOfSpirePast","floor":27,"key":"SMITH"}],"circlet_count":0,"master_deck":["AscendersBane","hexamod:Defend","hexamod:Defend","hexamod:Defend","hexamod:Sear","hexamod:Float+1","Enlightenment+1","hexamod:SuperheatedStrike","hexamod:HeatCrush","hexamod:ShieldOfDarkness+1","hexamod:StepThrough","hexamod:SwordOfDarkness","hexamod:AdvancingGuard+1","hexamod:SwordOfDarkness","hexamod:Toasty","hexamod:GhostOfSpirePast+1","hexamod:NightmareGuise","Bite","hexamod:InspiringFlames","hexamod:Rewind+1","Enlightenment+1","hexamod:ShieldOfDarkness","hexamod:RadiantFlame","hexamod:NightmareGuise"],"relics":["hexamod:SpiritBrand","downfall:ShatteredFragment","hexamod:BolsterEngine","Smiling Mask","Blood Vial","Coffee Dripper","Regal Pillow","Pen Nib","Ancient Tea Set"],"acts_visited":["Exordium","TheCity"],"potions_floor_usage":[16,16,29,29,33],"damage_taken":[{"damage":0.0,"enemies":"Cultist","floor":2.0,"turns":3.0},{"damage":0.0,"enemies":"downfall:FleeingMerchant","floor":4.0,"turns":4.0},{"damage":0.0,"enemies":"2 Louse","floor":6.0,"turns":2.0},{"damage":0.0,"enemies":"Small Slimes","floor":8.0,"turns":1.0},{"damage":0.0,"enemies":"2 Fungi Beasts","floor":12.0,"turns":3.0},{"damage":0.0,"enemies":"3 Louse","floor":14.0,"turns":3.0},{"damage":0.0,"enemies":"Gremlin Gang","floor":15.0,"turns":3.0},{"damage":34,"enemies":"WA_ARCHETYPE_RETAIN","floor":16,"turns":9},{"damage":1,"enemies":"Spheric Guardian","floor":19,"turns":4},{"damage":5,"enemies":"downfall:FleeingMerchant","floor":20,"turns":4},{"damage":0,"enemies":"downfall:FleeingMerchant","floor":22,"turns":4},{"damage":40,"enemies":"Slavers","floor":23,"turns":8},{"damage":0,"enemies":"3 Byrds","floor":28,"turns":4},{"damage":12,"enemies":"Cultist and Chosen","floor":29,"turns":6},{"damage":2,"enemies":"Gremlin Leader","floor":30,"turns":5},{"damage":3,"enemies":"Snake Plant","floor":32,"turns":3},{"damage":19,"enemies":"DF_ARCHETYPE_CLAW","floor":33,"turns":8}],"seed_played":"2272166612897262008","potions_obtained":[{"floor":12.0,"key":"GamblersBrew"},{"floor":14.0,"key":"Strength Potion"},{"floor":15.0,"key":"DistilledChaos"},{"floor":23,"key":"Guardian:BlockOnCardUsePotion"},{"floor":28,"key":"DistilledChaos"},{"floor":29,"key":"DuplicationPotion"},{"floor":32,"key":"BlessingOfTheForge"}],"is_trial":false,"path_per_floor":["R","M","?","$","?","M","T","M","?","R","T","M","R","M","M","B",null,"R","M","$","?","$","E","T","R","?","R","M","M","E","?","M","B"],"character_chosen":"THE_SPIRIT","items_purchased":["hexamod:Rewind"],"campfire_rested":0,"item_purchase_floors":[22],"current_hp_per_floor":[57,57,57,57,36,36,36,36,31,31,31,33,33,35,37,5,49,49,50,47,47,51,13,13,13,13,13,17,9,11,11,13,0,0,0],"gold":157,"neow_bonus":"RANDOM_COLORLESS","is_daily":false,"chose_seed":false,"campfire_upgraded":6,"win_rate":0.0,"timestamp":1611653352,"path_taken":["R","M","?","$","?","M","T","M","?","R","?","M","R","M","M","BOSS","R","M","$","?","$","E","T","R","?","R","M","?","E","?","M","BOSS"],"items_purchased_type":["Card"],"build_version":"2020-12-22","purchased_purges":2,"victory":false,"max_hp_per_floor":[63,63,63,63,63,63,63,63,63,63,63,63,63,63,63,63,63,63,63,63,59,59,59,59,59,59,59,59,59,59,59,59,59,59,59],"relic_stats":{"Blood Vial":26,"Regal Pillow":0,"counters":[17,74],"Pen Nib":[6],"Smiling Mask":50,"obtain_stats":[{"Blood Vial":11,"Regal Pillow":23,"downfall:ShatteredFragment":5,"Pen Nib":24,"Coffee Dripper":17,"hexamod:BolsterEngine":7,"Smiling Mask":9,"Ancient Tea Set":30,"hexamod:SpiritBrand":0},{"Blood Vial":4,"Regal Pillow":12,"downfall:ShatteredFragment":2,"Pen Nib":12,"Coffee Dripper":8,"hexamod:BolsterEngine":3,"Smiling Mask":4,"Ancient Tea Set":15,"hexamod:SpiritBrand":0},{"Blood Vial":10,"Regal Pillow":48,"downfall:ShatteredFragment":7,"Pen Nib":48,"Coffee Dripper":28,"hexamod:BolsterEngine":9,"Smiling Mask":10,"Ancient Tea Set":63,"hexamod:SpiritBrand":0}]},"card_choices":[{"not_picked":["Impatience","Purity"],"picked":"Enlightenment","floor":0.0},{"not_picked":["hexamod:HeatMetal","hexamod:GhostShield"],"picked":"hexamod:SuperheatedStrike","floor":2.0},{"not_picked":["hexamod:GhostflameBarrier","hexamod:NecessarySacrifice"],"picked":"hexamod:HeatCrush","floor":4.0},{"not_picked":["hexamod:SuperheatedStrike","hexamod:Rewind"],"picked":"hexamod:ShieldOfDarkness","floor":6.0},{"not_picked":["hexamod:PhantomFireball","hexamod:SuperheatedStrike"],"picked":"hexamod:StepThrough","floor":8.0},{"not_picked":["hexamod:SpectersWail","hexamod:FlamesFromBeyond"],"picked":"hexamod:SwordOfDarkness","floor":12.0},{"not_picked":["hexamod:SpectralSpark","hexamod:GhostLash"],"picked":"hexamod:AdvancingGuard","floor":14.0},{"not_picked":["hexamod:SuperheatedStrike","hexamod:SecondSeal"],"picked":"hexamod:SwordOfDarkness","floor":15.0},{"not_picked":["hexamod:ApocalypticArmor","hexamod:TimeOfNeed"],"picked":"hexamod:Toasty","floor":16},{"not_picked":["hexamod:FourthSeal","hexamod:SpectralSpark"],"picked":"hexamod:GhostOfSpirePast","floor":19},{"not_picked":["hexamod:NightmareStrike","hexamod:FlamesFromBeyond+1"],"picked":"hexamod:NightmareGuise","floor":20},{"not_picked":["hexamod:PhantomCloak","hexamod:BacktrackSmack"],"picked":"hexamod:InspiringFlames","floor":22},{"not_picked":["hexamod:SwordOfDarkness","hexamod:SuperheatedStrike","hexamod:ParanormalForm"],"picked":"SKIP","floor":23},{"not_picked":["hexamod:NightmareStrike+1","hexamod:AdvancingGuard","hexamod:HauntingEcho"],"picked":"SKIP","floor":28},{"not_picked":["hexamod:GhostShield","hexamod:GhostflameInferno"],"picked":"hexamod:ShieldOfDarkness","floor":29},{"not_picked":["hexamod:FlamesFromBeyond","hexamod:ThirdSeal"],"picked":"hexamod:RadiantFlame","floor":30},{"not_picked":["hexamod:GhostLash","hexamod:FastForward"],"picked":"hexamod:NightmareGuise","floor":32}],"player_experience":3420477,"relics_obtained":[{"floor":7.0,"key":"hexamod:BolsterEngine"},{"floor":11.0,"key":"Blood Vial"},{"floor":23,"key":"Regal Pillow"},{"floor":24,"key":"Pen Nib"},{"floor":30,"key":"Ancient Tea Set"}],"event_choices":[{"damage_healed":0.0,"max_hp_gain":0.0,"max_hp_loss":0.0,"gold_gain":0.0,"event_name":"Scrap Ooze","player_choice":"Success","floor":9.0,"gold_loss":0.0,"damage_taken":5.0,"relics_obtained":["Smiling Mask"]},{"damage_healed":0,"gold_gain":0,"player_choice":"Became a vampire","damage_taken":0,"max_hp_gain":0,"max_hp_loss":4,"event_name":"Vampires","floor":21,"gold_loss":0,"cards_obtained":["Bite"]}],"is_beta":false,"boss_relics":[{"not_picked":["expansioncontent:StudyCardRelic","Fusion Hammer"],"picked":"Coffee Dripper"}],"items_purged_floors":[4,20],"is_endless":false,"potions_floor_spawned":[12,14,15,23,28,29,32],"killed_by":"DF_ARCHETYPE_CLAW","ascension_level":20}}