{"host":"jkgg7n5hn1slsm35","time":1611656313,"event":{"mods":["Aspiration","BaseMod","BetterRewards","Conspire","Googly Eyes","Gremlin Skip","Halation","Highlight Path","Hubris","Infinite Spire","Minty Spire (QoL Compilation)","Permanent Neow","StSLib","SuperFastMode"],"gold_per_floor":[111,129,129,57,72,72,101,101,101,121,196,196,213,213,213,317,317,337,252,265,33,46,79,79,95,122,149,149,182,182,201,201,301,301,311,311,255,267,267,295,295,327,327,355,375,385,385,413,413,413,413],"floor_reached":50,"language":"ENG","playtime":1300,"items_purged":[],"score":743,"play_id":"12dc6fa7-ec6c-43fa-842c-919f7d3013e4","local_time":"20210126111833","daily_mods":["SealedDeck","Heirloom","Time Dilation","DeadlyEvents","Elite Swarm"],"is_ascension_mode":false,"campfire_choices":[{"data":"Noxious Fumes","floor":6,"key":"SMITH"},{"data":"Noxious Fumes","floor":8,"key":"SMITH"},{"data":"Caltrops","floor":12,"key":"SMITH"},{"floor":15,"key":"REST"},{"data":"1","floor":24,"key":"LIFT"},{"floor":28,"key":"REST"},{"data":"2","floor":30,"key":"LIFT"},{"data":"3","floor":32,"key":"LIFT"},{"data":"After Image","floor":41,"key":"SMITH"},{"floor":47,"key":"REST"},{"floor":49,"key":"REST"}],"circlet_count":0,"master_deck":["Flying Knee","Masterful Stab","Dodge and Roll","Dagger Spray","Dagger Spray","Noxious Fumes+1","Poisoned Stab","Deflect","Deflect","Noxious Fumes+1","Blur","Caltrops+1","Blur","Escape Plan","After Image+1","Catalyst","Poisoned Stab+1","Iron Wave","infinitespire:Neurotoxin","Rage"],"relics":["Ring of the Snake","infinitespire:Golems Mask","conspire:Boomerang","infinitespire:Satchel","Busted Crown","Girya","Lee\u0027s Waffle","The Courier","infinitespire:Beetle Shell","halation:AfternoonTea","Vajra","aspiration:IroncladSkillbook","halation:EternalFortune","Strawberry","infinitespire:Bottled Soul","Smiling Mask","Matryoshka","Du-Vu Doll"],"acts_visited":["Exordium","TheCity","TheBeyond"],"potions_floor_usage":[27,27,29,48],"damage_taken":[{"damage":0,"enemies":"Jaw Worm","floor":1,"turns":1},{"damage":0,"enemies":"Small Slimes","floor":2,"turns":2},{"damage":0,"enemies":"2 Louse","floor":5,"turns":2},{"damage":15,"enemies":"Lagavulin","floor":7,"turns":4},{"damage":9,"enemies":"Red Slaver","floor":10,"turns":3},{"damage":11,"enemies":"2 Fungi Beasts","floor":13,"turns":2},{"damage":0,"enemies":"Slime Boss","floor":16,"turns":6},{"damage":0,"enemies":"3 Byrds","floor":18,"turns":2},{"damage":0,"enemies":"Spheric Guardian","floor":20,"turns":3},{"damage":0,"enemies":"3 Cultists","floor":22,"turns":3},{"damage":4,"enemies":"Gremlin Leader","floor":23,"turns":4},{"damage":16,"enemies":"Snake Plant","floor":25,"turns":3},{"damage":23,"enemies":"Slavers","floor":27,"turns":2},{"damage":0,"enemies":"Nightmare","floor":29,"turns":7},{"damage":0,"enemies":"Centurion and Healer","floor":31,"turns":2},{"damage":3,"enemies":"Collector","floor":33,"turns":6},{"damage":0,"enemies":"3 Darklings","floor":35,"turns":2},{"damage":9,"enemies":"3 Shapes","floor":38,"turns":3},{"damage":14,"enemies":"Giant Head","floor":40,"turns":7},{"damage":40,"enemies":"Nemesis","floor":42,"turns":5},{"damage":0,"enemies":"Reptomancer","floor":44,"turns":4},{"damage":22,"enemies":"Jaw Worm Horde","floor":45,"turns":3},{"damage":3,"enemies":"4 Shapes","floor":46,"turns":4},{"damage":36,"enemies":"Nemesis","floor":48,"turns":5},{"damage":92,"enemies":"conspire:OrnateMirror","floor":50,"turns":6}],"seed_played":"-4422242982135174941","potions_obtained":[{"floor":2,"key":"PowerPotion"},{"floor":5,"key":"GamblersBrew"},{"floor":10,"key":"Energy Potion"},{"floor":29,"key":"FearPotion"},{"floor":31,"key":"LiquidBronze"},{"floor":45,"key":"AttackPotion"},{"floor":48,"key":"SpeedPotion"}],"is_trial":true,"path_per_floor":["M","M","?","$","M","R","E","R","T","M","?","R","M","$","R","B",null,"M","?","M","$","M","E","R","M","T","E","R","NM","R","M","R","B",null,"M","?","$","M","?","E","R","E","T","E","M","M","R","E","R","B"],"character_chosen":"THE_SILENT","items_purchased":["Caltrops","Escape Plan","Lee\u0027s Waffle","Catalyst"],"campfire_rested":4,"item_purchase_floors":[4,21,21,37],"current_hp_per_floor":[70,70,70,70,70,70,55,55,55,46,46,46,35,35,56,56,70,70,70,70,77,77,73,73,57,57,34,57,72,72,72,72,69,77,77,80,80,75,75,72,72,39,39,43,25,26,53,35,62,0,0],"gold":413,"neow_bonus":"","is_daily":false,"chose_seed":false,"campfire_upgraded":4,"win_rate":0.0,"timestamp":1611656313,"path_taken":["M","M","?","$","M","R","E","R","T","M","?","R","M","$","R","BOSS","M","?","M","$","M","E","R","M","T","E","R","NM","R","?","R","BOSS","M","?","$","M","?","E","R","E","T","E","M","?","R","?","R","BOSS"],"items_purchased_type":["Card","Card","Relic","Card"],"build_version":"2020-12-22","purchased_purges":0,"victory":false,"max_hp_per_floor":[70,70,70,70,70,70,70,70,70,70,70,70,70,70,70,70,70,70,70,70,77,77,77,77,77,77,77,77,77,77,77,77,77,77,77,80,80,80,80,87,87,90,90,90,90,90,90,90,90,90,90],"card_choices":[{"not_picked":["Dagger Spray","Acrobatics","Flying Knee"],"picked":"SKIP","floor":1},{"not_picked":["Outmaneuver","Bouncing Flask"],"picked":"Blur","floor":2},{"not_picked":["Bane","Well Laid Plans","Cloak And Dagger"],"picked":"SKIP","floor":5},{"not_picked":["Corpse Explosion","Die Die Die","A Thousand Cuts"],"picked":"SKIP","floor":7},{"not_picked":["Quick Slash","Dodge and Roll","Prepared"],"picked":"SKIP","floor":10},{"not_picked":["hubris:Sniper","hubris:Counter"],"picked":"Blur","floor":13},{"not_picked":["Tactician"],"picked":"SKIP","floor":18},{"not_picked":["conspire:PoisonWeapons"],"picked":"SKIP","floor":20},{"not_picked":["Dagger Throw"],"picked":"SKIP","floor":22},{"not_picked":["Night Terror"],"picked":"SKIP","floor":23},{"not_picked":["Dagger Throw"],"picked":"SKIP","floor":25},{"not_picked":[],"picked":"After Image","floor":27},{"not_picked":["Grand Finale"],"picked":"SKIP","floor":29},{"not_picked":["Distraction+1"],"picked":"SKIP","floor":31},{"not_picked":["Blade Dance+1","True Grit+1"],"picked":"SKIP","floor":35},{"not_picked":["Cloak And Dagger"],"picked":"Poisoned Stab+1","floor":38},{"not_picked":["Reaper","A Thousand Cuts"],"picked":"SKIP","floor":40},{"not_picked":["Die Die Die","Brutality"],"picked":"SKIP","floor":42},{"not_picked":["Storm of Steel"],"picked":"infinitespire:Neurotoxin","floor":44},{"not_picked":["Havoc","Pommel Strike+1"],"picked":"SKIP","floor":45},{"not_picked":["Bane+1"],"picked":"Rage","floor":46},{"not_picked":["Berserk","conspire:HitWhereItHurts"],"picked":"SKIP","floor":48}],"player_experience":1852031,"relics_obtained":[{"floor":7,"key":"conspire:Boomerang"},{"floor":9,"key":"infinitespire:Satchel"},{"floor":23,"key":"The Courier"},{"floor":26,"key":"infinitespire:Beetle Shell"},{"floor":27,"key":"halation:AfternoonTea"},{"floor":29,"key":"Vajra"},{"floor":40,"key":"Strawberry"},{"floor":42,"key":"halation:EternalFortune"},{"floor":42,"key":"infinitespire:Bottled Soul"},{"floor":43,"key":"Smiling Mask"},{"floor":44,"key":"Matryoshka"},{"floor":48,"key":"Du-Vu Doll"}],"event_choices":[{"damage_healed":0,"gold_gain":75,"player_choice":"Gained Gold","damage_taken":0,"max_hp_gain":0,"max_hp_loss":0,"event_name":"Golden Wing","floor":11,"gold_loss":0},{"damage_healed":0,"gold_gain":0,"player_choice":"Obtained Relic","damage_taken":0,"relics_obtained":["Girya"],"max_hp_gain":0,"max_hp_loss":0,"event_name":"Addict","floor":19,"gold_loss":85}],"is_beta":false,"boss_relics":[{"not_picked":["aspiration:FutureDiary","halation:HeavySnake"],"picked":"Busted Crown"},{"not_picked":["hubris:CrackedHourglass","hubris:Stopwatch"],"picked":"aspiration:IroncladSkillbook"}],"items_purged_floors":[],"is_endless":true,"potions_floor_spawned":[2,5,10,16,22,29,31,45,48],"killed_by":"conspire:OrnateMirror","ascension_level":0}}