{"host":"u1da1lc0tpe6m2ba","time":1611663672,"event":{"mods":["AchievementEnabler","Act Like it!","BaseMod","BetterRewards","Card Forge","Colored Powertips","Gensokyo","Infinite Spire","Koishi","Marisa????????","Minty Spire (QoL Compilation)","Permanent Neow","Remilia??????","Shop Mod","StSLib","SuperFastMode","The Cursed","The Servant 0.9.4"],"gold_per_floor":[112,122,122,197,273,308,308,339,339,368,387,397,397,1522,1522,1619,1619,1639,1659,1659,1659,1675,1701,1717,1776,1776,1792,1823,1823,1834,1834,1834,1964,1964,1978,1978,0,0,3053,3110,3110,2586,2610,2610,1218,1235,1251,1307,1307,1307,1307,1307,529,562,578],"floor_reached":56,"language":"ENG","playtime":2282,"items_purged":[],"score":1739,"play_id":"e298afde-7db3-4dde-a05a-ddbf585c0323","local_time":"20210126122112","is_ascension_mode":true,"campfire_choices":[{"floor":7.0,"key":"REST"},{"floor":15.0,"key":"RECALL"},{"floor":29.0,"key":"REST"},{"floor":32.0,"key":"REST"},{"floor":41,"key":"REST"},{"floor":49,"key":"REST"},{"floor":52,"key":"REST"}],"circlet_count":0,"master_deck":["Strike_MRS+1","Strike_MRS+1","Strike_MRS+1","Defend_MRS+1","Defend_MRS+1","Defend_MRS+1","Defend_MRS+1","MasterSpark+1","UpSweep+1","BlazingStar+1","SporeBomb+1","WitchLeyline+1","JA+1","StarBarrage+1","ManaRampage+1","PowerUp+1","EnergyFlow+1","FairyDestructionRay+1","Sadistic Nature+1","Dramatic Entrance+1","EscapeVelocity+1","BlazeAway+1","MillisecondPulsars+1","AlicesGift+1","NonDirectionalLaser+1","Pride","ShootTheMoon+1","GalacticHalo+1","WitchOfGreed+1","LuminesStrike+1","GasGiant+1","StarlightTyphoon+1","WitchLeyline+1","IllusionStar+1","CollectingQuirk+1","SprinkleStarSeal+1","Enlightenment+1","Madness+1","Trip+1","Madness+1","Madness+1","6A+1","DC+1","infinitespire:SevenWalls+1","Flash of Steel+1","Flash of Steel+1","Finesse+1","UnstableBomb+1","PulseMagic+1","FairyDestructionRay+1","PowerUp+1","BlazeAway+1","Transmutation+1","Bandage Up+1","Mind Blast+1","Good Instincts+1","ShootingEcho+1"],"relics":["MiniHakkero","Hammer of Thor","Seething Fire","Anvil of the Gods","Molten Egg 2","Frozen Egg 2","Toxic Egg 2","Ice Cream","Blue Candle","Blood Vial","Black Star","Oddly Smooth Stone","Bronze Scales","Gremlin Horn","Anchor","Membership Card","AmplifyWand","ExperimentalFamiliar","GreatHeart","InkBottle","infinitespire:EmpoweringShard","infinitespire:FocusingShard","Pear","The Courier","Mummified Hand","Strawberry","Philosopher\u0027s Stone","Red Mask","StoneCalendar","HornCleat","infinitespire:Satchel","infinitespire:Joker Card","Lee\u0027s Waffle","Boot","Prayer Wheel","infinitespire:Midas Blood","Ancient Tea Set","Pantograph","MagicBroom","Mercury Hourglass","Omamori","Potion Belt","AntiCross","infinitespire:ShieldingShard","Ornamental Fan","Singing Bowl","Bird Faced Urn","Question Card","infinitespire:Golems Mask","Happy Flower","Centennial Puzzle","Strange Spoon","Orichalcum","Nunchaku","infinitespire:Beetle Shell","ShroomBag","infinitespire:WardingShard","War Paint"],"acts_visited":["Exordium","TheCity","TheBeyond","TheEnding"],"potions_floor_usage":[48,48],"damage_taken":[{"damage":1.0,"enemies":"Cultist","floor":1.0,"turns":3.0},{"damage":2.0,"enemies":"Small Slimes","floor":2.0,"turns":3.0},{"damage":0.0,"enemies":"Lagavulin","floor":6.0,"turns":2.0},{"damage":2.0,"enemies":"3 Sentries","floor":8.0,"turns":2.0},{"damage":2.0,"enemies":"Gremlin Nob","floor":10.0,"turns":2.0},{"damage":0.0,"enemies":"2 Louse","floor":11.0,"turns":1.0},{"damage":0.0,"enemies":"Lots of Slimes","floor":12.0,"turns":1.0},{"damage":0.0,"enemies":"The Guardian","floor":16.0,"turns":2.0},{"damage":0.0,"enemies":"Chosen","floor":18.0,"turns":2.0},{"damage":0.0,"enemies":"Spheric Guardian","floor":19.0,"turns":1.0},{"damage":1.0,"enemies":"Snecko","floor":22.0,"turns":2.0},{"damage":9.0,"enemies":"Slavers","floor":23.0,"turns":2.0},{"damage":0.0,"enemies":"Snake Plant","floor":24.0,"turns":1.0},{"damage":0.0,"enemies":"Book of Stabbing","floor":25.0,"turns":3.0},{"damage":0.0,"enemies":"3 Cultists","floor":27.0,"turns":2.0},{"damage":4.0,"enemies":"Slavers","floor":28.0,"turns":2.0},{"damage":0.0,"enemies":"Shelled Parasite and Fungi","floor":30.0,"turns":2.0},{"damage":16.0,"enemies":"Collector","floor":33.0,"turns":5.0},{"damage":0,"enemies":"Orb Walker","floor":35,"turns":2},{"damage":15,"enemies":"2 Orb Walkers","floor":39,"turns":3},{"damage":4,"enemies":"Giant Head","floor":40,"turns":4},{"damage":0,"enemies":"3 Shapes","floor":46,"turns":2},{"damage":0,"enemies":"Jaw Worm Horde","floor":47,"turns":1},{"damage":110,"enemies":"Nightmare","floor":48,"turns":5},{"damage":0,"enemies":"Awakened One","floor":50,"turns":3},{"damage":0,"enemies":"Shield and Spear","floor":54,"turns":2},{"damage":13,"enemies":"The Heart","floor":55,"turns":3}],"seed_played":"-4723730970081002063","potions_obtained":[{"floor":11.0,"key":"SteroidPotion"},{"floor":12.0,"key":"ColorlessPotion"},{"floor":16.0,"key":"FearPotion"},{"floor":24.0,"key":"Swift Potion"},{"floor":25.0,"key":"EssenceOfSteel"},{"floor":33.0,"key":"Strength Potion"},{"floor":46,"key":"FairyPotion"},{"floor":48,"key":"StarNLove"}],"is_trial":false,"path_per_floor":["M","M","?","?","?","E","R","E","T","E","M","M","T","$","R","B",null,"M","M","?","?","M","E","M","E","T","M","E","R","M","?","R","B",null,"M","?","?","?","?","E","R","?","T","T","$","M","M","NM","R","B",null,"R","$","E","B",null],"character_chosen":"MARISA","items_purchased":["Anchor","Sadistic Nature+1","Dramatic Entrance+1","EscapeVelocity+1","Membership Card","AmplifyWand","BlazeAway+1","Lee\u0027s Waffle","Boot","Prayer Wheel","infinitespire:Midas Blood","Ancient Tea Set","Pantograph","MagicBroom","Mercury Hourglass","Omamori","Potion Belt","AntiCross","infinitespire:ShieldingShard","Ornamental Fan","Singing Bowl","Flash of Steel+1","Flash of Steel+1","Finesse+1","Swift Potion","Explosive Potion","infinitespire:Golems Mask","Happy Flower","Centennial Puzzle","Strange Spoon","Orichalcum","Nunchaku","infinitespire:Beetle Shell","ShroomBag","Transmutation+1","Bandage Up+1","Mind Blast+1","Good Instincts+1","ColorlessPotion","Energy Potion"],"campfire_rested":6,"item_purchase_floors":[14,14,14,14,14,14,14,45,45,45,45,45,45,45,45,45,45,45,45,45,45,45,45,45,45,45,53,53,53,53,53,53,53,53,53,53,53,53,53,53],"current_hp_per_floor":[74,72,72,61,61,61,75,73,73,73,75,75,75,75,75,75,75,75,75,75,75,74,66,68,80,80,82,87,92,92,92,92,76,92,92,82,82,70,57,55,82,82,82,82,99,99,99,29,58,89,99,99,99,99,90],"gold":578,"neow_bonus":"ONE_RANDOM_RARE_CARD","is_daily":false,"chose_seed":false,"campfire_upgraded":0,"win_rate":0.0,"timestamp":1611663672,"path_taken":["M","?","?","?","?","E","R","E","T","E","M","M","?","$","R","BOSS","M","?","?","?","M","E","M","E","T","?","E","R","M","?","R","BOSS","M","?","?","?","?","E","R","?","T","?","$","M","?","NM","R","BOSS","R","$","E","BOSS"],"items_purchased_type":["Relic","Card","Card","Card","Relic","Relic","Card","Relic","Relic","Relic","Relic","Relic","Relic","Relic","Relic","Relic","Relic","Relic","Relic","Relic","Relic","Card","Card","Card","Potion","Potion","Relic","Relic","Relic","Relic","Relic","Relic","Relic","Relic","Card","Card","Card","Card","Potion","Potion"],"build_version":"2020-12-22","purchased_purges":0,"victory":true,"max_hp_per_floor":[75,75,75,75,75,75,75,75,75,75,75,75,75,75,75,75,75,75,75,75,75,75,75,75,85,85,85,92,92,92,92,92,92,92,92,92,92,92,92,92,92,92,92,92,99,99,99,99,99,99,99,99,99,99,99],"card_choices":[{"not_picked":["WitchLeyline","GalacticHalo"],"picked":"SporeBomb","floor":1.0},{"not_picked":["OrrerysSun+1","GrandCross+1"],"picked":"WitchLeyline+1","floor":2.0},{"not_picked":["UltimateShortwave+1","Acceleration+1"],"picked":"StarBarrage+1","floor":6.0},{"not_picked":["StarlightTyphoon+1","GrandCross+1"],"picked":"ManaRampage+1","floor":8.0},{"not_picked":["PropBag+1","DC+1"],"picked":"PowerUp+1","floor":10.0},{"not_picked":["SporeBomb+1","EventHorizon+1"],"picked":"EnergyFlow+1","floor":11.0},{"not_picked":["SporeBomb+1","GalacticHalo+1"],"picked":"FairyDestructionRay+1","floor":12.0},{"not_picked":["ManaRampage+1","BinaryStars+1"],"picked":"MillisecondPulsars+1","floor":16.0},{"not_picked":["BlazeAway+1","PropBag+1"],"picked":"AlicesGift+1","floor":18.0},{"not_picked":["ManaConvection+1","LuminesStrike+1"],"picked":"NonDirectionalLaser+1","floor":19.0},{"not_picked":["WitchLeyline+1","GalacticHalo+1"],"picked":"ShootTheMoon+1","floor":22.0},{"not_picked":["LuminesStrike+1","SporeBomb+1"],"picked":"GalacticHalo+1","floor":23.0},{"not_picked":["FairyDestructionRay+1","AlicesGift+1"],"picked":"WitchOfGreed+1","floor":24.0},{"not_picked":["MysteriousBeam+1","OneTimeOff+1"],"picked":"LuminesStrike+1","floor":25.0},{"not_picked":["GalacticHalo+1","GrandCross+1"],"picked":"GasGiant+1","floor":27.0},{"not_picked":["RefractionSpark+1","LuminesStrike+1"],"picked":"StarlightTyphoon+1","floor":28.0},{"not_picked":["Occultation+1","Acceleration+1"],"picked":"WitchLeyline+1","floor":30.0},{"not_picked":["MillisecondPulsars+1","JA+1"],"picked":"CollectingQuirk+1","floor":33.0},{"not_picked":["MysteriousBeam+1","Orbital+1"],"picked":"SprinkleStarSeal+1","floor":35},{"not_picked":["Deep Breath+1","Discovery+1"],"picked":"Enlightenment+1","floor":36},{"not_picked":["Dark Shackles+1","Secret Technique+1"],"picked":"Madness+1","floor":36},{"not_picked":["Master of Strategy+1","Dramatic Entrance+1"],"picked":"Trip+1","floor":36},{"not_picked":["ShootingEcho+1","AsteroidBelt+1"],"picked":"6A+1","floor":39},{"not_picked":["LuminesStrike+1","WitchOfGreed+1"],"picked":"DC+1","floor":40},{"not_picked":["infinitespire:SealOfDarkness+","infinitespire:Collect"],"picked":"infinitespire:SevenWalls","floor":42},{"not_picked":["Occultation+1","6A+1"],"picked":"UnstableBomb+1","floor":46},{"not_picked":["ShootingEcho+1","MagicChant+1"],"picked":"PulseMagic+1","floor":46},{"not_picked":["GalacticHalo+1","IllusionStar+1"],"picked":"FairyDestructionRay+1","floor":47},{"not_picked":["DoubleSpark+1","MillisecondPulsars+1"],"picked":"PowerUp+1","floor":47},{"not_picked":["StarDustReverie+1","LuminesStrike+1"],"picked":"BlazeAway+1","floor":48},{"not_picked":["IllusionStar+1","DC+1","Robbery+1"],"picked":"ShootingEcho+1","floor":54}],"player_experience":162954,"relics_obtained":[{"floor":6.0,"key":"Blue Candle"},{"floor":8.0,"key":"Blood Vial"},{"floor":10.0,"key":"Oddly Smooth Stone"},{"floor":10.0,"key":"Bronze Scales"},{"floor":13.0,"key":"Gremlin Horn"},{"floor":23.0,"key":"InkBottle"},{"floor":23.0,"key":"infinitespire:EmpoweringShard"},{"floor":25.0,"key":"infinitespire:FocusingShard"},{"floor":25.0,"key":"Pear"},{"floor":26.0,"key":"The Courier"},{"floor":28.0,"key":"Mummified Hand"},{"floor":28.0,"key":"Strawberry"},{"floor":39,"key":"StoneCalendar"},{"floor":40,"key":"HornCleat"},{"floor":43,"key":"infinitespire:Satchel"},{"floor":44,"key":"infinitespire:Joker Card"},{"floor":48,"key":"Bird Faced Urn"},{"floor":48,"key":"Question Card"},{"floor":54,"key":"infinitespire:WardingShard"},{"floor":54,"key":"War Paint"}],"event_choices":[{"damage_healed":0.0,"max_hp_gain":0.0,"max_hp_loss":0.0,"gold_gain":0.0,"cards_transformed":["Strike_MRS"],"event_name":"Living Wall","player_choice":"Change","floor":3.0,"gold_loss":0.0,"damage_taken":0.0,"cards_obtained":["JA"]},{"damage_healed":0.0,"max_hp_gain":0.0,"max_hp_loss":0.0,"gold_gain":75.0,"event_name":"World of Goop","player_choice":"Gather Gold","floor":4.0,"gold_loss":0.0,"damage_taken":11.0},{"damage_healed":0.0,"max_hp_gain":0.0,"max_hp_loss":0.0,"gold_gain":76.0,"event_name":"Golden Wing","player_choice":"Gained Gold","floor":5.0,"gold_loss":0.0,"damage_taken":0.0},{"damage_healed":0.0,"max_hp_gain":0.0,"max_hp_loss":0.0,"gold_gain":0.0,"event_name":"Beggar","player_choice":"Ignored","floor":21.0,"gold_loss":0.0,"damage_taken":0.0},{"damage_healed":0.0,"max_hp_gain":0.0,"max_hp_loss":0.0,"gold_gain":0.0,"event_name":"The Library","player_choice":"Read","floor":31.0,"gold_loss":0.0,"damage_taken":0.0,"cards_obtained":["IllusionStar"]},{"damage_healed":0,"gold_gain":0,"player_choice":"Memory 3","damage_taken":10,"max_hp_gain":0,"max_hp_loss":0,"event_name":"SensoryStone","floor":36,"gold_loss":0},{"damage_healed":0,"gold_gain":0,"player_choice":"Paid","damage_taken":0,"relics_obtained":["Red Mask"],"max_hp_gain":0,"max_hp_loss":0,"event_name":"Tomb of Lord Red Mask","floor":37,"gold_loss":1978},{"damage_healed":0,"gold_gain":0,"player_choice":"Embrace Madness","damage_taken":12,"max_hp_gain":0,"max_hp_loss":0,"event_name":"Winding Halls","floor":38,"gold_loss":0,"cards_obtained":["Madness","Madness"]},{"damage_healed":0,"gold_gain":0,"player_choice":"Fight","damage_taken":0,"max_hp_gain":0,"max_hp_loss":0,"event_name":"Mysterious Sphere","floor":39,"gold_loss":0}],"is_beta":false,"boss_relics":[{"not_picked":["Pandora\u0027s Box","Black Star"],"picked":"ExperimentalFamiliar"},{"not_picked":["Runic Pyramid","SacredBark"],"picked":"Philosopher\u0027s Stone"}],"items_purged_floors":[],"is_endless":false,"potions_floor_spawned":[11,12,16,18,24,25,27,46,48],"ascension_level":1}}