{"host":"5ezk7t18wcb10u1o","time":1611625428,"event":{"mods":["BaseMod","Bestiary","Colored Powertips","Minty Spire (QoL Compilation)","Relic Sorter"],"gold_per_floor":[111,124,144,69,88,88,106,106,133,147,165,165,165,183,183,260,260,272,9,28,47,47,47,58,58,82,82,82,82,82],"floor_reached":29,"language":"ENG","playtime":5016,"items_purged":["Strike_B","Shame"],"score":463,"play_id":"c55fa05b-9204-41ba-a1bb-a2d36b1ebf6a","local_time":"20210126014348","is_ascension_mode":true,"campfire_choices":[{"data":"Reinforced Body","floor":6,"key":"SMITH"},{"data":"Dualcast","floor":8,"key":"SMITH"},{"floor":12,"key":"REST"},{"data":"Go for the Eyes","floor":15,"key":"SMITH"},{"floor":23,"key":"REST"},{"floor":25,"key":"REST"}],"circlet_count":0,"master_deck":["AscendersBane","Defend_B","Defend_B","Defend_B","Defend_B","Zap","Dualcast+1","Go for the Eyes+1","Conserve Battery","FTL","Reinforced Body+1","Beam Cell","Cold Snap","Auto Shields","Seek","Streamline","Machine Learning","Go for the Eyes","Reinforced Body","Defragment","Decay","Bite","Bite","Bite","Bite","Bite"],"relics":["Cracked Core","Ancient Tea Set","Nuclear Battery","MealTicket","Art of War"],"acts_visited":["Exordium","TheCity"],"potions_floor_usage":[7,10,11,16,20],"damage_taken":[{"damage":1,"enemies":"Cultist","floor":1,"turns":3},{"damage":2,"enemies":"Jaw Worm","floor":2,"turns":3},{"damage":6,"enemies":"2 Louse","floor":3,"turns":3},{"damage":2,"enemies":"Blue Slaver","floor":5,"turns":3},{"damage":5,"enemies":"3 Louse","floor":7,"turns":5},{"damage":12,"enemies":"Exordium Wildlife","floor":10,"turns":3},{"damage":0,"enemies":"Gremlin Gang","floor":11,"turns":3},{"damage":0,"enemies":"Large Slime","floor":14,"turns":6},{"damage":49,"enemies":"Hexaghost","floor":16,"turns":15},{"damage":13,"enemies":"Chosen","floor":18,"turns":5},{"damage":20,"enemies":"Shell Parasite","floor":20,"turns":6},{"damage":14,"enemies":"Snake Plant","floor":21,"turns":7},{"damage":48,"enemies":"Centurion and Healer","floor":24,"turns":16},{"damage":51,"enemies":"Gremlin Leader","floor":29,"turns":6}],"seed_played":"-2734355963449335085","potions_obtained":[{"floor":2,"key":"Swift Potion"},{"floor":5,"key":"PowerPotion"},{"floor":7,"key":"Strength Potion"},{"floor":10,"key":"FocusPotion"},{"floor":18,"key":"EssenceOfDarkness"}],"is_trial":false,"path_per_floor":["M","M","M","$","M","R","M","R","T","M","M","R","?","M","R","B",null,"M","$","M","M","$","R","M","R","T","?","?","E"],"character_chosen":"DEFECT","items_purchased":["MealTicket"],"campfire_rested":3,"item_purchase_floors":[19],"current_hp_per_floor":[70,68,62,62,60,60,55,55,55,43,43,66,66,66,66,17,63,50,50,30,16,31,54,6,29,29,29,29,0,0],"gold":82,"neow_bonus":"TEN_PERCENT_HP_BONUS","is_daily":false,"chose_seed":false,"campfire_upgraded":3,"win_rate":0.0,"timestamp":1611625428,"path_taken":["M","M","M","$","M","R","?","R","T","M","M","R","?","M","R","BOSS","M","$","M","M","?","R","M","R","T","?","?","E"],"items_purchased_type":["Relic"],"build_version":"2020-12-22","purchased_purges":2,"victory":false,"max_hp_per_floor":[78,78,78,78,78,78,78,78,78,78,78,78,78,78,78,78,78,78,78,78,78,78,78,78,78,78,78,54,54,54],"card_choices":[{"not_picked":["Storm","Leap"],"picked":"Go for the Eyes","floor":1},{"not_picked":["Gash","Skim"],"picked":"Conserve Battery","floor":2},{"not_picked":["Rip and Tear","White Noise"],"picked":"FTL","floor":3},{"not_picked":["Leap","Coolheaded"],"picked":"Reinforced Body","floor":5},{"not_picked":["Capacitor","Blizzard"],"picked":"Beam Cell","floor":7},{"not_picked":["Blizzard","Redo"],"picked":"Cold Snap","floor":10},{"not_picked":["Echo Form","Coolheaded"],"picked":"Auto Shields","floor":11},{"not_picked":["Coolheaded","Rebound"],"picked":"Streamline","floor":14},{"not_picked":["Hyperbeam","Biased Cognition"],"picked":"Machine Learning","floor":16},{"not_picked":["Darkness","Barrage"],"picked":"Go for the Eyes","floor":18},{"not_picked":["Genetic Algorithm","Tempest"],"picked":"Reinforced Body","floor":20},{"not_picked":["Rip and Tear","Barrage","Turbo"],"picked":"SKIP","floor":21},{"not_picked":["Coolheaded","Echo Form"],"picked":"Defragment","floor":24}],"player_experience":1172425,"relics_obtained":[{"floor":9,"key":"Ancient Tea Set"},{"floor":26,"key":"Art of War"}],"event_choices":[{"damage_healed":0,"gold_gain":0,"player_choice":"2 cards matched","damage_taken":0,"max_hp_gain":0,"max_hp_loss":0,"event_name":"Match and Keep!","floor":13,"gold_loss":0,"cards_obtained":["Seek","Shame"]},{"damage_healed":0,"gold_gain":0,"player_choice":"Smashed Altar","damage_taken":0,"max_hp_gain":0,"max_hp_loss":0,"event_name":"Forgotten Altar","floor":27,"gold_loss":0,"cards_obtained":["Decay"]},{"damage_healed":0,"gold_gain":0,"player_choice":"Became a vampire","damage_taken":0,"max_hp_gain":0,"max_hp_loss":24,"event_name":"Vampires","floor":28,"gold_loss":0,"cards_obtained":["Bite","Bite","Bite","Bite","Bite"]}],"is_beta":false,"boss_relics":[{"not_picked":["Velvet Choker","SacredBark"],"picked":"Nuclear Battery"}],"items_purged_floors":[4,19],"is_endless":false,"potions_floor_spawned":[2,5,7,10,18],"killed_by":"Gremlin Leader","ascension_level":20}}