{"host":"l4jj3li0klahglqo","time":1611632468,"event":{"mods":["BaseMod","Conspire","Hubris","Infinite Spire","Minty Spire (QoL Compilation)","Quick Restart","Replay The Spire","Shop Mod","StSLib","The Animator"],"gold_per_floor":[119,119,136,136,152,202,220,263,342,368,108,117,151,169,169,276,403,422,422,422,235,261,292,301,320,344,344,344],"floor_reached":27,"language":"ENG","playtime":1240,"items_purged":[],"score":391,"play_id":"3b16e927-46b3-4f0a-8f00-e5471b24be7f","local_time":"20210125214108","is_ascension_mode":true,"campfire_choices":[{"floor":15,"key":"REST"},{"floor":24,"key":"REST"}],"circlet_count":0,"master_deck":["Strike_P+1","Strike_P","Strike_P","Strike_P","Eruption","Vigilance+1","Blasphemy","Conclude","FlyingSleeves","Consecrate","Prostrate","Pray","DevaForm","Prostrate","Discovery","JustLucky","JustLucky","Replay:Battleflow","animator:Bozes","Replay:Bootleg Shield Generator","ForeignInfluence","Hyperbeam","Wireheading+1","Wireheading+1","Prostrate+1","animator:Emonzaemon","Consecrate","animator:Cirno+1","animator:Witch","animator:Cocytus+1"],"relics":["PureWater","hubris:TenFootPole","CeramicFish","PrismaticShard","Damaru","Replay:Grab Bag","Fusion Hammer","Replay:Wanted Poster","Astrolabe","Replay:Ringing Soul","Dream Catcher","Molten Egg 2","Replay:Mystery Machine"],"acts_visited":["Exordium","TheCity"],"potions_floor_usage":[6,6,13,16,18,23,25,27],"damage_taken":[{"damage":0,"enemies":"Small Slimes","floor":1,"turns":2},{"damage":0,"enemies":"Cultist","floor":3,"turns":2},{"damage":0,"enemies":"2 Louse","floor":5,"turns":1},{"damage":0,"enemies":"Gremlin Nob","floor":6,"turns":3},{"damage":4,"enemies":"Blue Slaver","floor":7,"turns":2},{"damage":16,"enemies":"Replay:BlueRogue","floor":8,"turns":6},{"damage":2,"enemies":"Looter","floor":10,"turns":2},{"damage":0,"enemies":"Gremlin Nob","floor":13,"turns":2},{"damage":12,"enemies":"Fading Forest","floor":16,"turns":11},{"damage":7,"enemies":"2 Thieves","floor":18,"turns":2},{"damage":32,"enemies":"3 Byrds","floor":22,"turns":3},{"damage":30,"enemies":"Gremlin Leader","floor":23,"turns":2},{"damage":0,"enemies":"Centurion and Healer","floor":25,"turns":3},{"damage":42,"enemies":"Shelled Parasite and Fungi","floor":27,"turns":2}],"seed_played":"-6044308938354094310","potions_obtained":[{"floor":1,"key":"Flashbang"},{"floor":5,"key":"ColorlessPotion"},{"floor":8,"key":"DistilledChaos"},{"floor":13,"key":"Energy Potion"},{"floor":23,"key":"Cursed Concoction"},{"floor":25,"key":"Regen Potion"}],"is_trial":false,"path_per_floor":["M","?","M","?","M","E","M","E","T","M","$","?","E","?","R","B",null,"M","T","?","$","M","E","R","M","T","M"],"character_chosen":"WATCHER","items_purchased":["Discovery","PrismaticShard","JustLucky","Dream Catcher","Consecrate"],"campfire_rested":2,"item_purchase_floors":[11,11,11,21,21],"current_hp_per_floor":[65,65,65,51,51,51,47,31,31,29,29,29,29,29,50,38,64,57,57,57,60,31,1,27,30,30,0,0],"gold":344,"neow_bonus":"ONE_RANDOM_RARE_CARD","is_daily":false,"chose_seed":false,"campfire_upgraded":0,"win_rate":0.0,"timestamp":1611632468,"path_taken":["M","?","?","?","M","E","M","E","T","M","$","?","E","?","R","BOSS","M","?","?","$","M","E","R","M","T","M"],"items_purchased_type":["Card","Relic","Card","Relic","Card"],"build_version":"2020-12-22","purchased_purges":0,"victory":false,"max_hp_per_floor":[72,72,72,72,72,72,72,72,72,72,72,72,72,72,72,72,72,72,72,72,75,78,78,81,84,84,84,84],"card_choices":[{"not_picked":["SashWhip","JustLucky"],"picked":"Conclude","floor":1},{"not_picked":["PathToVictory","Replay:BluntJabs"],"picked":"FlyingSleeves","floor":3},{"not_picked":["Halt","CutThroughFate"],"picked":"Consecrate","floor":5},{"not_picked":["Replay:Cycle","ThirdEye"],"picked":"Prostrate","floor":6},{"not_picked":["FlyingSleeves","CrushJoints"],"picked":"Pray","floor":7},{"not_picked":["TalkToTheHand","FlyingSleeves"],"picked":"DevaForm","floor":8},{"not_picked":["FlurryOfBlows","ThirdEye"],"picked":"Prostrate","floor":10},{"not_picked":["ClearTheMind","Pommel Strike"],"picked":"animator:Bozes","floor":13},{"not_picked":["Bludgeon","DeusExMachina"],"picked":"Hyperbeam","floor":16},{"not_picked":["SandsOfTime","Specialist"],"picked":"animator:Emonzaemon","floor":18},{"not_picked":["Compile Driver","EmptyBody"],"picked":"animator:Cirno+1","floor":22},{"not_picked":["Shrug It Off","Deadly Poison","animator:Shuna"],"picked":"SKIP","floor":23},{"not_picked":["animator:Shigure+1","Redo"],"picked":"animator:Witch","floor":24},{"not_picked":["Underhanded Strike+1","Tempest"],"picked":"animator:Cocytus+1","floor":25}],"player_experience":1187734,"relics_obtained":[{"floor":6,"key":"hubris:TenFootPole"},{"floor":8,"key":"CeramicFish"},{"floor":13,"key":"Damaru"},{"floor":19,"key":"Replay:Ringing Soul"},{"floor":23,"key":"Molten Egg 2"},{"floor":26,"key":"Replay:Mystery Machine"}],"event_choices":[{"cards_removed":["Defend_P"],"damage_healed":0,"gold_gain":0,"player_choice":"Offered Basic","damage_taken":0,"max_hp_gain":0,"max_hp_loss":0,"event_name":"Bonfire Elementals","floor":2,"gold_loss":0},{"damage_healed":0,"gold_gain":0,"player_choice":"Entered Light","damage_taken":14,"max_hp_gain":0,"max_hp_loss":0,"event_name":"Shining Light","floor":4,"gold_loss":0,"cards_upgraded":["Strike_P","Vigilance"]},{"damage_healed":0,"gold_gain":0,"player_choice":"2 cards matched","damage_taken":0,"max_hp_gain":0,"max_hp_loss":0,"event_name":"Match and Keep!","floor":14,"gold_loss":0,"cards_obtained":["Replay:Bootleg Shield Generator","ForeignInfluence"]}],"is_beta":false,"boss_relics":[{"not_picked":["hubris:TerracottaHorce","Calling Bell"],"picked":"Replay:Grab Bag"},{"not_picked":["conspire:SlowCooker","Busted Crown"],"picked":"Fusion Hammer"},{"not_picked":["conspire:SeveredTorchhead","Velvet Choker"],"picked":"Replay:Wanted Poster"},{"not_picked":["Snecko Eye","hubris:Stopwatch"],"picked":"Astrolabe"}],"items_purged_floors":[],"is_endless":false,"potions_floor_spawned":[1,5,8,13,23,25],"killed_by":"Shelled Parasite and Fungi","ascension_level":6}}