{"host":"mhr97lg0mj90r8b2","time":1611679532,"event":{"mods":["BaseMod","Minty Spire (QoL Compilation)","Quick Restart","Reimu£®≤©¿ˆ¡È√Œ£©","Remilia£®¿Ÿ√◊¿Ú—«£©","StSLib","The Servant 0.9.4"],"gold_per_floor":[110,129,146,156,156,156,9,19,19,44,59,91,105,131,131,131,131],"floor_reached":16,"language":"ZHS","playtime":926,"items_purged":["Strike_P"],"score":130,"play_id":"bf4e8ebd-43d9-4282-9d18-b692ca995c43","local_time":"20210127004532","is_ascension_mode":true,"campfire_choices":[{"data":"Eruption","floor":6,"key":"SMITH"},{"data":"ForeignInfluence","floor":15,"key":"SMITH"}],"circlet_count":0,"master_deck":["Strike_P","Strike_P","Defend_P","Defend_P+1","Defend_P","Defend_P","Eruption+1","Vigilance+1","ThirdEye","CutThroughFate","Adaptation","BattleHymn","LessonLearned","EmptyBody+1","Meditate+1","InnerPeace","BowlingBash","ForeignInfluence+1","Judgement"],"relics":["Velvet Choker","InkBottle","White Beast Statue","Vajra"],"acts_visited":["Exordium"],"potions_floor_usage":[4],"damage_taken":[{"damage":0,"enemies":"2 Louse","floor":1,"turns":2},{"damage":1,"enemies":"Jaw Worm","floor":2,"turns":4},{"damage":0,"enemies":"Small Slimes","floor":3,"turns":2},{"damage":4,"enemies":"3 Louse","floor":4,"turns":4},{"damage":1,"enemies":"Large Slime","floor":8,"turns":3},{"damage":6,"enemies":"3 Sentries","floor":10,"turns":6},{"damage":0,"enemies":"Looter","floor":11,"turns":3},{"damage":11,"enemies":"Lagavulin","floor":12,"turns":10},{"damage":0,"enemies":"2 Fungi Beasts","floor":13,"turns":2},{"damage":12,"enemies":"Gremlin Nob","floor":14,"turns":4},{"damage":40,"enemies":"The Guardian","floor":16,"turns":4}],"seed_played":"4649180402894102332","potions_obtained":[{"floor":4,"key":"Fruit Juice"},{"floor":10,"key":"PowerPotion"},{"floor":11,"key":"Energy Potion"},{"floor":12,"key":"CultistPotion"}],"is_trial":false,"path_per_floor":["M","M","M","M","?","R","$","M","T","E","M","E","M","E","R","B"],"character_chosen":"WATCHER","items_purchased":["LessonLearned"],"campfire_rested":0,"item_purchase_floors":[7],"current_hp_per_floor":[72,71,71,72,65,65,65,64,64,58,58,47,47,35,35,0,0],"gold":131,"neow_bonus":"BOSS_RELIC","is_daily":false,"chose_seed":false,"campfire_upgraded":2,"win_rate":0.0,"timestamp":1611679532,"path_taken":["M","M","M","M","?","R","$","M","T","E","M","E","M","E","R","BOSS"],"items_purchased_type":["Card"],"build_version":"2020-12-22","purchased_purges":1,"victory":false,"max_hp_per_floor":[72,72,72,77,77,77,77,77,77,77,77,77,77,77,77,77,77],"card_choices":[{"not_picked":["JustLucky","Halt"],"picked":"ThirdEye","floor":1},{"not_picked":["Prostrate","EmptyBody"],"picked":"CutThroughFate","floor":2},{"not_picked":["Wireheading","Pray"],"picked":"Adaptation","floor":3},{"not_picked":["EmptyFist","SashWhip"],"picked":"BattleHymn","floor":4},{"not_picked":["FlyingSleeves","Consecrate"],"picked":"EmptyBody","floor":8},{"not_picked":["Evaluate","Protect"],"picked":"Meditate","floor":10},{"not_picked":["SashWhip","Indignation"],"picked":"InnerPeace","floor":11},{"not_picked":["Perseverance","InnerPeace"],"picked":"BowlingBash","floor":12},{"not_picked":["CutThroughFate","WaveOfTheHand"],"picked":"ForeignInfluence","floor":13},{"not_picked":["ThirdEye","BowlingBash"],"picked":"Judgement","floor":14}],"player_experience":137782,"relics_obtained":[{"floor":9,"key":"InkBottle"},{"floor":10,"key":"White Beast Statue"},{"floor":12,"key":"Vajra"}],"event_choices":[{"cards_removed":["Strike_P"],"damage_healed":0,"gold_gain":0,"player_choice":"Card Removal","damage_taken":7,"max_hp_gain":0,"max_hp_loss":0,"event_name":"Golden Wing","floor":5,"gold_loss":0}],"is_beta":false,"boss_relics":[],"items_purged_floors":[7],"is_endless":false,"potions_floor_spawned":[4,10,11,12,13,14],"killed_by":"The Guardian","ascension_level":1}}