{"host":"d61fcf2p3sjwe6yo","time":1611660289,"event":{"mods":["AchievementEnabler","BaseMod","Colored Map","Downfall","Minty Spire (QoL Compilation)","StSLib","SuperFastMode"],"gold_per_floor":[99,112,112,129,129,29,52,80,65,65,65,65],"floor_reached":10,"language":"ENG","playtime":309,"items_purged":[],"score":102,"play_id":"9b0f1222-78fe-436c-8f66-a9af7fadf188","local_time":"20210126142449","is_ascension_mode":true,"campfire_choices":[{"floor":1,"key":"RECALL"},{"data":"hexamod:Float","floor":6,"key":"SMITH"}],"circlet_count":0,"master_deck":["AscendersBane","hexamod:Strike","hexamod:Strike","hexamod:Strike","hexamod:Defend","hexamod:Defend","hexamod:Defend","hexamod:Sear","hexamod:Float+1","hexamod:SpectersWail","hexamod:FirstSeal","hexamod:ApocalypticArmor","hexamod:SpectersWail"],"relics":["hexamod:SpiritBrand","Juzu Bracelet","downfall:HeartBlessingRed","Pen Nib","StrikeDummy"],"acts_visited":["Exordium"],"potions_floor_usage":[8],"damage_taken":[{"damage":2,"enemies":"Small Slimes","floor":2,"turns":3},{"damage":7,"enemies":"Jaw Worm","floor":4,"turns":3},{"damage":39,"enemies":"Gremlin Nob","floor":8,"turns":5},{"damage":5,"enemies":"downfall:FleeingMerchant","floor":9,"turns":4},{"damage":15,"enemies":"3 Sentries","floor":10,"turns":2}],"seed_played":"201236612017506683","potions_obtained":[{"floor":4,"key":"Energy Potion"}],"is_trial":false,"path_per_floor":["R","M","?","M","?","R","T","E","$","E"],"character_chosen":"THE_SPIRIT","items_purchased":[],"campfire_rested":0,"item_purchase_floors":[],"current_hp_per_floor":[63,61,49,42,42,42,42,10,12,0,0,0],"gold":65,"neow_bonus":"REMOVE_CARD","is_daily":false,"chose_seed":false,"campfire_upgraded":1,"win_rate":0.0,"timestamp":1611660289,"path_taken":["R","M","?","M","?","R","T","E","?","E"],"items_purchased_type":[],"build_version":"2020-12-22","purchased_purges":0,"victory":false,"max_hp_per_floor":[70,70,70,70,70,70,70,70,70,70,70,70],"card_choices":[{"not_picked":["hexamod:ThermalTransfer","hexamod:Incineration"],"picked":"hexamod:SpectersWail","floor":2},{"not_picked":["hexamod:EmpoweredFlame","hexamod:SpectralSpark"],"picked":"hexamod:FirstSeal","floor":4},{"not_picked":["hexamod:ThermalTransfer","hexamod:ChargedBarrage"],"picked":"hexamod:ApocalypticArmor","floor":8},{"not_picked":["hexamod:Haunt","hexamod:SpectralSpark"],"picked":"hexamod:SpectersWail","floor":9}],"player_experience":710706,"relics_obtained":[{"floor":7,"key":"Pen Nib"},{"floor":8,"key":"StrikeDummy"}],"event_choices":[{"damage_healed":0,"gold_gain":0,"player_choice":"Success","damage_taken":12,"relics_obtained":["Juzu Bracelet"],"max_hp_gain":0,"max_hp_loss":0,"event_name":"Scrap Ooze","floor":3,"gold_loss":0}],"is_beta":false,"boss_relics":[],"items_purged_floors":[],"is_endless":false,"potions_floor_spawned":[4],"killed_by":"3 Sentries","ascension_level":12}}