{"host":"lxihx0b6awoz2w1j","time":1611687688,"event":{"mods":["Act Like it!","Ascension Reborn","BaseMod","Better Third Choice","BetterRewards","CapriCore","Colored Powertips","Conspire","Downfall","Fox Events","Gensokyo","Hermit","Hubris","Infinite Spire","JesterMod","Luminous","Marisa????????","Melee Mod","Minty Spire (QoL Compilation)","Permanent Neow","Prisma Mod","Quick Restart","Relic Stats","Reliquary","Replay The Spire","Shade Mod","Spicy Shops","StSLib","Td1madao Mod","The Alterego","The Blue Laboratory","The Construct","The Cursed","The Death Knight","The Disciple","The Forsaken","The Gatherer","The Immortal","The Jungle","The Marked","The Mystic","The Runesmith","The Senshi","The Servant 0.9.4","The Spell Scribe","Waifu the Spire"],"gold_per_floor":[119,135,149,163,180,215,215,241,267,267,277,277,311,321,321,321,321],"floor_reached":16,"language":"ENG","playtime":808,"items_purged":[],"score":149,"play_id":"1f4e639a-545b-4a0f-aa5c-b3d27fdc08bb","local_time":"20210126200128","is_ascension_mode":false,"campfire_choices":[{"data":"DeathKnight:IcyTouch","floor":7.0,"key":"SMITH"},{"floor":10.0,"key":"REST"},{"data":"DeathKnight:BludPresence","floor":15.0,"key":"SMITH"}],"circlet_count":0,"master_deck":["DeathKnight:Strike_DeathKnight","DeathKnight:Strike_DeathKnight","DeathKnight:Strike_DeathKnight","DeathKnight:Strike_DeathKnight+1","DeathKnight:Strike_DeathKnight","DeathKnight:Defend_DeathKnight+1","DeathKnight:Defend_DeathKnight","DeathKnight:Defend_DeathKnight","DeathKnight:Defend_DeathKnight","DeathKnight:Defend_DeathKnight","DeathKnight:RuneTap","DeathKnight:IcyTouch+1","DeathKnight:Marrowrend","DeathKnight:Contagion","DeathKnight:Contagion","DeathKnight:WraithWalk","DeathKnight:ThirstingStrike","DeathKnight:BloodStrike","DeathKnight:GargoyleSkin","DeathKnight:IceboundArmor","DeathKnight:PathOfFrost","DeathKnight:PlagueStrike","DeathKnight:RaiseAlly","DeathKnight:Hysteria","DeathKnight:BludPresence+1"],"relics":["DeathKnight:BrokenRuneblade","reliquary:Buckler","Pet Ghost","DeathKnight:ScourgePlagueSample","infinitespire:Joker Card","reliquary:RoseTintedGlasses","Centennial Puzzle","ReplayTheSpireMod:Lightbulb"],"acts_visited":["Exordium"],"potions_floor_usage":[],"damage_taken":[{"damage":0.0,"enemies":"Small Slimes","floor":1.0,"turns":3.0},{"damage":1.0,"enemies":"Cultist","floor":2.0,"turns":3.0},{"damage":0.0,"enemies":"Jaw Worm","floor":3.0,"turns":2.0},{"damage":3.0,"enemies":"2 Fungi Beasts","floor":4.0,"turns":3.0},{"damage":1.0,"enemies":"Red Slaver","floor":5.0,"turns":4.0},{"damage":0.0,"enemies":"Lagavulin","floor":6.0,"turns":8.0},{"damage":19.0,"enemies":"Gremlin Nob","floor":8.0,"turns":4.0},{"damage":6.0,"enemies":"Exordium Wildlife","floor":11.0,"turns":2.0},{"damage":1.0,"enemies":"Lagavulin","floor":13.0,"turns":5.0},{"damage":9.0,"enemies":"Large Slime","floor":14.0,"turns":5.0},{"damage":0,"enemies":"The Guardian","floor":16,"turns":1}],"seed_played":"-1200179582542218356","potions_obtained":[{"floor":1.0,"key":"Fire Potion"},{"floor":4.0,"key":"sneckomod:MuddlingPotion"},{"floor":5.0,"key":"blueLaboratory:StoneskinPotion"}],"is_trial":false,"path_per_floor":["M","M","M","M","M","E","R","E","T","R","M","?","E","M","R","B"],"character_chosen":"DEATH_KNIGHT","items_purchased":["DeathKnight:IcyTouch","DeathKnight:Marrowrend","reliquary:Buckler","Pet Ghost","DeathKnight:Contagion","DeathKnight:ScourgePlagueSample"],"campfire_rested":1,"item_purchase_floors":[0,0,0,0,0,0],"current_hp_per_floor":[67,66,66,63,62,62,62,43,43,65,59,59,58,49,49,49,49],"gold":321,"neow_bonus":"","is_daily":false,"chose_seed":false,"campfire_upgraded":2,"win_rate":0.0,"timestamp":1611687688,"path_taken":["M","M","M","M","M","E","R","E","T","R","M","?","E","?","R","BOSS"],"items_purchased_type":["Card","Card","Relic","Relic","Card","Relic"],"build_version":"2020-12-22","purchased_purges":0,"victory":false,"max_hp_per_floor":[75,75,75,75,75,75,75,75,75,75,75,75,75,75,75,75,75],"relic_stats":{"Centennial Puzzle":[9],"counters":[22,80],"obtain_stats":[{"Golden Idol":3,"infinitespire:Joker Card":6,"DeathKnight:CorpseWagon":6,"DeathKnight:ScourgePlagueSample":0,"hubris:Towel":4,"conspire:TopHat":0,"Pet Ghost":0,"Blood Vial":0,"Strange Spoon":0,"CaptainsWheel":0,"conspire:GlowingRock":0,"Centennial Puzzle":9,"DeathKnight:TomeOfBloodSpecialization":8,"Bronze Scales":9,"reliquary:Buckler":0,"reliquary:RoseTintedGlasses":8,"ReplayTheSpireMod:Lightbulb":13,"DeathKnight:BrokenRuneblade":0},{"Golden Idol":9,"infinitespire:Joker Card":17,"DeathKnight:CorpseWagon":4,"DeathKnight:ScourgePlagueSample":11,"hubris:Towel":3,"conspire:TopHat":8,"Pet Ghost":11,"Blood Vial":8,"Strange Spoon":8,"CaptainsWheel":8,"conspire:GlowingRock":11,"Centennial Puzzle":18,"DeathKnight:TomeOfBloodSpecialization":4,"Bronze Scales":4,"reliquary:Buckler":11,"reliquary:RoseTintedGlasses":18,"ReplayTheSpireMod:Lightbulb":20,"DeathKnight:BrokenRuneblade":0},{"Golden Idol":31,"infinitespire:Joker Card":63,"DeathKnight:CorpseWagon":13,"DeathKnight:ScourgePlagueSample":40,"hubris:Towel":9,"conspire:TopHat":27,"Pet Ghost":40,"Blood Vial":27,"Strange Spoon":27,"CaptainsWheel":27,"conspire:GlowingRock":40,"Centennial Puzzle":67,"DeathKnight:TomeOfBloodSpecialization":13,"Bronze Scales":13,"reliquary:Buckler":40,"reliquary:RoseTintedGlasses":67,"ReplayTheSpireMod:Lightbulb":74,"DeathKnight:BrokenRuneblade":0}]},"card_choices":[{"not_picked":["DeathKnight:BoneSpear","DeathKnight:BoneShield"],"picked":"DeathKnight:WraithWalk","floor":1.0},{"not_picked":["DeathKnight:ScourgeStrike","DeathKnight:ChainsOfIce"],"picked":"DeathKnight:ThirstingStrike","floor":2.0},{"not_picked":["DeathKnight:DreadStrike","DeathKnight:BloodTap"],"picked":"DeathKnight:BloodStrike","floor":3.0},{"not_picked":["DeathKnight:BoneShield","DeathKnight:IceboundArmor"],"picked":"DeathKnight:GargoyleSkin","floor":4.0},{"not_picked":["DeathKnight:RaiseAlly","DeathKnight:DreadStrike"],"picked":"DeathKnight:IceboundArmor","floor":5.0},{"not_picked":["DeathKnight:BloodStrike","DeathKnight:Simulacrum"],"picked":"DeathKnight:PathOfFrost","floor":6.0},{"not_picked":["DeathKnight:MindFreeze","DeathKnight:Simulacrum"],"picked":"DeathKnight:PlagueStrike","floor":8.0},{"not_picked":["DeathKnight:Rot","DeathKnight:Parry"],"picked":"DeathKnight:RaiseAlly","floor":11.0},{"not_picked":["DeathKnight:Obliterate","DeathKnight:FesteringStrike"],"picked":"DeathKnight:Hysteria","floor":13.0},{"not_picked":["DeathKnight:RaiseAlly","DeathKnight:BoneSpear"],"picked":"DeathKnight:BludPresence","floor":14.0}],"player_experience":670476,"relics_obtained":[{"floor":6.0,"key":"infinitespire:Joker Card"},{"floor":8.0,"key":"reliquary:RoseTintedGlasses"},{"floor":9.0,"key":"Centennial Puzzle"},{"floor":13.0,"key":"ReplayTheSpireMod:Lightbulb"}],"event_choices":[{"damage_healed":0.0,"max_hp_gain":0.0,"max_hp_loss":0.0,"gold_gain":0.0,"event_name":"Purifier","player_choice":"Ignored","floor":12.0,"gold_loss":0.0,"damage_taken":0.0}],"is_beta":false,"boss_relics":[],"items_purged_floors":[],"is_endless":false,"potions_floor_spawned":[1,4,5,11,13],"killed_by":"The Guardian","ascension_level":0}}