{"host":"6xsbn6ynqlzwllfm","time":1611702965,"event":{"mods":["2.2 Compatiblity","BaseMod","Bestiary","Colored Map","Colored Powertips","Curses Come First","Highlight Path","Keyboard Shortcuts","Minty Spire (QoL Compilation)","Relic Stats","Slay the Relics Exporter","StSLib","SuperFastMode"],"gold_per_floor":[99,99,99,99,99,99,99,99,99,99,79,79,79,4,4,4,4],"floor_reached":16,"language":"ENG","playtime":489,"items_purged":["Strike_R"],"score":224,"play_id":"5c16112b-6cf3-4529-9f3a-28c003338e7e","local_time":"20210126181605","is_ascension_mode":true,"campfire_choices":[{"data":"Bash","floor":6,"key":"SMITH"},{"floor":12,"key":"REST"},{"data":"Fire Breathing","floor":15,"key":"SMITH"}],"circlet_count":0,"master_deck":["AscendersBane","Strike_R+1","Strike_R","Strike_R","Strike_R","Defend_R","Defend_R","Defend_R","Defend_R","Bash+1","Wild Strike","Clothesline","Iron Wave+1","Corruption","Shrug It Off","Fire Breathing+1","Thunderclap"],"relics":["Ectoplasm","Golden Idol","Old Coin","Paper Frog","Whetstone"],"acts_visited":["Exordium"],"potions_floor_usage":[7,11,16],"damage_taken":[{"damage":2,"enemies":"Jaw Worm","floor":1,"turns":3},{"damage":3,"enemies":"Small Slimes","floor":3,"turns":3},{"damage":0,"enemies":"2 Louse","floor":4,"turns":2},{"damage":15,"enemies":"3 Sentries","floor":7,"turns":6},{"damage":22,"enemies":"Lots of Slimes","floor":8,"turns":5},{"damage":10,"enemies":"Lagavulin","floor":10,"turns":7},{"damage":4,"enemies":"Exordium Thugs","floor":11,"turns":3},{"damage":19,"enemies":"Exordium Wildlife","floor":13,"turns":5},{"damage":22,"enemies":"The Guardian","floor":16,"turns":7}],"seed_played":"6992317284999398540","potions_obtained":[{"floor":3,"key":"Strength Potion"},{"floor":7,"key":"Fire Potion"},{"floor":11,"key":"SneckoOil"}],"is_trial":false,"path_per_floor":["M","?","M","M","?","R","E","M","T","E","M","R","M","$","R","B"],"character_chosen":"IRONCLAD","items_purchased":[],"campfire_rested":1,"item_purchase_floors":[],"current_hp_per_floor":[66,71,68,68,68,68,53,31,31,21,17,38,19,19,19,0,0],"gold":4,"neow_bonus":"BOSS_RELIC","is_daily":false,"chose_seed":false,"campfire_upgraded":2,"win_rate":0.0,"timestamp":1611702965,"path_taken":["M","?","M","M","?","R","E","M","T","E","M","R","M","$","R","BOSS"],"items_purchased_type":[],"build_version":"2020-12-22","purchased_purges":1,"victory":false,"max_hp_per_floor":[75,80,80,80,72,72,72,72,72,72,72,72,72,72,72,72,72],"relic_stats":{"counters":[9,41],"Golden Idol":30,"Ectoplasm":601,"Whetstone":["Strike_R","Iron Wave"],"obtain_stats":[{"Golden Idol":5,"Ectoplasm":0,"Whetstone":10,"Burning Blood":0,"Old Coin":7,"Paper Frog":9},{"Golden Idol":3,"Ectoplasm":0,"Whetstone":6,"Burning Blood":0,"Old Coin":4,"Paper Frog":5},{"Golden Idol":8,"Ectoplasm":0,"Whetstone":26,"Burning Blood":0,"Old Coin":14,"Paper Frog":19}]},"card_choices":[{"not_picked":["Combust","Perfected Strike"],"picked":"Wild Strike","floor":1},{"not_picked":["Iron Wave","Heavy Blade"],"picked":"Clothesline","floor":3},{"not_picked":["Flex","Body Slam"],"picked":"Iron Wave","floor":4},{"not_picked":["Perfected Strike","Entrench"],"picked":"Corruption","floor":7},{"not_picked":["Entrench","Headbutt"],"picked":"Shrug It Off","floor":8},{"not_picked":["Power Through","Warcry"],"picked":"Fire Breathing","floor":10},{"not_picked":["Carnage","Anger","Headbutt"],"picked":"SKIP","floor":11},{"not_picked":["Sever Soul","Pommel Strike"],"picked":"Thunderclap","floor":13}],"player_experience":1148108,"relics_obtained":[{"floor":7,"key":"Old Coin"},{"floor":9,"key":"Paper Frog"},{"floor":10,"key":"Whetstone"}],"event_choices":[{"damage_healed":0,"gold_gain":0,"player_choice":"Donut","damage_taken":0,"max_hp_gain":5,"max_hp_loss":0,"event_name":"Big Fish","floor":2,"gold_loss":0},{"damage_healed":0,"gold_gain":0,"player_choice":"Lose Max HP","damage_taken":0,"relics_obtained":["Golden Idol"],"max_hp_gain":0,"max_hp_loss":8,"event_name":"Golden Idol","floor":5,"gold_loss":0}],"is_beta":false,"boss_relics":[],"items_purged_floors":[14],"is_endless":false,"potions_floor_spawned":[3,7,11],"killed_by":"The Guardian","ascension_level":20}}