{"host":"rz8ryyppw1rffr47","time":1611676449,"event":{"mods":["BaseMod","BetterRewards","Downfall","Googly Eyes","Minty Spire (QoL Compilation)","Quick Restart","Replay The Spire","StSLib","everything is the same but u backflip on backflip","slay the spire mod where everything is the same but ironclad has a cowboy hat"],"gold_per_floor":[115,75,88,99,99,99,128,143,192,204,230,268,280,308,320,427,489,516,301,301,10,26,26,54,54,54,54,54],"floor_reached":27,"language":"ENG","playtime":1238,"items_purged":["Defend_G"],"score":266,"play_id":"5b93cb69-eb6c-44b5-a074-da7054273b7c","local_time":"20210126155409","is_ascension_mode":false,"campfire_choices":[{"data":"Poisoned Stab","floor":6,"key":"SMITH"},{"floor":13,"key":"REST"},{"data":"Burst","floor":23,"key":"SMITH"},{"data":"Footwork","floor":23,"key":"SMITH"}],"circlet_count":0,"master_deck":["Strike_G","Strike_G+1","Strike_G","Strike_G","Defend_G","Defend_G+1","Defend_G","Defend_G","Survivor+1","Neutralize","Footwork+1","Poisoned Stab+1","Prepared+1","Catalyst","Backflip","Bane","Burst+1","Backflip+1","Pot Of Greed","Pot Of Greed","Acrobatics","Crippling Poison"],"relics":["Ring of the Snake","NeowsBlessing","Pear","War Paint","MawBank","Replay:Arrowhead","Tiny House","Grinning Jar","Ice Cream","Snake Skull","Lantern","Meat on the Bone"],"acts_visited":["Exordium","TheCity"],"potions_floor_usage":[7,7,12,16,16,24,24],"damage_taken":[{"damage":0,"enemies":"Small Slimes","floor":1,"turns":1},{"damage":0,"enemies":"Cultist","floor":3,"turns":1},{"damage":0,"enemies":"Jaw Worm","floor":4,"turns":1},{"damage":28,"enemies":"3 Sentries","floor":7,"turns":11},{"damage":11,"enemies":"Lots of Slimes","floor":8,"turns":5},{"damage":0,"enemies":"Blue Slaver","floor":11,"turns":4},{"damage":4,"enemies":"Lagavulin","floor":12,"turns":5},{"damage":2,"enemies":"Red Slaver","floor":14,"turns":5},{"damage":86,"enemies":"Fading Forest","floor":16,"turns":11},{"damage":3,"enemies":"Shell Parasite","floor":18,"turns":6},{"damage":11,"enemies":"Spheric Guardian","floor":22,"turns":7},{"damage":18,"enemies":"Replay:Snechameleon","floor":24,"turns":8},{"damage":61,"enemies":"Slavers","floor":27,"turns":6}],"seed_played":"-3028641245771535859","potions_obtained":[{"floor":2,"key":"Fire Potion"},{"floor":2,"key":"ColorlessPotion"},{"floor":2,"key":"DuplicationPotion"},{"floor":3,"key":"DistilledChaos"},{"floor":7,"key":"hexamod:SoulburnPotion"},{"floor":11,"key":"Energy Potion"},{"floor":12,"key":"Weak Potion"},{"floor":17,"key":"SteroidPotion"},{"floor":22,"key":"Weak Potion"}],"is_trial":false,"path_per_floor":["M","?","M","M","?","R","E","M","T","?","M","E","R","M","R","B",null,"M","$","?","$","M","R","E","?","T","E"],"character_chosen":"THE_SILENT","items_purchased":["Grinning Jar","Ice Cream"],"campfire_rested":1,"item_purchase_floors":[19,21],"current_hp_per_floor":[70,70,70,70,80,80,52,41,41,41,41,37,61,59,80,6,85,82,82,82,82,71,71,53,53,53,0,0],"gold":54,"neow_bonus":"THREE_ENEMY_KILL","is_daily":false,"chose_seed":false,"campfire_upgraded":3,"win_rate":0.0,"timestamp":1611676449,"path_taken":["M","?","M","?","?","R","E","?","T","?","M","E","R","M","R","BOSS","M","$","?","$","M","R","E","?","T","E"],"items_purchased_type":["Relic","Relic"],"build_version":"2020-12-22","purchased_purges":1,"victory":false,"max_hp_per_floor":[70,70,70,70,80,80,80,80,80,80,80,80,80,80,80,80,85,85,85,85,85,85,85,85,85,85,85,85],"card_choices":[{"not_picked":["Hidden Blade","Poisoned Stab"],"picked":"Footwork","floor":1},{"not_picked":["Reflex","Slice"],"picked":"Poisoned Stab","floor":3},{"not_picked":["ReplayTheSpireMod:Exploit Weakness","Riddle With Holes"],"picked":"Prepared","floor":4},{"not_picked":["Poisoned Stab","Atom Bomb","Choke"],"picked":"SKIP","floor":7},{"not_picked":["Slice","Outmaneuver"],"picked":"Catalyst","floor":8},{"not_picked":["Dagger Throw","Dodge and Roll"],"picked":"Backflip","floor":11},{"not_picked":["Flying Knee","All Out Attack","Deflect"],"picked":"SKIP","floor":12},{"not_picked":["Tactician","Quick Slash"],"picked":"Bane","floor":14},{"not_picked":["Wraith Form v2","ReplayTheSpireMod:From All Sides"],"picked":"Burst","floor":16},{"not_picked":["Poisoned Stab","Reflex"],"picked":"Backflip+1","floor":18},{"not_picked":["Hidden Blade","Deflect+1"],"picked":"Acrobatics","floor":22},{"not_picked":["Deflect","Cloak And Dagger"],"picked":"Crippling Poison","floor":24}],"player_experience":392935,"relics_obtained":[{"floor":7,"key":"War Paint"},{"floor":9,"key":"MawBank"},{"floor":12,"key":"Replay:Arrowhead"},{"floor":24,"key":"Snake Skull"},{"floor":26,"key":"Meat on the Bone"}],"event_choices":[{"damage_healed":0,"gold_gain":0,"player_choice":"Bought 3 Potions","damage_taken":0,"max_hp_gain":0,"max_hp_loss":0,"event_name":"The Woman in Blue","floor":2,"gold_loss":0},{"damage_healed":0,"gold_gain":0,"player_choice":"Gave Potion","damage_taken":0,"relics_obtained":["Pear"],"max_hp_gain":0,"max_hp_loss":0,"event_name":"WeMeetAgain","floor":5,"gold_loss":0},{"cards_removed":["Strike_G"],"damage_healed":0,"gold_gain":0,"player_choice":"Offered Basic","damage_taken":0,"max_hp_gain":0,"max_hp_loss":0,"event_name":"Bonfire Elementals","floor":10,"gold_loss":0},{"damage_healed":0,"gold_gain":0,"player_choice":"Ignored","damage_taken":0,"max_hp_gain":0,"max_hp_loss":0,"event_name":"Vampires","floor":20,"gold_loss":0}],"is_beta":false,"boss_relics":[{"not_picked":["Painkiller Herb","Runic Pyramid"],"picked":"Tiny House"}],"items_purged_floors":[19],"is_endless":false,"potions_floor_spawned":[3,7,11,12,22],"killed_by":"Slavers","ascension_level":0}}