{"host":"m4gb89kpcfic7v2a","time":1611672880,"event":{"mods":["BaseMod","BetterRewards","Minty Spire (QoL Compilation)","Replay The Spire","StSLib","The Animator"],"gold_per_floor":[117,127,143,161,61,87,87,118,197,197,197,222,236,236,156,174,174,174,174],"floor_reached":18,"language":"ENG","playtime":1785,"items_purged":["Dualcast","Blizzard"],"score":200,"play_id":"9348f6b9-5024-4b5a-bb80-cf9e4d6c7d9c","local_time":"20210126075440","is_ascension_mode":true,"campfire_choices":[{"floor":7,"key":"REST"},{"data":"Strike_B","floor":17,"key":"PURGE"}],"circlet_count":0,"master_deck":["Strike_B","Strike_B","Strike_B","Defend_B","Defend_B","Defend_B","Defend_B","Zap","Crystallizer+1","Ball Lightning","Echo Form","Self Repair"],"relics":["Cracked Core","WingedGreaves","Toy Ornithopter","Mango","Replay:Bottled Flurry","Bag of Marbles"],"acts_visited":["Exordium"],"potions_floor_usage":[6,8,16],"damage_taken":[{"damage":3,"enemies":"Small Slimes","floor":1,"turns":4},{"damage":0,"enemies":"2 Louse","floor":2,"turns":4},{"damage":0,"enemies":"Cultist","floor":3,"turns":3},{"damage":0,"enemies":"Large Slime","floor":4,"turns":6},{"damage":46,"enemies":"3 Sentries","floor":6,"turns":9},{"damage":7,"enemies":"Replay:BlueRogue","floor":8,"turns":5},{"damage":42,"enemies":"Lagavulin","floor":12,"turns":7},{"damage":6,"enemies":"2 Fungi Beasts","floor":13,"turns":3},{"damage":6,"enemies":"Exordium Wildlife","floor":16,"turns":2},{"damage":12,"enemies":"Hexaghost","floor":18,"turns":9}],"seed_played":"-6244768674402357228","potions_obtained":[{"floor":1,"key":"SteroidPotion"},{"floor":4,"key":"Adrenaline Potion"},{"floor":6,"key":"SteroidPotion"}],"is_trial":false,"path_per_floor":["M","M","M","M","$","E","R","E","T","PTL","PTL","E","M","?","$","M","R","B"],"character_chosen":"DEFECT","items_purchased":["Capacitor","Self Repair"],"campfire_rested":1,"item_purchase_floors":[0,15],"current_hp_per_floor":[72,72,72,72,72,26,48,60,60,60,60,18,12,12,12,11,11,0,0],"gold":174,"neow_bonus":"","is_daily":false,"chose_seed":false,"campfire_upgraded":0,"win_rate":0.0,"timestamp":1611672880,"path_taken":["M","M","M","M","$","E","R","E","T","PTL","PTL","E","M","?","$","M","R","BOSS"],"items_purchased_type":["Card","Card"],"build_version":"2020-12-22","purchased_purges":2,"victory":false,"max_hp_per_floor":[75,75,75,75,75,75,75,89,89,89,89,89,89,89,89,89,89,89,89],"card_choices":[{"not_picked":["Go for the Eyes","Turbo","Steam"],"picked":"SKIP","floor":1},{"not_picked":["Skim","Streamline"],"picked":"Crystallizer","floor":2},{"not_picked":["Reprogram","Tempest","Gash"],"picked":"SKIP","floor":3},{"not_picked":["Panic Button","Compile Driver","Redo"],"picked":"SKIP","floor":4},{"not_picked":["Thunder Strike","Compile Driver","Reprogram"],"picked":"SKIP","floor":6},{"not_picked":["Cold Snap","Streamline","BootSequence"],"picked":"SKIP","floor":8},{"not_picked":["Streamline","Beam Cell"],"picked":"Ball Lightning","floor":12},{"not_picked":["Conserve Battery","Melter"],"picked":"Echo Form","floor":13},{"not_picked":["ReplayTheSpireMod:Reroute Power","Scrape","Sweeping Beam"],"picked":"SKIP","floor":16}],"player_experience":187134,"relics_obtained":[{"floor":6,"key":"Toy Ornithopter"},{"floor":8,"key":"Mango"},{"floor":9,"key":"Replay:Bottled Flurry"},{"floor":12,"key":"Bag of Marbles"}],"event_choices":[{"damage_healed":0,"gold_gain":0,"player_choice":"Grow","damage_taken":0,"max_hp_gain":0,"max_hp_loss":0,"event_name":"Living Wall","floor":14,"gold_loss":0,"cards_upgraded":["Crystallizer"]}],"is_beta":false,"boss_relics":[],"items_purged_floors":[0,5],"is_endless":false,"potions_floor_spawned":[1,4,6],"killed_by":"Hexaghost","ascension_level":2}}