{"host":"uvmuduost5bzvojs","time":1611628340,"event":{"mods":["Aspiration","Bard","BaseMod","Better Match","Block Reminder","Conspire","Hermit","Highlight Path","Hubris","Infinite Spire","Jorbs\u0027s Wanderer Trilogy","Mad Scientist","Marisa????????","Mimic Mod","Minty Spire (QoL Compilation)","Potionbrewer","Replay The Spire","Robot Space Explorer","StSLib","The Blackbeard","The Construct","The Cursed","The Disciple","The Hayseed","The Hierophant","The Juggle","The Jungle","The Poker Player","The Runesmith","The Servant 0.9.4","The Spell Scribe","The Valiant","TheBandit"],"gold_per_floor":[118,21,35,310,321,321,356,356,356,321,335,335,335,354,354,457,457,473,473,36,50,50,82,95,95,95,95],"floor_reached":25,"language":"ENG","playtime":2569,"items_purged":["wariomod:Strike","wariomod:Strike"],"score":221,"play_id":"57b9f7db-38dc-4545-83fa-eae47b188a5d","local_time":"20210125213220","is_ascension_mode":false,"campfire_choices":[{"data":"wariomod:DeepDig","floor":6,"key":"SMITH"},{"data":"wariomod:Goblast","floor":8,"key":"SMITH"},{"data":"wariomod:DiceyMove","floor":12,"key":"SMITH"},{"data":"wariomod:DoubleDash","floor":15,"key":"SMITH"}],"circlet_count":0,"master_deck":["wariomod:Strike","wariomod:Strike","wariomod:Defend","wariomod:Defend","wariomod:Defend","wariomod:Defend","wariomod:Step","wariomod:Leap","wariomod:Leapslam","wariomod:Hopshield","wariomod:DoubleDash+1","wariomod:DeepDig+1","wariomod:Goblast+1","wariomod:DiceyMove+1","wariomod:MassiveParty+1","wariomod:HastyRush","wariomod:DeepDig","wariomod:DanceDash","wariomod:TrekTime","wariomod:SmackSlam+1","infinitespire:NeuralNetwork","wariomod:DonateDraw","wariomod:SmallSprint+1"],"relics":["wariomod:TheHat","NeowsBlessing","Du-Vu Doll","Snack Pack","potionbrewer:BhaskarasWheel","Replay:Lucky Slots","Toolbox","Blue Doll"],"acts_visited":["Exordium","TheCity"],"potions_floor_usage":[7,16,16,23],"damage_taken":[{"damage":0,"enemies":"Cultist","floor":1,"turns":1},{"damage":0,"enemies":"Jaw Worm","floor":3,"turns":1},{"damage":2,"enemies":"2 Louse","floor":5,"turns":2},{"damage":56,"enemies":"Lagavulin","floor":7,"turns":8},{"damage":2,"enemies":"Large Slime","floor":11,"turns":3},{"damage":20,"enemies":"Exordium Thugs","floor":14,"turns":4},{"damage":40,"enemies":"Fading Forest","floor":16,"turns":11},{"damage":16,"enemies":"Chosen","floor":18,"turns":5},{"damage":0,"enemies":"Spheric Guardian","floor":21,"turns":3},{"damage":48,"enemies":"Slavers","floor":23,"turns":5},{"damage":4,"enemies":"Snecko","floor":24,"turns":4},{"damage":18,"enemies":"3 Cultists","floor":25,"turns":3}],"seed_played":"-106777917247173357","potions_obtained":[{"floor":1,"key":"Cursed Concoction"},{"floor":5,"key":"Swift Potion"},{"floor":14,"key":"conspire:TimeTravelPotion"},{"floor":16,"key":"Milkshake"},{"floor":18,"key":"potionbrewer:SplittingPotion"}],"is_trial":false,"path_per_floor":["M","$","M","?","M","R","E","R","T","?","M","R","?","M","R","B",null,"M","?","$","M","AVR","E","M","M"],"character_chosen":"THE_BANDIT","items_purchased":["wariomod:Hopshield","wariomod:DoubleDash","wariomod:DeepDig","Replay:Lucky Slots","wariomod:DanceDash","wariomod:TrekTime"],"campfire_rested":0,"item_purchase_floors":[2,2,20,20,20,20],"current_hp_per_floor":[80,80,80,80,78,78,22,22,22,42,44,44,44,26,26,21,80,64,64,64,64,64,16,14,0,0,0],"gold":95,"neow_bonus":"THREE_ENEMY_KILL","is_daily":false,"chose_seed":false,"campfire_upgraded":4,"win_rate":0.0,"timestamp":1611628340,"path_taken":["M","?","?","?","?","R","E","R","T","?","M","R","?","M","R","BOSS","M","?","$","M","AVR","E","M","M"],"items_purchased_type":["Card","Card","Card","Relic","Card","Card"],"build_version":"2020-12-22","purchased_purges":2,"victory":false,"max_hp_per_floor":[80,80,80,80,80,80,80,80,80,80,80,80,80,80,80,80,80,80,80,80,80,80,80,80,80,80,80],"card_choices":[{"not_picked":["wariomod:f","wariomod:SpikeSlash"],"picked":"wariomod:Leapslam","floor":1},{"not_picked":["wariomod:BoomBoom","wariomod:DanceDash","wariomod:BodyBlock"],"picked":"SKIP","floor":3},{"not_picked":["wariomod:AwfulLook","wariomod:SpikeSlash"],"picked":"wariomod:DeepDig","floor":5},{"not_picked":["wariomod:BoomAndDoom","wariomod:Purify"],"picked":"wariomod:Goblast","floor":7},{"not_picked":["wariomod:AwfulLook","wariomod:SimpleShield"],"picked":"wariomod:DiceyMove","floor":11},{"not_picked":["wariomod:PayItForwards","wariomod:Goblast","wariomod:BoomBoom"],"picked":"SKIP","floor":14},{"not_picked":["wariomod:ShipSmash","wariomod:WipeClean"],"picked":"wariomod:MassiveParty","floor":16},{"not_picked":["wariomod:DoubleDash","wariomod:Bombshield+1"],"picked":"wariomod:HastyRush","floor":18},{"not_picked":["wariomod:CursedSpaces+1","wariomod:HastyRush+1"],"picked":"wariomod:SmackSlam+1","floor":21},{"not_picked":["wariomod:Hopshield","wariomod:SpikeSlash+1"],"picked":"wariomod:DonateDraw","floor":23},{"not_picked":["wariomod:BlastDash","wariomod:DropBash"],"picked":"wariomod:SmallSprint+1","floor":24}],"player_experience":1806606,"relics_obtained":[{"floor":7,"key":"Du-Vu Doll"},{"floor":9,"key":"Snack Pack"},{"floor":23,"key":"Blue Doll"}],"event_choices":[{"damage_healed":0,"gold_gain":275,"player_choice":"Desecrate","damage_taken":0,"max_hp_gain":0,"max_hp_loss":0,"event_name":"Golden Shrine","floor":4,"gold_loss":0,"cards_obtained":["Regret"]},{"damage_healed":20,"gold_gain":0,"player_choice":"Healed","damage_taken":0,"max_hp_gain":0,"max_hp_loss":0,"event_name":"The Cleric","floor":10,"gold_loss":35},{"cards_removed":["Regret"],"damage_healed":0,"gold_gain":0,"player_choice":"Purged","damage_taken":0,"max_hp_gain":0,"max_hp_loss":0,"event_name":"Purifier","floor":13,"gold_loss":0},{"damage_healed":0,"gold_gain":0,"player_choice":"Upgraded","damage_taken":0,"max_hp_gain":0,"max_hp_loss":0,"event_name":"Upgrade Shrine","floor":19,"gold_loss":0,"cards_upgraded":["wariomod:MassiveParty"]}],"is_beta":false,"boss_relics":[{"not_picked":["Snecko Eye","SacredBark"],"picked":"potionbrewer:BhaskarasWheel"}],"items_purged_floors":[20,22],"is_endless":false,"potions_floor_spawned":[1,5,14,16,18],"killed_by":"3 Cultists","ascension_level":0}}