{"host":"rlwsj8oje50c4na7","time":1611690143,"event":{"mods":["2.2 Compatiblity","AchievementEnabler","Act Like it!","Aspiration","BaseMod","Beaked The Cultist","Bestiary","Better Altar","Better Skull","Better Third Choice","BetterRewards","Colored Map","Colored Powertips","Conspire","Defuse TimeMaze Blight","Downfall","Duelist Mod","Energized Spire","Friendly Minions","Gensokyo","GifTheSpireLib","GungeonMod","Hallownest","Hermit","Highlight Path","Hubris","Infinite Spire","Jorbs\u0027s Wanderer Trilogy","Kiyohime????","Mad Scientist","Marisa????????","Minty Spire (QoL Compilation)","Quick Restart","Random Character Button","Relic Filter","Relic Sorter","Relic Stats","Remilia??????","Reorder Act Four","Replay The Spire","SOS???????","Shade Mod","Shop Mod","Spicy Shops","StSLib","Stuff the Spire","Td1madao Mod","The Administrix","The Animator","The Blackbeard","The Bladedancer","The Blue Laboratory","The Bug Knight","The Clintock","The Construct","The Cursed","The Disciple","The Exalted","The Forsaken","The Hierophant","The IronCluck","The Judge","The Kombatant","The Marked","The Mystic","The Necromancer","The Runesmith","The Servant 0.9.4","TheSwordswoman","Transform Curses","Waifu the Spire","everything is the same but u backflip on backflip","slay the spire mod where everything is the same but ironclad has a cowboy hat"],"gold_per_floor":[113,113,113,113,130,130,160,160,208,223,248,248,261,301,301,398,398,415,429,445,377,407,433,433,433,433,450,481,481,500,517,517,614,614,631,656,670,670,681,710,710,710,734,734,752,784,803,817,817,817,817,817,817,1665,1665],"floor_reached":56,"language":"ENG","playtime":10519,"items_purged":["Strike_W"],"score":1437,"play_id":"d21e26b3-3d30-4e78-ab89-888d6bc1be95","local_time":"20210126214223","is_ascension_mode":false,"campfire_choices":[{"floor":6,"key":"RECALL"},{"data":"Toxic_Smoke_Screen","floor":8,"key":"SMITH"},{"data":"Vampiric_Strike","floor":12,"key":"SMITH"},{"data":"Summon_Death_Knight","floor":15,"key":"SMITH"},{"data":"Blood_Curse","floor":44,"key":"SMITH"},{"data":"The Bomb","floor":49,"key":"SMITH"},{"data":"Acid_Javelin","floor":53,"key":"SMITH"}],"circlet_count":0,"master_deck":["Strike_W","Strike_W","Strike_W+1","Defend_W","Defend_W","Defend_W","Defend_W","Negative_Energy_Arrows","Bone_Wall+1","Bone_Armory+1","Toxic_Smoke_Screen+1","Acid_Javelin+1","Vampiric_Strike+1","Negative_Energy_Javelin","Consume_Illness","Summon_Death_Knight+1","Grasp_Heart","Blood_Curse+1","Bones_to_Steel+1","Bone_Bullets","The Bomb+1","Swift Strike","Bone_Prison","Vampiric_Strike+1","Exploit+1","Reap_The_Weak","Blood_Is_Power+1","Bone_Bullets+1","CurseOfTheBell","CurseOfTheBell","StuffTheSpire:Brawn","StuffTheSpire:Innocence","Bone_Armor+1","Bone_Shift+1","Stop_Heart"],"relics":["Vampire_Amulet","NeowsBlessing","hubris:Icosahedron","Ornamental Fan","Oddly Smooth Stone","StuffTheSpire:Gunfinga","Bromod:ArcaneGrace","PreservedInsect","Happy Flower","hubris:NiceRug","StuffTheSpire:Saxophone","aspiration:ChemicalBlood","StuffTheSpire:HistoryBook","Replay:Baseball","FossilizedHelix","aspiration:ArtOfWarUpgrade","Ginger","Regal Pillow","beaked:MawFillet","conspire:Flyswatter","downfall:ExtraCursedBell","StuffTheSpire:Experiment12","Mirror","DemoMod:GreenGuonStone","DemoMod:PoisonVial","StuffTheSpire:CocoNut","Boot","War Paint","DemoMod:GlassGuonStoneRelic","hubris:64BitClover"],"acts_visited":["Exordium","TheCity","TheBeyond","TheEnding"],"potions_floor_usage":[16,16,20,28,28,31,33,33,36,40,40,41,50,54,54,54,54,54,55],"damage_taken":[{"damage":0,"enemies":"Small Slimes","floor":1,"turns":1},{"damage":0,"enemies":"conspire:RoseBush","floor":5,"turns":1},{"damage":0,"enemies":"3 Sentries","floor":7,"turns":2},{"damage":3,"enemies":"2 Louse","floor":10,"turns":3},{"damage":15,"enemies":"Gremlin Nob","floor":11,"turns":5},{"damage":4,"enemies":"conspire:2 RoseBushes","floor":13,"turns":6},{"damage":19,"enemies":"conspire:MimicChest","floor":14,"turns":7},{"damage":5,"enemies":"Hexaghost","floor":16,"turns":9},{"damage":0,"enemies":"Spheric Guardian","floor":18,"turns":3},{"damage":0,"enemies":"conspire:FuzzyDice","floor":19,"turns":6},{"damage":8,"enemies":"Snake Plant","floor":20,"turns":4},{"damage":107,"enemies":"hubris:Merchant","floor":21,"turns":8},{"damage":0,"enemies":"theDuelist:KaibaA2","floor":23,"turns":3},{"damage":0,"enemies":"Cultist and Chosen","floor":27,"turns":6},{"damage":12,"enemies":"Gremlin Leader","floor":28,"turns":3},{"damage":0,"enemies":"3 Cultists","floor":30,"turns":3},{"damage":0,"enemies":"Centurion and Healer","floor":31,"turns":5},{"damage":38,"enemies":"hubris:MusketHawk","floor":33,"turns":8},{"damage":2,"enemies":"3 Darklings","floor":35,"turns":4},{"damage":2,"enemies":"Nemesis","floor":36,"turns":6},{"damage":0,"enemies":"Orb Walker","floor":37,"turns":3},{"damage":0,"enemies":"Maw","floor":39,"turns":7},{"damage":42,"enemies":"Reptomancer","floor":40,"turns":4},{"damage":0,"enemies":"Reptomancer","floor":41,"turns":2},{"damage":0,"enemies":"3 Darklings","floor":45,"turns":5},{"damage":0,"enemies":"R_Hoarder","floor":46,"turns":5},{"damage":0,"enemies":"4 Shapes","floor":47,"turns":4},{"damage":0,"enemies":"Jaw Worm Horde","floor":48,"turns":4},{"damage":3,"enemies":"Time Eater","floor":50,"turns":9},{"damage":178,"enemies":"Shield and Spear","floor":54,"turns":14},{"damage":3,"enemies":"The Heart","floor":55,"turns":9}],"seed_played":"2703404936839501712","potions_obtained":[{"floor":1,"key":"Block Potion"},{"floor":7,"key":"Weak Potion"},{"floor":14,"key":"hexamod:SoulburnPotion"},{"floor":19,"key":"Fire Potion"},{"floor":21,"key":"blueLaboratory:BubblePotion"},{"floor":21,"key":"BlessingOfTheForge"},{"floor":30,"key":"blueLaboratory:BottleOfVodka"},{"floor":33,"key":"blueLaboratory:PhilterOfMotion"},{"floor":36,"key":"Energy Potion"},{"floor":40,"key":"Fire Potion"},{"floor":45,"key":"ColorlessPotion"},{"floor":54,"key":"SteroidPotion"},{"floor":54,"key":"Block Potion"},{"floor":54,"key":"blueLaboratory:FrostheartPotion"},{"floor":54,"key":"LifebloodPotion"}],"is_trial":false,"path_per_floor":["M","?","?","?","M","R","E","R","T","M","E","R","M","?","R","B",null,"M","M","M","$","?","E","R","?","T","M","E","$","M","M","R","B",null,"M","E","M","?","M","E","?","T","T","R","M","E","M","M","R","B",null,"$","R","E","B",null],"character_chosen":"NECROMANCER","items_purchased":["PreservedInsect","Happy Flower"],"campfire_rested":0,"item_purchase_floors":[21,21],"current_hp_per_floor":[75,75,75,75,75,75,75,75,75,75,62,62,67,56,56,56,75,75,75,71,68,50,52,52,52,52,62,61,61,73,75,75,42,75,75,75,75,75,75,43,45,52,52,52,57,71,82,82,82,82,82,82,82,66,81],"gold":1665,"neow_bonus":"THREE_ENEMY_KILL","is_daily":false,"chose_seed":false,"campfire_upgraded":6,"win_rate":0.0,"timestamp":1611690143,"path_taken":["M","?","?","?","?","R","E","R","T","M","E","R","M","?","R","BOSS","M","?","M","$","?","E","R","?","T","M","E","?","M","?","R","BOSS","M","E","M","?","M","E","?","?","T","R","?","E","M","M","R","BOSS","$","R","E","BOSS"],"items_purchased_type":["Relic","Relic"],"build_version":"2020-12-22","purchased_purges":1,"victory":true,"max_hp_per_floor":[75,75,75,75,75,75,75,75,75,75,75,75,75,75,75,75,75,75,75,75,75,75,75,75,75,75,75,75,75,75,75,75,75,75,75,75,75,75,75,75,75,82,82,82,82,82,82,82,82,82,82,82,82,82,82],"relic_stats":{"Regal Pillow":0,"Happy Flower":[37],"counters":[31,159],"Ornamental Fan":[196],"PreservedInsect":319,"Ginger":[9],"War Paint":["Bone_Wall","Bones_to_Steel"],"Boot":[12],"obtain_stats":[{"DemoMod:GreenGuonStone":38,"Regal Pillow":28,"DemoMod:PoisonVial":40,"DemoMod:GlassGuonStoneRelic":1,"Ginger":26,"Boot":43,"StuffTheSpire:Experiment12":38,"StuffTheSpire:Gunfinga":14,"hubris:Icosahedron":2,"aspiration:ArtOfWarUpgrade":32,"Vampire_Amulet":0,"downfall:ExtraCursedBell":38,"aspiration:ChemicalBlood":21,"Bromod:ArcaneGrace":17,"NeowsBlessing":0,"Happy Flower":21,"hubris:64BitClover":54,"Oddly Smooth Stone":11,"StuffTheSpire:Saxophone":21,"PreservedInsect":21,"War Paint":46,"StuffTheSpire:HistoryBook":21,"Replay:Baseball":21,"Ornamental Fan":7,"beaked:MawFillet":34,"StuffTheSpire:CocoNut":42,"Art of War":23,"Mirror":38,"FossilizedHelix":22,"hubris:NiceRug":21,"conspire:Flyswatter":36},{"DemoMod:GreenGuonStone":21,"Regal Pillow":15,"DemoMod:PoisonVial":23,"DemoMod:GlassGuonStoneRelic":1,"Ginger":13,"Boot":24,"StuffTheSpire:Experiment12":21,"StuffTheSpire:Gunfinga":7,"hubris:Icosahedron":1,"aspiration:ArtOfWarUpgrade":17,"Vampire_Amulet":0,"downfall:ExtraCursedBell":21,"aspiration:ChemicalBlood":12,"Bromod:ArcaneGrace":8,"NeowsBlessing":0,"Happy Flower":11,"hubris:64BitClover":30,"Oddly Smooth Stone":5,"StuffTheSpire:Saxophone":12,"PreservedInsect":11,"War Paint":26,"StuffTheSpire:HistoryBook":12,"Replay:Baseball":12,"Ornamental Fan":3,"beaked:MawFillet":18,"StuffTheSpire:CocoNut":24,"Art of War":13,"Mirror":21,"FossilizedHelix":12,"hubris:NiceRug":12,"conspire:Flyswatter":20},{"DemoMod:GreenGuonStone":96,"Regal Pillow":67,"DemoMod:PoisonVial":107,"DemoMod:GlassGuonStoneRelic":1,"Ginger":58,"Boot":109,"StuffTheSpire:Experiment12":96,"StuffTheSpire:Gunfinga":25,"hubris:Icosahedron":1,"aspiration:ArtOfWarUpgrade":75,"Vampire_Amulet":0,"downfall:ExtraCursedBell":96,"aspiration:ChemicalBlood":55,"Bromod:ArcaneGrace":34,"NeowsBlessing":0,"Happy Flower":47,"hubris:64BitClover":150,"Oddly Smooth Stone":12,"StuffTheSpire:Saxophone":55,"PreservedInsect":47,"War Paint":119,"StuffTheSpire:HistoryBook":55,"Replay:Baseball":55,"Ornamental Fan":4,"beaked:MawFillet":83,"StuffTheSpire:CocoNut":109,"Art of War":58,"Mirror":96,"FossilizedHelix":55,"hubris:NiceRug":55,"conspire:Flyswatter":93}]},"card_choices":[{"not_picked":["Negative_Energy_Mist","Strike_from_Beyond"],"picked":"Bone_Armory","floor":1},{"not_picked":["Epidemic","Blood_Shield"],"picked":"Toxic_Smoke_Screen","floor":5},{"not_picked":["Whirlwind_of_Bones","Strike_from_Beyond"],"picked":"Acid_Javelin","floor":7},{"not_picked":["Plague_Bolt","Blood_Is_Power"],"picked":"Vampiric_Strike","floor":10},{"not_picked":["Bone_Armor","Flesh_Made_Foul"],"picked":"Negative_Energy_Javelin","floor":11},{"not_picked":["Violent_Necrosis","Toxic_Smoke_Screen"],"picked":"Consume_Illness","floor":13},{"not_picked":["Death_March_Dance","Negative_Energy_Sphere"],"picked":"Summon_Death_Knight","floor":14},{"not_picked":["Detonate_Bones","Cloudkill"],"picked":"Grasp_Heart","floor":16},{"not_picked":["Toxic_Smoke_Screen+1","Negative_Energy_Mist+1"],"picked":"Blood_Curse","floor":18},{"not_picked":["Blood_Whip","Death_Knell"],"picked":"Bones_to_Steel","floor":19},{"not_picked":["Skeleton_Dragon","Blood_Is_Power"],"picked":"Bone_Bullets","floor":20},{"not_picked":[],"picked":"The Bomb","floor":21},{"not_picked":[],"picked":"Swift Strike","floor":21},{"not_picked":["Finger_Of_Death"],"picked":"SKIP","floor":21},{"not_picked":["Death_March_Dance"],"picked":"SKIP","floor":21},{"not_picked":["Negative_Energy_Mist"],"picked":"SKIP","floor":21},{"not_picked":["Toxic_Smoke_Screen"],"picked":"SKIP","floor":21},{"not_picked":["Summon_Lich"],"picked":"SKIP","floor":21},{"not_picked":["Blood_Shield","Chill_Blood"],"picked":"Bone_Prison","floor":22},{"not_picked":["Necromantic_Selection","Blood_Whip"],"picked":"Vampiric_Strike+1","floor":23},{"not_picked":["Summon_Undead","Detonate_Bones"],"picked":"Exploit+1","floor":27},{"not_picked":["Bone_Shift","Bone_Armory","Consume_Illness+1"],"picked":"SKIP","floor":28},{"not_picked":["Chill_Blood+1","Uncharnel"],"picked":"Death_March_Dance","floor":30},{"not_picked":["Negative_Energy_Bomb","Blood_Magic"],"picked":"Reap_The_Weak","floor":33},{"not_picked":["Negative_Energy_Mist","Bone_Bullets"],"picked":"Blood_Is_Power+1","floor":35},{"not_picked":["Vampiric_Strike+1","Finger_Of_Death+1"],"picked":"Bone_Bullets+1","floor":36},{"not_picked":["Bones_to_Steel","Uncharnel+1","Death_March_Dance"],"picked":"SKIP","floor":37},{"not_picked":["Bones_to_Steel","Bone_Bullets"],"picked":"Bone_Armor+1","floor":39},{"not_picked":["Acid_Javelin","Bone_Shift","Negative_Energy_Mist"],"picked":"SKIP","floor":40},{"not_picked":["Corrupt+1","Vampiric_Strike","Scare"],"picked":"SKIP","floor":45},{"not_picked":["Necromantic_Selection","Shackles_Of_Pain","Bones_to_Steel"],"picked":"SKIP","floor":46},{"not_picked":["Shackles_Of_Pain","Blood_Curse"],"picked":"Bone_Shift+1","floor":47},{"not_picked":["Scare","Vampiric_Strike","Negative_Energy_Shield+1"],"picked":"SKIP","floor":48},{"not_picked":["Cloudkill","Blood_Magic"],"picked":"Stop_Heart","floor":54}],"player_experience":937335,"relics_obtained":[{"floor":7,"key":"Ornamental Fan"},{"floor":11,"key":"Oddly Smooth Stone"},{"floor":14,"key":"StuffTheSpire:Gunfinga"},{"floor":21,"key":"StuffTheSpire:Saxophone"},{"floor":21,"key":"aspiration:ChemicalBlood"},{"floor":21,"key":"StuffTheSpire:HistoryBook"},{"floor":21,"key":"Replay:Baseball"},{"floor":22,"key":"FossilizedHelix"},{"floor":23,"key":"Art of War"},{"floor":26,"key":"Ginger"},{"floor":28,"key":"Regal Pillow"},{"floor":36,"key":"conspire:Flyswatter"},{"floor":38,"key":"StuffTheSpire:Experiment12"},{"floor":38,"key":"Mirror"},{"floor":38,"key":"DemoMod:GreenGuonStone"},{"floor":40,"key":"DemoMod:PoisonVial"},{"floor":42,"key":"StuffTheSpire:CocoNut"},{"floor":43,"key":"Boot"},{"floor":46,"key":"War Paint"},{"floor":54,"key":"hubris:64BitClover"}],"event_choices":[],"is_beta":false,"boss_relics":[{"not_picked":["aspiration:MarisaSkillbook","energizedSpire:SpiderWeb"],"picked":"Bromod:ArcaneGrace"},{"not_picked":["Snecko Eye","Kintsugi"],"picked":"beaked:MawFillet"}],"items_purged_floors":[21],"is_endless":false,"potions_floor_spawned":[1,7,14,19,23,30,33,36,37,45],"ascension_level":0}}