{"host":"jeza3f7qwapecycc","time":1611653754,"event":{"mods":["BaseMod","Downfall","Minty Spire (QoL Compilation)","Relic Stats","StSLib"],"gold_per_floor":[99,111,211,223,223,241,312,312,237,49,49,82,32,45,62,167,167,117,132,132,50,50,67,67,17,33,46,46,31,31,48,63,168,168,118,130,350,400,414,414,414,414],"floor_reached":40,"language":"ZHS","playtime":2112,"items_purged":[],"score":436,"play_id":"53ad6b91-84e4-4992-baaf-4938af4f132c","local_time":"20210126173554","is_ascension_mode":false,"campfire_choices":[{"data":"Slimebound:CorrosiveSpit","floor":1.0,"key":"SMITH"},{"data":"Slimebound:Split","floor":8.0,"key":"SMITH"},{"data":"expansioncontent:StudyTheSpire","floor":11.0,"key":"SMITH"},{"data":"Slimebound:Gluttony","floor":13.0,"key":"SMITH"},{"data":"Slimebound:AcidTongue","floor":18.0,"key":"SMITH"},{"data":"Slimebound:FormOfPuddle","floor":25.0,"key":"SMITH"},{"data":"Slimebound:LeadByExample","floor":28.0,"key":"SMITH"},{"data":"Slimebound:SamplingLick","floor":30.0,"key":"SMITH"},{"data":"Slimebound:MassRepurpose","floor":35.0,"key":"SMITH"}],"circlet_count":0,"master_deck":["Slimebound:Strike_Slimebound","Slimebound:Tackle","Slimebound:Defend_Slimebound","Slimebound:Defend_Slimebound","Slimebound:Split+1","Slimebound:CorrosiveSpit+1","Slimebound:SpikyOuterGoop","Slimebound:Gluttony+1","Slimebound:SamplingLick+1","Slimebound:Schlurp","expansioncontent:StudyTheSpire+1","Slimebound:AcidTongue+1","Slimebound:MassFeed","Slimebound:LeechingTouch","Slimebound:LeadByExample+1","Slimebound:FormOfPuddle+1","Slimebound:DisruptingSlam+1","Slimebound:FinishingTackle","Slimebound:SlimeBarrage+1","Slimebound:ViciousTackle","Slimebound:MassRepurpose+1","Slimebound:SelfFormingGoo+1","Slimebound:SamplingLick+1","Slimebound:RallyTheTroops+1","Slimebound:ItLooksTasty+1","Slimebound:ForwardTackle+1","Slimebound:RainOfGoop","Parasite"],"relics":["Slimebound:AbsorbEndCombat","Bottled Lightning","Slimebound:GreedOozeRelic","Thread and Needle","Philosopher\u0027s Stone","Bronze Scales","Astrolabe","Peace Pipe"],"acts_visited":["Exordium","TheCity","TheBeyond"],"potions_floor_usage":[],"damage_taken":[{"damage":3.0,"enemies":"2 Louse","floor":2.0,"turns":2.0},{"damage":0.0,"enemies":"Cultist","floor":4.0,"turns":4.0},{"damage":12.0,"enemies":"Jaw Worm","floor":6.0,"turns":4.0},{"damage":0.0,"enemies":"downfall:FleeingMerchant","floor":10.0,"turns":4.0},{"damage":1.0,"enemies":"Lagavulin","floor":12.0,"turns":6.0},{"damage":0.0,"enemies":"Exordium Wildlife","floor":14.0,"turns":3.0},{"damage":7.0,"enemies":"Exordium Thugs","floor":15.0,"turns":4.0},{"damage":17.0,"enemies":"SI_SHIV_ARCHETYPE","floor":16.0,"turns":6.0},{"damage":7.0,"enemies":"Shell Parasite","floor":19.0,"turns":4.0},{"damage":0.0,"enemies":"downfall:FleeingMerchant","floor":21.0,"turns":4.0},{"damage":20.0,"enemies":"3 Byrds","floor":23.0,"turns":4.0},{"damage":0.0,"enemies":"3 Cultists","floor":26.0,"turns":4.0},{"damage":1.0,"enemies":"Sentry and Sphere","floor":27.0,"turns":5.0},{"damage":0.0,"enemies":"downfall:FleeingMerchant","floor":29.0,"turns":4.0},{"damage":21.0,"enemies":"Centurion and Healer","floor":31.0,"turns":6.0},{"damage":14.0,"enemies":"Snake Plant","floor":32.0,"turns":3.0},{"damage":10.0,"enemies":"IC_MUSHROOM_ARCHETYPE","floor":33.0,"turns":5.0},{"damage":7.0,"enemies":"Orb Walker","floor":36.0,"turns":3.0},{"damage":11.0,"enemies":"downfall:FleeingMerchant","floor":37.0,"turns":3.0},{"damage":33.0,"enemies":"2 Orb Walkers","floor":38.0,"turns":4.0},{"damage":7.0,"enemies":"3 Shapes","floor":39.0,"turns":3.0},{"damage":44,"enemies":"Writhing Mass","floor":40,"turns":4}],"seed_played":"-4228020531574548779","potions_obtained":[{"floor":2.0,"key":"bronze:BurnAndBuffPotion"},{"floor":6.0,"key":"DuplicationPotion"},{"floor":15.0,"key":"Energy Potion"},{"floor":23.0,"key":"Swift Potion"},{"floor":27.0,"key":"Block Potion"},{"floor":33.0,"key":"SmokeBomb"}],"is_trial":false,"path_per_floor":["R","M","?","M","?","M","T","R","?","$","R","E","R","M","M","B",null,"R","M","?","$","?","M","T","R","M","M","R","$","R","M","M","B",null,"R","M","$","?","M","M"],"character_chosen":"SLIMEBOUND","items_purchased":["expansioncontent:StudyTheSpire","Slimebound:FormOfPuddle","LiquidBronze","PowerPotion"],"campfire_rested":0,"item_purchase_floors":[10,21,37,37],"current_hp_per_floor":[47,48,48,52,52,44,44,44,44,52,52,59,59,63,60,51,65,65,65,65,68,68,51,51,51,57,65,65,71,71,58,50,48,71,71,68,64,39,38,0,0,0],"gold":414,"neow_bonus":"REMOVE_TWO","is_daily":false,"chose_seed":false,"campfire_upgraded":9,"win_rate":0.0,"timestamp":1611653754,"path_taken":["R","M","?","?","?","M","T","R","?","?","R","E","R","M","M","BOSS","R","M","?","$","?","M","T","R","M","M","R","$","R","?","M","BOSS","R","M","$","?","M","M"],"items_purchased_type":["Card","Card","Potion","Potion"],"build_version":"2020-12-22","purchased_purges":0,"victory":false,"max_hp_per_floor":[65,65,65,65,65,65,65,65,65,65,65,65,65,65,65,65,65,65,68,68,68,68,68,68,68,68,71,71,71,71,71,71,71,71,71,71,71,71,71,71,71,71],"relic_stats":{"Peace Pipe":0,"counters":[22,86],"Bronze Scales":[121],"Astrolabe":["Slimebound:SelfFormingGoo","Slimebound:SamplingLick","Slimebound:RallyTheTroops"],"obtain_stats":[{"Slimebound:GreedOozeRelic":9,"Peace Pipe":38,"downfall:BrokenWingStatue":5,"Bronze Scales":24,"Astrolabe":34,"Thread and Needle":12,"Philosopher\u0027s Stone":17,"Slimebound:AbsorbEndCombat":0,"Bottled Lightning":7},{"Slimebound:GreedOozeRelic":3,"Peace Pipe":20,"downfall:BrokenWingStatue":2,"Bronze Scales":11,"Astrolabe":17,"Thread and Needle":5,"Philosopher\u0027s Stone":8,"Slimebound:AbsorbEndCombat":0,"Bottled Lightning":3},{"Slimebound:GreedOozeRelic":10,"Peace Pipe":79,"downfall:BrokenWingStatue":6,"Bronze Scales":44,"Astrolabe":69,"Thread and Needle":19,"Philosopher\u0027s Stone":32,"Slimebound:AbsorbEndCombat":0,"Bottled Lightning":10}]},"card_choices":[{"not_picked":["Slimebound:Schlurp","Slimebound:BestDefense"],"picked":"Slimebound:SpikyOuterGoop","floor":2.0},{"not_picked":["Slimebound:SlimeBrawl","Slimebound:GoopTackle"],"picked":"Slimebound:Gluttony","floor":4.0},{"not_picked":["Slimebound:SlimeBrawl","Slimebound:ServeAndProtect"],"picked":"Slimebound:SamplingLick","floor":6.0},{"not_picked":["Slimebound:SlimeBrawl","Slimebound:SlimeSpikes"],"picked":"Slimebound:Schlurp","floor":10.0},{"not_picked":["Slimebound:SplitBruiser","Slimebound:SlimeSpikes","Slimebound:SlimeBrawl"],"picked":"SKIP","floor":12.0},{"not_picked":["Slimebound:ViciousTackle","Slimebound:SplitAcid","Slimebound:Schlurp"],"picked":"SKIP","floor":14.0},{"not_picked":["Slimebound:Gluttony","Slimebound:GoopTackle"],"picked":"Slimebound:AcidTongue","floor":15.0},{"not_picked":["Slimebound:PrepareCrush","Slimebound:WasteNot"],"picked":"Slimebound:MassFeed","floor":16.0},{"not_picked":["Slimebound:ItLooksTasty","Slimebound:GoopTackle"],"picked":"Slimebound:LeechingTouch","floor":19.0},{"not_picked":["Slimebound:ComboTackle","Slimebound:GoopSpray"],"picked":"Slimebound:LeadByExample","floor":21.0},{"not_picked":["Slimebound:SamplingLick","Slimebound:Dissolve"],"picked":"Slimebound:DisruptingSlam+1","floor":23.0},{"not_picked":["Slimebound:Dissolve","Slimebound:SplitAcid"],"picked":"Slimebound:FinishingTackle","floor":26.0},{"not_picked":["Slimebound:PressTheAttack","Slimebound:SlimeBrawl"],"picked":"Slimebound:SlimeBarrage+1","floor":27.0},{"not_picked":["Slimebound:Grow+1","Slimebound:ItLooksTasty+1"],"picked":"Slimebound:Teamwork","floor":29.0},{"not_picked":["Slimebound:GoopTackle","Slimebound:SplitLeeching","Slimebound:SlimeTap"],"picked":"SKIP","floor":31.0},{"not_picked":["Slimebound:HauntingLick","Slimebound:SplitAcid"],"picked":"Slimebound:ViciousTackle","floor":32.0},{"not_picked":["Slimebound:FirmFortitude","Slimebound:RallyTheTroops"],"picked":"Slimebound:MassRepurpose","floor":33.0},{"not_picked":["Slimebound:RejuvenatingLick","Slimebound:ProtectTheBoss+1"],"picked":"Slimebound:ItLooksTasty+1","floor":36.0},{"not_picked":["Slimebound:RollThrough","Slimebound:SplitAcid+1","Slimebound:HauntingLick"],"picked":"SKIP","floor":37.0},{"not_picked":["Slimebound:PressTheAttack+1","Slimebound:HauntingLick"],"picked":"Slimebound:ForwardTackle+1","floor":38.0},{"not_picked":["Slimebound:GoopSpray","Slimebound:SlimeBarrage"],"picked":"Slimebound:RainOfGoop","floor":39.0}],"player_experience":788835,"relics_obtained":[{"floor":7.0,"key":"Bottled Lightning"},{"floor":12.0,"key":"Thread and Needle"},{"floor":24.0,"key":"Bronze Scales"},{"floor":38.0,"key":"Peace Pipe"}],"event_choices":[{"damage_healed":0.0,"max_hp_gain":0.0,"max_hp_loss":0.0,"gold_gain":0.0,"event_name":"NoteForYourself","player_choice":"Ignored","floor":22.0,"gold_loss":0.0,"damage_taken":0.0},{"damage_healed":0.0,"max_hp_gain":0.0,"max_hp_loss":0.0,"gold_gain":0.0,"event_name":"Mysterious Sphere","player_choice":"Fight","floor":38.0,"gold_loss":0.0,"damage_taken":0.0}],"is_beta":false,"boss_relics":[{"not_picked":["Pandora\u0027s Box","Tiny House"],"picked":"Philosopher\u0027s Stone"},{"not_picked":["Empty Cage","Velvet Choker"],"picked":"Astrolabe"}],"items_purged_floors":[],"is_endless":false,"potions_floor_spawned":[2,6,15,16,23,26,27,33,39],"killed_by":"Writhing Mass","ascension_level":0}}