{"host":"rw7a2h039i1hcs3q","time":1611678764,"event":{"mods":["BaseMod","Better Altar","Better Match","Better Note","Better Sensory Stone","Better Skull","Better Third Choice","Booster Modes","Colored Powertips","Downfall","Halation","Hermit","Highlight Path","Hubris","Infinite Spire","Jedi Mod","Minty Spire (QoL Compilation)","Random Character Button","Rare Cards Sparkle","StSLib","The Cursed","Unceasing Turn Reminder"],"gold_per_floor":[99,110,110,110,121,138,138,168,181,269,169,319,73,141,168,168,168,168],"floor_reached":16,"language":"ENG","playtime":1426,"items_purged":["downfall:Icky"],"score":137,"play_id":"29568138-8aaf-4939-bf48-6637ea6a8486","local_time":"20210126173244","is_ascension_mode":false,"campfire_choices":[{"data":"hexamod:Float","floor":1,"key":"SMITH"},{"floor":11,"key":"REST"}],"circlet_count":0,"master_deck":["hexamod:Strike","hexamod:Strike","hexamod:Strike","hexamod:Strike","hexamod:Defend","hexamod:Defend","hexamod:Defend","hexamod:Defend","hexamod:Sear","hexamod:Float+1","hexamod:StepThrough+1","hexamod:HauntingEcho","hexamod:AdvancingGuard","hexamod:UnlimitedPower","hexamod:SecondSeal","hexamod:Hexaguard","hexamod:FastForward","hexamod:FirstSeal","Flash of Steel","hexamod:SpectersWail","hexamod:FifthSeal"],"relics":["hexamod:SpiritBrand","hubris:MobiusCoin","Orichalcum","downfall:HeartBlessingBlue"],"acts_visited":["Exordium"],"potions_floor_usage":[8,10,15],"damage_taken":[{"damage":0,"enemies":"Small Slimes","floor":2,"turns":3},{"damage":0,"enemies":"Cultist","floor":5,"turns":3},{"damage":1,"enemies":"Jaw Worm","floor":6,"turns":2},{"damage":8,"enemies":"Lagavulin","floor":8,"turns":6},{"damage":2,"enemies":"Blue Slaver","floor":9,"turns":3},{"damage":44,"enemies":"Gremlin Nob","floor":10,"turns":6},{"damage":0,"enemies":"downfall:FleeingMerchant","floor":13,"turns":4},{"damage":6,"enemies":"Large Slime","floor":14,"turns":7},{"damage":13,"enemies":"Lots of Slimes","floor":15,"turns":4},{"damage":49,"enemies":"IC_STATUS_ARCHETYPE","floor":16,"turns":8}],"seed_played":"343213443807747113","potions_obtained":[{"floor":5,"key":"ColorlessPotion"},{"floor":8,"key":"PowerPotion"},{"floor":9,"key":"FearPotion"},{"floor":14,"key":"Fire Potion"},{"floor":15,"key":"PowerPotion"}],"is_trial":false,"path_per_floor":["R","M","?","?","M","M","T","E","M","E","R","?","$","M","M","B"],"character_chosen":"THE_SPIRIT","items_purchased":["hexamod:FirstSeal","Flash of Steel"],"campfire_rested":1,"item_purchase_floors":[13,13],"current_hp_per_floor":[77,77,77,77,77,76,76,68,66,22,58,58,58,52,46,0,0,0],"gold":168,"neow_bonus":"TEN_PERCENT_HP_BONUS","is_daily":false,"chose_seed":false,"campfire_upgraded":1,"win_rate":0.0,"timestamp":1611678764,"path_taken":["R","M","?","?","M","?","T","E","M","E","R","?","?","M","M","BOSS"],"items_purchased_type":["Card","Card"],"build_version":"2020-12-22","purchased_purges":1,"victory":false,"max_hp_per_floor":[77,77,77,77,77,77,77,77,77,77,87,87,87,87,87,87,87,87],"card_choices":[{"not_picked":["hexamod:Incineration","hexamod:FastForward"],"picked":"hexamod:StepThrough","floor":2},{"not_picked":["hexamod:NightmareGuise","hexamod:PhantomCloak"],"picked":"hexamod:HauntingEcho","floor":5},{"not_picked":["hexamod:NightmareGuise","hexamod:GhostflameBarrier"],"picked":"hexamod:AdvancingGuard","floor":6},{"not_picked":["hexamod:SoulSteal","hexamod:Haunt"],"picked":"hexamod:UnlimitedPower","floor":8},{"not_picked":["hexamod:PhantomCloak","hexamod:Haunt"],"picked":"hexamod:SecondSeal","floor":9},{"not_picked":["hexamod:SpectersWail","hexamod:GhostOfSpirePast"],"picked":"hexamod:Hexaguard","floor":10},{"not_picked":["hexamod:HeatMetal","hexamod:SwordOfDarkness"],"picked":"hexamod:FastForward","floor":13},{"not_picked":["hexamod:SwordOfDarkness","hexamod:RainOfEmbers"],"picked":"hexamod:SpectersWail","floor":14},{"not_picked":["hexamod:AdvancingGuard","hexamod:InspiringFlames"],"picked":"hexamod:FifthSeal","floor":15}],"player_experience":130924,"relics_obtained":[{"floor":8,"key":"hubris:MobiusCoin"},{"floor":10,"key":"Orichalcum"}],"event_choices":[],"is_beta":false,"boss_relics":[],"items_purged_floors":[13],"is_endless":false,"potions_floor_spawned":[5,8,9,14,15],"killed_by":"IC_STATUS_ARCHETYPE","ascension_level":0}}