{"host":"8a72fthmlk1o8pdb","time":1611684824,"event":{"mods":["AchievementEnabler","BaseMod","Colored Map","Colored Powertips","Downfall","Duelist Mod","GifTheSpireLib","Googly Eyes","Hermit","Jorbs\u0027s Wanderer Trilogy","Minty Spire (QoL Compilation)","Rare Cards Sparkle","StSLib","The Construct","The Cursed","The Disciple","The Hierophant","The Necromancer","The Poker Player"],"gold_per_floor":[110,64,64,88,104,104,134,134,134,161,161,63,94,113,113,211,211,221,221,221,221,146,146,100,15,41,41,59,93,105,115,115,115,115],"floor_reached":33,"language":"ENG","playtime":1433,"items_purged":[],"score":279,"play_id":"c6155af9-cd3e-43c8-8e44-a67c840fb3e7","local_time":"20210126101344","is_ascension_mode":false,"campfire_choices":[{"data":"Infernal Blade","floor":6,"key":"SMITH"},{"data":"Strike_R","floor":8,"key":"SMITH"},{"data":"Inflame","floor":15,"key":"SMITH"},{"floor":23,"key":"REST"},{"data":"Flex","floor":27,"key":"SMITH"},{"data":"Flex","floor":32,"key":"SMITH"}],"circlet_count":0,"master_deck":["Strike_R+1","Strike_R","Strike_R","Strike_R","Strike_R","Bash","Infernal Blade+1","Flex+1","Clash","Inflame+1","Reaper","True Grit+1","Hemokinesis+1","Hemokinesis+1","Flex+1","Clash","Twin Strike","Flex","Twin Strike"],"relics":["Burning Blood","Orichalcum","Juzu Bracelet","Shuriken","Blood Vial","StoneCalendar","Astrolabe","Nilry\u0027s Codex","Mercury Hourglass","Happy Flower","Red Skull"],"acts_visited":["Exordium","TheCity"],"potions_floor_usage":[16,16,18,31,33],"damage_taken":[{"damage":3,"enemies":"2 Louse","floor":1,"turns":4},{"damage":5,"enemies":"Jaw Worm","floor":5,"turns":3},{"damage":17,"enemies":"Gremlin Nob","floor":7,"turns":5},{"damage":20,"enemies":"Lagavulin","floor":10,"turns":4},{"damage":13,"enemies":"3 Sentries","floor":13,"turns":6},{"damage":0,"enemies":"Cultist","floor":14,"turns":2},{"damage":25,"enemies":"The Guardian","floor":16,"turns":8},{"damage":2,"enemies":"Shell Parasite","floor":18,"turns":2},{"damage":18,"enemies":"2 Thieves","floor":28,"turns":3},{"damage":13,"enemies":"theDuelist:KaibaA2","floor":29,"turns":3},{"damage":14,"enemies":"Snake Plant","floor":30,"turns":2},{"damage":11,"enemies":"3 Cultists","floor":31,"turns":4},{"damage":80,"enemies":"Champ","floor":33,"turns":6}],"seed_played":"3718610738614145006","potions_obtained":[{"floor":5,"key":"sneckomod:MuddlingPotion"},{"floor":10,"key":"sneckomod:MuddlingPotion"},{"floor":13,"key":"Block Potion"},{"floor":14,"key":"SkillPotion"},{"floor":29,"key":"Explosive Potion"},{"floor":30,"key":"construct:ShiftPotion"}],"is_trial":false,"path_per_floor":["M","?","?","T","M","R","E","R","T","E","?","$","E","M","R","B",null,"M","?","?","?","?","R","$","?","T","R","M","E","M","M","R","B"],"character_chosen":"IRONCLAD","items_purchased":["Flex","Clash","Clash"],"campfire_rested":1,"item_purchase_floors":[12,12,24],"current_hp_per_floor":[80,80,80,80,80,80,69,69,69,55,55,55,50,58,58,41,80,80,72,56,50,50,74,74,74,74,74,64,59,53,65,65,0,0],"gold":115,"neow_bonus":"","is_daily":false,"chose_seed":false,"campfire_upgraded":5,"win_rate":0.0,"timestamp":1611684824,"path_taken":["M","?","?","?","?","R","E","R","T","E","?","?","E","M","R","BOSS","M","?","?","?","?","R","$","?","T","R","M","E","M","M","R","BOSS"],"items_purchased_type":["Card","Card","Card"],"build_version":"2020-12-22","purchased_purges":0,"victory":false,"max_hp_per_floor":[80,80,80,80,80,80,80,80,80,80,80,80,80,80,80,80,80,80,80,80,80,80,80,80,80,80,80,80,80,80,80,80,80,80],"card_choices":[{"not_picked":["Anger","Rage","Cleave"],"picked":"SKIP","floor":1},{"not_picked":["Bloodletting","Clothesline"],"picked":"Infernal Blade","floor":5},{"not_picked":["Iron Wave","Ghostly Armor","Clothesline"],"picked":"SKIP","floor":7},{"not_picked":["Warcry","Reckless Charge","Searing Blow"],"picked":"SKIP","floor":10},{"not_picked":["Iron Wave","Dropkick","Rage"],"picked":"SKIP","floor":13},{"not_picked":["Dark Embrace","Clothesline"],"picked":"Inflame","floor":14},{"not_picked":["Demon Form","Juggernaut"],"picked":"Reaper","floor":16},{"not_picked":["Sever Soul","Armaments"],"picked":"Flex","floor":18},{"not_picked":["Whirlwind+1","Battle Trance"],"picked":"Twin Strike","floor":28},{"not_picked":["Iron Wave+1","Seeing Red"],"picked":"Flex","floor":29},{"not_picked":["Shrug It Off+1","Clothesline+1","Body Slam"],"picked":"SKIP","floor":30},{"not_picked":["Perfected Strike+1","Battle Trance"],"picked":"Twin Strike","floor":31}],"player_experience":0,"relics_obtained":[{"floor":4,"key":"Orichalcum"},{"floor":7,"key":"Juzu Bracelet"},{"floor":9,"key":"Shuriken"},{"floor":10,"key":"Blood Vial"},{"floor":13,"key":"StoneCalendar"},{"floor":20,"key":"Nilry\u0027s Codex"},{"floor":26,"key":"Happy Flower"},{"floor":29,"key":"Red Skull"}],"event_choices":[{"damage_healed":0,"gold_gain":0,"player_choice":"Left Gold","damage_taken":0,"max_hp_gain":0,"max_hp_loss":0,"event_name":"World of Goop","floor":2,"gold_loss":46},{"damage_healed":0,"gold_gain":0,"player_choice":"Ignored","damage_taken":0,"max_hp_gain":0,"max_hp_loss":0,"event_name":"Golden Wing","floor":3,"gold_loss":0},{"damage_healed":0,"gold_gain":0,"player_choice":"Ignored","damage_taken":0,"max_hp_gain":0,"max_hp_loss":0,"event_name":"Shining Light","floor":11,"gold_loss":0},{"damage_healed":0,"gold_gain":0,"player_choice":"Damaged","damage_taken":8,"max_hp_gain":0,"max_hp_loss":0,"event_name":"Wheel of Change","floor":19,"gold_loss":0},{"damage_healed":0,"gold_gain":0,"player_choice":"Obtained Book","damage_taken":16,"max_hp_gain":0,"max_hp_loss":0,"event_name":"Cursed Tome","floor":20,"gold_loss":0},{"damage_healed":0,"gold_gain":0,"player_choice":"","damage_taken":6,"max_hp_gain":0,"max_hp_loss":0,"event_name":"Knowing Skull","floor":21,"potions_obtained":[],"gold_loss":0,"cards_obtained":[]},{"cards_removed":["Defend_R"],"damage_healed":0,"gold_gain":0,"player_choice":"Gave Gold","damage_taken":0,"max_hp_gain":0,"max_hp_loss":0,"event_name":"Beggar","floor":22,"gold_loss":75},{"damage_healed":0,"gold_gain":0,"player_choice":"Obtained Relic","damage_taken":0,"relics_obtained":["Mercury Hourglass"],"max_hp_gain":0,"max_hp_loss":0,"event_name":"Addict","floor":25,"gold_loss":85}],"is_beta":false,"boss_relics":[{"not_picked":["Empty Cage","Runic Pyramid"],"picked":"Astrolabe"}],"items_purged_floors":[],"is_endless":false,"potions_floor_spawned":[5,10,13,14,29,30],"killed_by":"Champ","ascension_level":0}}