{"host":"kgfs5ebhusfk1t4t","time":1611685556,"event":{"mods":["BaseMod","Colored Map","DeckTracker","Highlight Path","KOR Keyword Fix","Keyboard Shortcuts","Minty Spire (QoL Compilation)","Permanent Neow","Quick Restart","StSLib","SuperFastMode","everything is the same but u backflip on backflip"],"gold_per_floor":[361,371,371,439,454,454,483,483,483,517,617,632,647,597,597,701,701,683,703,732,732,263,263,48,79,79,90,116,116,133,133,133,236,236,252,104,28,46,64,98,98,126,126,12,12],"floor_reached":44,"language":"KOR","playtime":2729,"items_purged":["Decay","Venomology","Strike_G"],"score":666,"play_id":"9ab438dd-d5da-4380-a8bc-bdea73b93fb1","local_time":"20210127032556","is_ascension_mode":true,"campfire_choices":[{"floor":6,"key":"REST"},{"floor":8,"key":"REST"},{"floor":15,"key":"REST"},{"data":"Well Laid Plans","floor":23,"key":"SMITH"},{"floor":32,"key":"REST"},{"floor":41,"key":"REST"}],"circlet_count":0,"master_deck":["Strike_G","Strike_G","Strike_G","Strike_G","Defend_G","Defend_G","Defend_G","Defend_G","Defend_G+1","Survivor","Neutralize+1","Choke","Blade Dance","Dodge and Roll","All Out Attack","Deadly Poison","Cloak And Dagger","Adrenaline","Predator","Poisoned Stab","Leg Sweep","Calculated Gamble","Flying Knee","Reflex","Sucker Punch","Finisher","Footwork","Well Laid Plans+1","Masterful Stab","Caltrops","Adrenaline","Blur","Calculated Gamble","Die Die Die","Bouncing Flask+1","Noxious Fumes+1","Tactician","Dash+1","Catalyst+1","Tools of the Trade","Bane","Underhanded Strike","Poisoned Stab+1","Concentrate+1","Dodge and Roll+1","Acrobatics+1","Tactician","Tactician+1","Terror","Accuracy"],"relics":["Ring of the Snake","Prayer Wheel","Question Card","Blue Candle","Anchor","Sozu","Red Mask","WingedGreaves","Pen Nib","Potion Belt","Ice Cream","Vajra","Ornamental Fan","Runic Pyramid","Snake Skull","Bottled Lightning","Question Card","Centennial Puzzle"],"acts_visited":["Exordium","TheCity","TheBeyond"],"potions_floor_usage":[16,16,16],"damage_taken":[{"damage":1,"enemies":"2 Louse","floor":1,"turns":3},{"damage":12,"enemies":"Jaw Worm","floor":2,"turns":2},{"damage":3,"enemies":"Small Slimes","floor":5,"turns":3},{"damage":18,"enemies":"Gremlin Nob","floor":7,"turns":4},{"damage":25,"enemies":"3 Sentries","floor":10,"turns":10},{"damage":7,"enemies":"Exordium Thugs","floor":12,"turns":5},{"damage":2,"enemies":"Exordium Wildlife","floor":13,"turns":3},{"damage":14,"enemies":"Slime Boss","floor":16,"turns":11},{"damage":2,"enemies":"2 Thieves","floor":18,"turns":4},{"damage":0,"enemies":"Shell Parasite","floor":19,"turns":3},{"damage":6,"enemies":"Masked Bandits","floor":20,"turns":5},{"damage":14,"enemies":"Book of Stabbing","floor":25,"turns":5},{"damage":0,"enemies":"Cultist and Chosen","floor":27,"turns":5},{"damage":10,"enemies":"Gremlin Leader","floor":28,"turns":5},{"damage":0,"enemies":"Chosen and Byrds","floor":30,"turns":5},{"damage":54,"enemies":"Automaton","floor":33,"turns":7},{"damage":6,"enemies":"3 Shapes","floor":35,"turns":6},{"damage":24,"enemies":"3 Darklings","floor":38,"turns":4},{"damage":11,"enemies":"Writhing Mass","floor":39,"turns":5},{"damage":3,"enemies":"Reptomancer","floor":40,"turns":4},{"damage":12,"enemies":"Giant Head","floor":42,"turns":8}],"seed_played":"-9044382411782291349","potions_obtained":[{"floor":5,"key":"SteroidPotion"},{"floor":10,"key":"Energy Potion"},{"floor":12,"key":"LiquidMemories"}],"is_trial":false,"path_per_floor":["M","M","?","?","M","R","E","R","T","E","?","M","M","?","R","B",null,"M","M","?","?","$","R","$","E","T","M","E","T","M","?","R","B",null,"M","$","?","M","M","E","R","E","T","$"],"character_chosen":"THE_SILENT","items_purchased":["Pen Nib","Masterful Stab","Caltrops","Adrenaline","Blur","Calculated Gamble","Underhanded Strike","Terror","Accuracy"],"campfire_rested":5,"item_purchase_floors":[22,22,22,22,24,24,36,44,44],"current_hp_per_floor":[69,57,43,43,40,61,43,64,64,39,39,32,30,30,51,37,70,68,68,62,62,62,62,62,48,48,48,38,38,38,38,59,5,70,64,64,64,40,29,26,47,35,35,35,35],"gold":12,"neow_bonus":"TWO_FIFTY_GOLD","is_daily":false,"chose_seed":false,"campfire_upgraded":1,"win_rate":0.0,"timestamp":1611685556,"path_taken":["M","M","?","?","M","R","E","R","T","E","?","M","?","?","R","BOSS","M","M","?","?","$","R","$","E","T","M","E","?","M","?","R","BOSS","M","?","?","?","M","E","R","E","T","$"],"items_purchased_type":["Relic","Card","Card","Card","Card","Card","Card","Card","Card"],"build_version":"2020-12-22","purchased_purges":3,"victory":false,"max_hp_per_floor":[70,70,70,70,70,70,70,70,70,70,70,70,70,70,70,70,70,70,70,70,70,70,70,70,70,70,70,70,70,70,70,70,70,70,70,70,70,70,70,70,70,70,70,70,70],"card_choices":[{"not_picked":["Outmaneuver","Terror","Deflect"],"picked":"Choke","floor":1},{"not_picked":["Tactician","PiercingWail","Prepared"],"picked":"Blade Dance","floor":1},{"not_picked":["Acrobatics","Flying Knee","Grand Finale"],"picked":"Dodge and Roll","floor":2},{"not_picked":["Prepared","Distraction","Slice"],"picked":"All Out Attack","floor":2},{"not_picked":["Outmaneuver","Acrobatics","Bane"],"picked":"Deadly Poison","floor":5},{"not_picked":["Dagger Throw","Dodge and Roll","Sucker Punch"],"picked":"Cloak And Dagger","floor":5},{"not_picked":["Leg Sweep","Acrobatics","Poisoned Stab"],"picked":"Adrenaline","floor":7},{"not_picked":["Outmaneuver","Dagger Spray","Acrobatics"],"picked":"Predator","floor":10},{"not_picked":["Caltrops","Flying Knee","Expertise"],"picked":"Poisoned Stab","floor":12},{"not_picked":["Prepared","Slice","Escape Plan"],"picked":"Leg Sweep","floor":12},{"not_picked":["Choke","Slice","Dagger Spray"],"picked":"Calculated Gamble","floor":13},{"not_picked":["Cloak And Dagger","Adrenaline","Flechettes"],"picked":"Flying Knee","floor":13},{"not_picked":["After Image","Malaise","Glass Knife"],"picked":"Venomology","floor":16},{"not_picked":["Crippling Poison","Poisoned Stab","Backstab"],"picked":"Reflex","floor":18},{"not_picked":["Dagger Throw","Bane","Catalyst"],"picked":"Sucker Punch","floor":18},{"not_picked":["Underhanded Strike","Poisoned Stab","Blade Dance"],"picked":"Finisher","floor":19},{"not_picked":["Calculated Gamble","Crippling Poison","Eviscerate"],"picked":"Footwork","floor":19},{"not_picked":["Cloak And Dagger","Dagger Spray","Slice"],"picked":"Well Laid Plans","floor":20},{"not_picked":["Endless Agony","Dagger Spray","Backstab"],"picked":"Die Die Die","floor":25},{"not_picked":["Catalyst+1","Backstab","Bane"],"picked":"Bouncing Flask+1","floor":27},{"not_picked":["Acrobatics+1","Eviscerate","Bane"],"picked":"Noxious Fumes+1","floor":27},{"not_picked":["PiercingWail","Backstab+1","Slice+1"],"picked":"Tactician","floor":28},{"not_picked":["Bouncing Flask+1","Prepared","Outmaneuver"],"picked":"Dash+1","floor":30},{"not_picked":["Bouncing Flask","Dagger Throw","Reflex+1"],"picked":"Catalyst+1","floor":30},{"not_picked":["Doppelganger","Adrenaline","Unload"],"picked":"Tools of the Trade","floor":33},{"not_picked":["Noxious Fumes","Blade Dance+1","Escape Plan+1"],"picked":"Bane","floor":35},{"not_picked":["Dagger Throw","Outmaneuver+1","Leg Sweep+1","Dagger Spray+1"],"picked":"SKIP","floor":35},{"not_picked":["Choke+1","Masterful Stab+1","Venomology"],"picked":"Poisoned Stab+1","floor":38},{"not_picked":["Well Laid Plans","PiercingWail","Outmaneuver"],"picked":"Concentrate+1","floor":38},{"not_picked":["Skewer","PiercingWail+1","Flying Knee"],"picked":"Dodge and Roll+1","floor":39},{"not_picked":["Infinite Blades","Concentrate","Predator+1"],"picked":"Acrobatics+1","floor":39},{"not_picked":["Riddle With Holes","Calculated Gamble+1","Dash"],"picked":"Tactician","floor":40},{"not_picked":["Reflex","Sucker Punch+1","Crippling Poison"],"picked":"Tactician+1","floor":42}],"player_experience":158864,"relics_obtained":[{"floor":7,"key":"Blue Candle"},{"floor":10,"key":"Anchor"},{"floor":20,"key":"Red Mask"},{"floor":25,"key":"Potion Belt"},{"floor":26,"key":"Ice Cream"},{"floor":28,"key":"Vajra"},{"floor":29,"key":"Ornamental Fan"},{"floor":40,"key":"Bottled Lightning"},{"floor":42,"key":"Question Card"},{"floor":43,"key":"Centennial Puzzle"}],"event_choices":[{"damage_healed":0,"gold_gain":0,"player_choice":"Entered Light","damage_taken":14,"max_hp_gain":0,"max_hp_loss":0,"event_name":"Shining Light","floor":3,"gold_loss":0,"cards_upgraded":["Neutralize","Defend_G"]},{"damage_healed":0,"gold_gain":68,"player_choice":"Gained Gold","damage_taken":0,"max_hp_gain":0,"max_hp_loss":0,"event_name":"Golden Wing","floor":4,"gold_loss":0},{"damage_healed":0,"gold_gain":100,"player_choice":"Gold","damage_taken":0,"max_hp_gain":0,"max_hp_loss":0,"event_name":"Wheel of Change","floor":11,"gold_loss":0},{"cards_removed":["Writhe"],"damage_healed":0,"gold_gain":0,"player_choice":"Card Removal","damage_taken":0,"max_hp_gain":0,"max_hp_loss":0,"event_name":"The Cleric","floor":14,"gold_loss":50},{"damage_healed":0,"gold_gain":0,"player_choice":"Fought Bandits","damage_taken":0,"max_hp_gain":0,"max_hp_loss":0,"event_name":"Masked Bandits","floor":20,"gold_loss":0},{"damage_healed":0,"gold_gain":0,"player_choice":"Smashed Altar","damage_taken":0,"max_hp_gain":0,"max_hp_loss":0,"event_name":"Forgotten Altar","floor":21,"gold_loss":0,"cards_obtained":["Decay"]},{"damage_healed":0,"gold_gain":0,"player_choice":"Got Potions","damage_taken":0,"max_hp_gain":0,"max_hp_loss":0,"event_name":"Lab","floor":31,"gold_loss":0},{"damage_healed":0,"gold_gain":0,"player_choice":"Paid Gold","damage_taken":0,"relics_obtained":["Snake Skull"],"max_hp_gain":0,"max_hp_loss":0,"event_name":"WeMeetAgain","floor":37,"gold_loss":76}],"is_beta":false,"boss_relics":[{"not_picked":["Cursed Key","Pandora\u0027s Box"],"picked":"Sozu"},{"not_picked":["Runic Dome","Black Star"],"picked":"Runic Pyramid"}],"items_purged_floors":[22,24,36],"is_endless":false,"potions_floor_spawned":[5,10,12,18,25,27,40],"ascension_level":3}}