{"host":"a99cgagtsic7fuyb","time":1611665447,"event":{"mods":["BaseMod","Downfall","Hermit","Lobotomy","Minty Spire (QoL Compilation)","StSLib","The Cursed"],"gold_per_floor":[99,114,114,129,129,159,159,174,74,89,119,134,164,164,179,179,179,179],"floor_reached":16,"language":"ZHS","playtime":956,"items_purged":[],"score":137,"play_id":"14aabf15-380d-474e-a4e9-7e542fdc3338","local_time":"20210126205047","daily_mods":["Heirloom","Purple Cards","Elite Swarm"],"is_ascension_mode":false,"campfire_choices":[{"floor":1,"key":"RECALL"},{"floor":9,"key":"REST"}],"circlet_count":0,"master_deck":["bronze:Strike","bronze:Strike","bronze:Strike","bronze:Strike","bronze:Defend","bronze:Defend","bronze:Defend","bronze:Defend","bronze:Replicate+1","bronze:Goto","bronze:Overheat","bronze:Replicate","MasterReality","Consecrate","SandsOfTime","bronze:ThunderWave","bronze:BronzeOrb"],"relics":["bronze:BronzeCore","Unceasing Top","bronze:Timepiece","downfall:HeartBlessingRed","bronze:ProtectiveGoggles","Akabeko","Nunchaku"],"acts_visited":["Exordium"],"potions_floor_usage":[13,13,16],"damage_taken":[{"damage":10,"enemies":"Jaw Worm","floor":2,"turns":4},{"damage":1,"enemies":"Cultist","floor":4,"turns":3},{"damage":25,"enemies":"3 Sentries","floor":6,"turns":7},{"damage":1,"enemies":"2 Louse","floor":8,"turns":3},{"damage":6,"enemies":"Blue Slaver","floor":10,"turns":4},{"damage":1,"enemies":"2 Fungi Beasts","floor":12,"turns":3},{"damage":0,"enemies":"Lagavulin","floor":13,"turns":4},{"damage":1,"enemies":"3 Louse","floor":15,"turns":2},{"damage":48,"enemies":"SI_SHIV_ARCHETYPE","floor":16,"turns":5}],"seed_played":"-4735054310349275430","potions_obtained":[{"floor":6,"key":"Explosive Potion"},{"floor":12,"key":"Fire Potion"},{"floor":15,"key":"SkillPotion"}],"is_trial":false,"path_per_floor":["R","M","?","M","?","E","T","M","R","M","?","M","E","T","M","B"],"character_chosen":"THE_AUTOMATON","items_purchased":[],"campfire_rested":1,"item_purchase_floors":[],"current_hp_per_floor":[70,60,60,59,59,34,34,33,54,48,48,47,47,47,46,0,0,0],"gold":179,"neow_bonus":"","is_daily":true,"chose_seed":false,"campfire_upgraded":0,"win_rate":0.0,"timestamp":1611665447,"path_taken":["R","M","?","?","?","E","T","M","R","?","?","M","E","?","M","BOSS"],"items_purchased_type":[],"build_version":"2020-12-22","purchased_purges":0,"victory":false,"max_hp_per_floor":[70,70,70,70,70,70,70,70,70,70,70,70,70,70,70,70,70,70],"card_choices":[{"not_picked":["bronze:FineTuning","WaveOfTheHand"],"picked":"bronze:Overheat","floor":2},{"not_picked":["FlurryOfBlows","SpiritShield","Halt"],"picked":"SKIP","floor":4},{"not_picked":["bronze:HyperBeam","bronze:Format"],"picked":"MasterReality","floor":6},{"not_picked":["EmptyBody","bronze:Iterate","WaveOfTheHand"],"picked":"SKIP","floor":8},{"not_picked":["ClearTheMind","bronze:BitShift"],"picked":"Consecrate","floor":10},{"not_picked":["ThirdEye","WindmillStrike"],"picked":"SandsOfTime","floor":12},{"not_picked":["Ragnarok","bronze:Format"],"picked":"bronze:ThunderWave","floor":13},{"not_picked":["bronze:FineTuning","bronze:ClassDefault"],"picked":"bronze:BronzeOrb","floor":15}],"player_experience":139874,"relics_obtained":[{"floor":6,"key":"bronze:Timepiece"},{"floor":13,"key":"Akabeko"},{"floor":14,"key":"Nunchaku"}],"event_choices":[],"is_beta":false,"boss_relics":[],"items_purged_floors":[],"is_endless":false,"potions_floor_spawned":[6,12,15],"killed_by":"SI_SHIV_ARCHETYPE","ascension_level":0}}