{"host":"h4qgcirtxz6qax9j","time":1611684185,"event":{"mods":["2.2 Compatiblity","AchievementEnabler","BaseMod","Colored Powertips","Custom Start","Hermit","Marisa£¨Ùöéë¡¡Øª×âÞÞ£©","Minty Spire (QoL Compilation)","Replay The Spire","StSLib","SuperFastMode","The Servant 0.9.4"],"gold_per_floor":[111,111,123,154,225,262,274,318,356,380,392,404,431,518,530,639,651,673,698,726,738,738],"floor_reached":21,"language":"KOR","playtime":444,"items_purged":[],"score":225,"play_id":"9bc7ae1f-67e0-4a26-9a2e-c0876f143f6d","local_time":"20210127030305","is_ascension_mode":true,"campfire_choices":[{"data":"MachineGunSpark","floor":7,"key":"SMITH"},{"floor":11,"key":"REST"},{"floor":15,"key":"REST"}],"circlet_count":0,"master_deck":["Strike_MRS","Strike_MRS","Strike_MRS","Strike_MRS","Defend_MRS","Defend_MRS","Defend_MRS","Defend_MRS","MasterSpark","UpSweep","MachineGunSpark+1","GalacticHalo","DarkMatter","MachineGunSpark","UltimateShortwave","MachineGunSpark"],"relics":["MiniHakkero","NeowsBlessing","MawBank","AmplifyWand","Replay:Bottled Steam","Tiny Chest","Vajra","GremlinMask","ReplayTheSpireMod:DimensionalGlitch"],"acts_visited":["Exordium","TheCity"],"potions_floor_usage":[16,21],"damage_taken":[{"damage":0,"enemies":"2 Louse","floor":1,"turns":1},{"damage":0,"enemies":"Cultist","floor":4,"turns":1},{"damage":0,"enemies":"Lagavulin","floor":6,"turns":1},{"damage":15,"enemies":"Gremlin Nob","floor":8,"turns":4},{"damage":0,"enemies":"Small Slimes","floor":10,"turns":3},{"damage":0,"enemies":"Looter","floor":13,"turns":3},{"damage":43,"enemies":"Hexaghost","floor":16,"turns":15},{"damage":6,"enemies":"Chosen","floor":18,"turns":6},{"damage":14,"enemies":"Spheric Guardian","floor":19,"turns":4},{"damage":29,"enemies":"Centurion and Healer","floor":20,"turns":9},{"damage":26,"enemies":"Shelled Parasite and Fungi","floor":21,"turns":3}],"seed_played":"-3159354066886916351","potions_obtained":[{"floor":1,"key":"Dexterity Potion"},{"floor":4,"key":"Adrenaline Potion"},{"floor":5,"key":"SpeedPotion"},{"floor":16,"key":"Elixir"},{"floor":20,"key":"Elixir"}],"is_trial":false,"path_per_floor":["M","?","$","M","?","E","R","E","T","M","R","?","M","?","R","B",null,"M","M","M","M"],"character_chosen":"MARISA","items_purchased":[],"campfire_rested":2,"item_purchase_floors":[],"current_hp_per_floor":[75,75,75,75,45,45,45,30,30,30,52,52,52,41,63,20,75,69,55,26,0,0],"gold":738,"neow_bonus":"THREE_ENEMY_KILL","is_daily":false,"chose_seed":false,"campfire_upgraded":1,"win_rate":0.0,"timestamp":1611684185,"path_taken":["M","?","$","?","?","E","R","E","T","M","R","?","?","?","R","BOSS","M","M","M","M"],"items_purchased_type":[],"build_version":"2020-12-22","purchased_purges":0,"victory":false,"max_hp_per_floor":[75,75,75,75,75,75,75,75,75,75,75,75,75,75,75,75,75,75,75,75,75,75],"card_choices":[{"not_picked":["ChargingUp","WitchLeyline"],"picked":"MachineGunSpark","floor":1},{"not_picked":["AlicesGift","LuminesStrike"],"picked":"GalacticHalo","floor":4},{"not_picked":["TreasureHunter","6A"],"picked":"DarkMatter","floor":6},{"not_picked":["WitchOfGreed","Singularity"],"picked":"MachineGunSpark","floor":8},{"not_picked":["Acceleration","SprinkleStarSeal","MilkyWay"],"picked":"SKIP","floor":10},{"not_picked":["MilkyWay","IllusionStar","NonDirectionalLaser"],"picked":"SKIP","floor":13},{"not_picked":["StarDustReverie","BlazingStar"],"picked":"UltimateShortwave","floor":16},{"not_picked":["PowerUp","SporeBomb","StarBarrage"],"picked":"SKIP","floor":18},{"not_picked":["6A","SuperPerseids+1"],"picked":"MachineGunSpark","floor":19},{"not_picked":["WitchOfGreed","NonDirectionalLaser","SporeBomb"],"picked":"SKIP","floor":20}],"player_experience":111606,"relics_obtained":[{"floor":5,"key":"AmplifyWand"},{"floor":6,"key":"Replay:Bottled Steam"},{"floor":8,"key":"Tiny Chest"},{"floor":9,"key":"Vajra"}],"event_choices":[{"damage_healed":0,"gold_gain":0,"player_choice":"Gave Potion","damage_taken":0,"relics_obtained":["MawBank"],"max_hp_gain":0,"max_hp_loss":0,"event_name":"WeMeetAgain","floor":2,"gold_loss":0},{"damage_healed":0,"gold_gain":0,"player_choice":"Trade","damage_taken":0,"relics_obtained":["GremlinMask"],"max_hp_gain":0,"max_hp_loss":0,"event_name":"FaceTrader","floor":12,"gold_loss":0},{"damage_healed":0,"gold_gain":75,"player_choice":"Gather Gold","damage_taken":11,"max_hp_gain":0,"max_hp_loss":0,"event_name":"World of Goop","floor":14,"gold_loss":0}],"is_beta":false,"boss_relics":[{"not_picked":["Tiny House","Fusion Hammer"],"picked":"ReplayTheSpireMod:DimensionalGlitch"}],"items_purged_floors":[],"is_endless":false,"potions_floor_spawned":[1,4,16,20],"killed_by":"Shelled Parasite and Fungi","ascension_level":1}}