{"host":"e1pm3b7xpcm97e5w","time":1611692331,"event":{"mods":["BaseMod","Better Skull","Googly Eyes","Minty Spire (QoL Compilation)","Relic Stats","Shop Mod","Spicy Shops","StSLib"],"gold_per_floor":[109,120,120,120,195,195,225,240,240,255,283,283,303,333,333,438,438,456,456,475,127,127,127,152,3,3,13,13,37,54,68,68,171,171,182,182,193,213,232,232,259,259,259,313,329,329,81,41,41,41],"floor_reached":51,"language":"ENG","playtime":2947,"items_purged":["Strike_P","Strike_P"],"score":1157,"play_id":"c839e411-e571-4b39-a49c-784b611a4678","local_time":"20210126151851","is_ascension_mode":true,"campfire_choices":[{"data":"Vigilance","floor":6.0,"key":"SMITH"},{"data":"Wallop","floor":12.0,"key":"SMITH"},{"floor":15.0,"key":"REST"},{"floor":23.0,"key":"REST"},{"floor":28.0,"key":"REST"},{"floor":32.0,"key":"REST"},{"data":"Double Tap","floor":40.0,"key":"SMITH"},{"data":"CrushJoints","floor":42.0,"key":"SMITH"},{"floor":49,"key":"REST"}],"circlet_count":0,"master_deck":["AscendersBane","Strike_P","Strike_P+1","Defend_P","Defend_P","Defend_P+1","Defend_P","Eruption+1","Vigilance+1","Consecrate","CarveReality","Vault+1","Wallop+1","LikeWater","Indignation","CrushJoints+1","Establishment","Vault+1","Immolate","Warcry+1","Thunderclap+1","Flash of Steel+1","Double Tap+1","FollowUp+1","EmptyFist+1","Leap+1"],"relics":["PureWater","NeowsBlessing","Bottled Flame","War Paint","Nunchaku","SlaversCollar","PrismaticShard","Pantograph","Darkstone Periapt","Orrery","Yang","Art of War","Runic Pyramid","Bronze Scales","Unceasing Top","Calipers","Anchor"],"acts_visited":["Exordium","TheCity","TheBeyond"],"potions_floor_usage":[50,50],"damage_taken":[{"damage":0.0,"enemies":"Jaw Worm","floor":1.0,"turns":1.0},{"damage":0.0,"enemies":"Small Slimes","floor":2.0,"turns":1.0},{"damage":0.0,"enemies":"3 Sentries","floor":7.0,"turns":1.0},{"damage":0.0,"enemies":"Cultist","floor":8.0,"turns":2.0},{"damage":4.0,"enemies":"Blue Slaver","floor":10.0,"turns":5.0},{"damage":0.0,"enemies":"Gremlin Nob","floor":11.0,"turns":4.0},{"damage":0.0,"enemies":"3 Louse","floor":13.0,"turns":2.0},{"damage":4.0,"enemies":"The Guardian","floor":16.0,"turns":11.0},{"damage":24.0,"enemies":"Chosen","floor":18.0,"turns":3.0},{"damage":19.0,"enemies":"Shell Parasite","floor":20.0,"turns":4.0},{"damage":22.0,"enemies":"Slavers","floor":24.0,"turns":7.0},{"damage":0.0,"enemies":"Snecko","floor":27.0,"turns":2.0},{"damage":0.0,"enemies":"Shelled Parasite and Fungi","floor":30.0,"turns":2.0},{"damage":0.0,"enemies":"3 Cultists","floor":31.0,"turns":2.0},{"damage":6.0,"enemies":"Champ","floor":33.0,"turns":7.0},{"damage":0.0,"enemies":"3 Darklings","floor":35.0,"turns":1.0},{"damage":5.0,"enemies":"Orb Walker","floor":37.0,"turns":4.0},{"damage":17.0,"enemies":"3 Darklings","floor":38.0,"turns":2.0},{"damage":2.0,"enemies":"Transient","floor":39.0,"turns":7.0},{"damage":0.0,"enemies":"Reptomancer","floor":41.0,"turns":3.0},{"damage":9,"enemies":"2 Orb Walkers","floor":44,"turns":5},{"damage":0,"enemies":"Spire Growth","floor":45,"turns":2},{"damage":17,"enemies":"Time Eater","floor":50,"turns":9}],"seed_played":"-7540960041617610050","potions_obtained":[{"floor":7.0,"key":"BottledMiracle"},{"floor":8.0,"key":"BlessingOfTheForge"},{"floor":24.0,"key":"LiquidMemories"},{"floor":31.0,"key":"SkillPotion"},{"floor":37.0,"key":"Ancient Potion"},{"floor":41.0,"key":"FearPotion"}],"is_trial":false,"path_per_floor":["M","M","$","?","?","R","E","M","T","M","E","R","M","?","R","B",null,"M","?","M","$","?","R","E","$","T","M","R","T","M","M","R","B",null,"M","?","M","M","M","R","E","R","T","?","M","?","$","?","R","B",null],"character_chosen":"WATCHER","items_purchased":["PrismaticShard","Pantograph","MentalFortress","Orrery","Anchor"],"campfire_rested":5,"item_purchase_floors":[21,21,25,25,47],"current_hp_per_floor":[65,65,65,51,44,44,44,44,44,40,40,40,40,40,61,57,68,44,31,12,12,12,35,13,13,13,13,36,36,36,36,59,71,76,76,76,71,54,52,52,52,52,52,43,43,43,43,43,64,56],"gold":41,"neow_bonus":"THREE_ENEMY_KILL","is_daily":false,"chose_seed":false,"campfire_upgraded":4,"win_rate":0.0,"timestamp":1611692331,"path_taken":["M","M","$","?","?","R","E","M","T","?","E","R","M","?","R","BOSS","M","?","M","$","?","R","E","$","T","?","R","?","?","M","R","BOSS","M","?","M","M","M","R","E","R","T","?","M","?","$","?","R","BOSS"],"items_purchased_type":["Relic","Relic","Card","Relic","Relic"],"build_version":"2020-12-22","purchased_purges":2,"victory":true,"max_hp_per_floor":[72,72,72,72,72,72,72,72,72,72,72,72,72,72,72,72,72,72,77,77,77,77,77,77,77,77,77,77,77,77,77,77,77,77,77,77,77,77,77,77,77,77,77,77,77,73,73,73,73,73],"relic_stats":{"Darkstone Periapt":0,"Nunchaku":[18],"counters":[23,87],"Pantograph":27,"Bronze Scales":[39],"Yang":[128],"Art of War":[0],"War Paint":["Vault","Defend_P"],"obtain_stats":[{"Darkstone Periapt":24,"Calipers":44,"NeowsBlessing":0,"Yang":26,"War Paint":9,"PrismaticShard":21,"SlaversCollar":17,"Bottled Flame":7,"Nunchaku":11,"Anchor":47,"Pantograph":21,"Bronze Scales":41,"Orrery":25,"Art of War":29,"PureWater":0,"Unceasing Top":43,"Runic Pyramid":34},{"Darkstone Periapt":11,"Calipers":21,"NeowsBlessing":0,"Yang":11,"War Paint":4,"PrismaticShard":10,"SlaversCollar":8,"Bottled Flame":3,"Nunchaku":6,"Anchor":22,"Pantograph":10,"Bronze Scales":20,"Orrery":11,"Art of War":12,"PureWater":0,"Unceasing Top":20,"Runic Pyramid":15},{"Darkstone Periapt":41,"Calipers":76,"NeowsBlessing":0,"Yang":41,"War Paint":5,"PrismaticShard":34,"SlaversCollar":27,"Bottled Flame":3,"Nunchaku":14,"Anchor":78,"Pantograph":34,"Bronze Scales":71,"Orrery":41,"Art of War":43,"PureWater":0,"Unceasing Top":71,"Runic Pyramid":54}],"Unceasing Top":[0]},"card_choices":[{"not_picked":["SashWhip","Wireheading"],"picked":"Consecrate","floor":1.0},{"not_picked":["EmptyBody","Indignation"],"picked":"CarveReality","floor":2.0},{"not_picked":["DevaForm","BowlingBash"],"picked":"Vault","floor":7.0},{"not_picked":["Study","EmptyFist"],"picked":"Wallop","floor":8.0},{"not_picked":["Consecrate","Evaluate"],"picked":"LikeWater","floor":10.0},{"not_picked":["FlyingSleeves","Pray"],"picked":"Indignation","floor":11.0},{"not_picked":["Perseverance","Consecrate"],"picked":"CrushJoints","floor":13.0},{"not_picked":["Wish","ConjureBlade"],"picked":"Establishment","floor":16.0},{"not_picked":["Halt","Wireheading","Consecrate"],"picked":"SKIP","floor":18.0},{"not_picked":["Sanctity","Conclude+1","Crescendo"],"picked":"SKIP","floor":20.0},{"not_picked":["FlyingSleeves","Outmaneuver+1","Meditate"],"picked":"SKIP","floor":24.0},{"not_picked":["Flex+1","Force Field"],"picked":"Immolate","floor":25.0},{"not_picked":["FlurryOfBlows","Expertise"],"picked":"Warcry+1","floor":25.0},{"not_picked":["Second Wind","Prepared"],"picked":"Thunderclap+1","floor":27.0},{"not_picked":["ThirdEye","SignatureMove"],"picked":"Flash of Steel+1","floor":30.0},{"not_picked":["Predator","Distraction","Chill+1"],"picked":"SKIP","floor":31.0},{"not_picked":["Corpse Explosion","Amplify"],"picked":"Double Tap","floor":33.0},{"not_picked":["Burning Pact","Indignation+1","Sucker Punch"],"picked":"SKIP","floor":35.0},{"not_picked":["Swivel+1","Acrobatics","Masterful Stab"],"picked":"SKIP","floor":37.0},{"not_picked":["PanicButton+1","Blade Dance+1"],"picked":"FollowUp+1","floor":38.0},{"not_picked":["Twin Strike+1","Conclude+1","PathToVictory"],"picked":"SKIP","floor":39.0},{"not_picked":["MasterReality","Clash"],"picked":"EmptyFist+1","floor":41.0},{"not_picked":["Tantrum+1","Cloak And Dagger"],"picked":"Leap+1","floor":45}],"player_experience":549595,"relics_obtained":[{"floor":7.0,"key":"Bottled Flame"},{"floor":9.0,"key":"War Paint"},{"floor":11.0,"key":"Nunchaku"},{"floor":24.0,"key":"Darkstone Periapt"},{"floor":26.0,"key":"Yang"},{"floor":29.0,"key":"Art of War"},{"floor":41.0,"key":"Bronze Scales"},{"floor":43.0,"key":"Unceasing Top"},{"floor":44,"key":"Calipers"}],"event_choices":[{"damage_healed":0.0,"max_hp_gain":0.0,"max_hp_loss":0.0,"gold_gain":0.0,"event_name":"Shining Light","player_choice":"Entered Light","floor":4.0,"gold_loss":0.0,"damage_taken":14.0,"cards_upgraded":["Eruption","Strike_P"]},{"damage_healed":0.0,"max_hp_gain":0.0,"max_hp_loss":0.0,"gold_gain":75.0,"event_name":"FaceTrader","player_choice":"Touch","floor":5.0,"gold_loss":0.0,"damage_taken":7.0},{"damage_healed":0.0,"max_hp_gain":0.0,"max_hp_loss":0.0,"gold_gain":30.0,"event_name":"Dead Adventurer","player_choice":"Searched \u00272\u0027 times","floor":14.0,"gold_loss":0.0,"damage_taken":0.0},{"damage_healed":0.0,"max_hp_gain":5.0,"max_hp_loss":0.0,"gold_gain":0.0,"event_name":"Forgotten Altar","player_choice":"Shed Blood","floor":19.0,"gold_loss":0.0,"damage_taken":18.0},{"damage_healed":0.0,"max_hp_gain":0.0,"max_hp_loss":0.0,"gold_gain":0.0,"event_name":"Duplicator","player_choice":"Copied","floor":22.0,"gold_loss":0.0,"damage_taken":0.0,"cards_obtained":["Vault"]},{"cards_removed":["MentalFortress"],"damage_healed":0.0,"max_hp_gain":0.0,"max_hp_loss":0.0,"gold_gain":0.0,"event_name":"Falling","player_choice":"Removed Power","floor":36.0,"gold_loss":0.0,"damage_taken":0.0},{"damage_healed":0,"gold_gain":0,"player_choice":"Fight","damage_taken":0,"max_hp_gain":0,"max_hp_loss":0,"event_name":"Mysterious Sphere","floor":44,"gold_loss":0},{"damage_healed":0,"gold_gain":0,"player_choice":"Max HP","damage_taken":0,"max_hp_gain":0,"max_hp_loss":4,"event_name":"Winding Halls","floor":46,"gold_loss":0},{"damage_healed":0,"gold_gain":0,"player_choice":"Bought 3 Potions","damage_taken":0,"max_hp_gain":0,"max_hp_loss":0,"event_name":"The Woman in Blue","floor":48,"gold_loss":0}],"is_beta":false,"boss_relics":[{"not_picked":["Busted Crown","VioletLotus"],"picked":"SlaversCollar"},{"not_picked":["Pandora\u0027s Box","Empty Cage"],"picked":"Runic Pyramid"}],"items_purged_floors":[21,47],"is_endless":false,"potions_floor_spawned":[7,8,10,11,18,24,31,33,37,41,44],"ascension_level":11}}