{"host":"rqwnmhn71fwyjegj","time":1611657898,"event":{"mods":["AchievementEnabler","BaseMod","Minty Spire (QoL Compilation)"],"gold_per_floor":[112,58,72,85,101,131,131,131,177,177,177,2,32,63,63,168,168,181,141,161,11,26,26,26,26],"floor_reached":24,"language":"ENG","playtime":1019,"items_purged":[],"score":296,"play_id":"fd988c90-9f64-4b57-90e5-1c5d29cf8124","local_time":"20210126104458","is_ascension_mode":true,"campfire_choices":[{"floor":7,"key":"REST"},{"data":"Defragment","floor":10,"key":"SMITH"},{"floor":15,"key":"REST"},{"floor":23,"key":"REST"}],"circlet_count":0,"master_deck":["Strike_B","Strike_B+1","Strike_B","Strike_B+1","Defend_B","Defend_B","Defend_B","Defend_B","Zap","Dualcast","Conserve Battery","Cold Snap","Defragment+1","Coolheaded","Conserve Battery","Capacitor","Capacitor","Buffer","Machine Learning","CurseOfTheBell","Streamline"],"relics":["Cracked Core","Pantograph","Strawberry","Orrery","Whetstone","Calling Bell","Potion Belt","Meat on the Bone","Pocketwatch","Vajra"],"acts_visited":["Exordium","TheCity"],"potions_floor_usage":[14,24,24],"damage_taken":[{"damage":4,"enemies":"Small Slimes","floor":1,"turns":4},{"damage":4,"enemies":"Cultist","floor":3,"turns":4},{"damage":1,"enemies":"2 Louse","floor":4,"turns":3},{"damage":27,"enemies":"Lots of Slimes","floor":5,"turns":6},{"damage":19,"enemies":"Lagavulin","floor":6,"turns":7},{"damage":59,"enemies":"Gremlin Nob","floor":14,"turns":7},{"damage":44,"enemies":"Hexaghost","floor":16,"turns":15},{"damage":3,"enemies":"Shell Parasite","floor":18,"turns":8},{"damage":14,"enemies":"Spheric Guardian","floor":20,"turns":5},{"damage":32,"enemies":"Shelled Parasite and Fungi","floor":22,"turns":10},{"damage":61,"enemies":"Book of Stabbing","floor":24,"turns":7}],"seed_played":"-5206193102251081692","potions_obtained":[{"floor":4,"key":"LiquidMemories"},{"floor":6,"key":"Regen Potion"},{"floor":14,"key":"FearPotion"},{"floor":19,"key":"PotionOfCapacity"},{"floor":19,"key":"Strength Potion"},{"floor":19,"key":"Ancient Potion"}],"is_trial":false,"path_per_floor":["M","$","M","M","M","E","R","?","T","R","?","$","?","E","R","B",null,"M","?","M","$","M","R","E"],"character_chosen":"DEFECT","items_purchased":["Conserve Battery","Conserve Battery","Orrery","Vajra"],"campfire_rested":3,"item_purchase_floors":[2,12,12,21],"current_hp_per_floor":[71,71,67,66,39,20,44,44,51,51,48,48,48,4,30,11,70,67,67,53,53,33,59,0,0],"gold":26,"neow_bonus":"TEN_PERCENT_HP_BONUS","is_daily":false,"chose_seed":false,"campfire_upgraded":1,"win_rate":0.0,"timestamp":1611657898,"path_taken":["M","$","M","M","M","E","R","?","T","R","?","$","?","E","R","BOSS","M","?","M","$","M","R","E"],"items_purchased_type":["Card","Card","Relic","Relic"],"build_version":"2020-12-22","purchased_purges":0,"victory":false,"max_hp_per_floor":[82,82,82,82,82,82,82,82,89,89,89,89,89,89,89,89,89,89,89,89,89,89,89,89,89],"card_choices":[{"not_picked":["Redo","Turbo","Doom and Gloom"],"picked":"SKIP","floor":1},{"not_picked":["Tempest","Gash"],"picked":"Cold Snap","floor":3},{"not_picked":["Self Repair","Steam Power"],"picked":"Defragment","floor":4},{"not_picked":["Compile Driver","BootSequence","Tempest"],"picked":"SKIP","floor":5},{"not_picked":["Steam","Rebound"],"picked":"Coolheaded","floor":6},{"not_picked":["Multi-Cast","All For One"],"picked":"Capacitor","floor":12},{"not_picked":["Turbo","Cold Snap"],"picked":"Capacitor","floor":12},{"not_picked":["Blizzard","Heatsinks"],"picked":"Buffer","floor":14},{"not_picked":["Biased Cognition","Hyperbeam"],"picked":"Machine Learning","floor":16},{"not_picked":["Steam","Leap"],"picked":"Streamline","floor":18},{"not_picked":["Go for the Eyes","Stack","Steam"],"picked":"SKIP","floor":20},{"not_picked":["Steam Power","All For One","Conserve Battery"],"picked":"SKIP","floor":22}],"player_experience":330325,"relics_obtained":[{"floor":6,"key":"Pantograph"},{"floor":9,"key":"Strawberry"},{"floor":14,"key":"Whetstone"},{"floor":17,"key":"Potion Belt"},{"floor":17,"key":"Meat on the Bone"},{"floor":17,"key":"Pocketwatch"}],"event_choices":[{"damage_healed":0,"gold_gain":0,"player_choice":"Ignored","damage_taken":0,"max_hp_gain":0,"max_hp_loss":0,"event_name":"Golden Idol","floor":8,"gold_loss":0},{"damage_healed":0,"gold_gain":0,"player_choice":"Fled","damage_taken":3,"max_hp_gain":0,"max_hp_loss":0,"event_name":"Scrap Ooze","floor":11,"gold_loss":0},{"damage_healed":0,"gold_gain":30,"player_choice":"Searched \u00271\u0027 times","damage_taken":0,"max_hp_gain":0,"max_hp_loss":0,"event_name":"Dead Adventurer","floor":13,"gold_loss":0},{"damage_healed":0,"gold_gain":0,"player_choice":"Bought 3 Potions","damage_taken":0,"max_hp_gain":0,"max_hp_loss":0,"event_name":"The Woman in Blue","floor":19,"gold_loss":0}],"is_beta":false,"boss_relics":[{"not_picked":["Coffee Dripper","Astrolabe"],"picked":"Calling Bell"}],"items_purged_floors":[],"is_endless":false,"potions_floor_spawned":[4,6,14,22],"killed_by":"Book of Stabbing","ascension_level":9}}