{"host":"b7j598ve05halrwk","time":1611629356,"event":{"mods":["2.2 Compatiblity","BaseMod","Block Reminder","DeckTracker","Minty Spire (QoL Compilation)","Relic Stats","Slay the Relics Exporter","StSLib","ojb\u0027s Better Paths Mod","ojb\u0027s Info Mod"],"gold_per_floor":[110,11,23,23,41,68,68,100,100,117,147,147,9,41,41,120,120,120,120,120,120,120,120,120,120,120],"floor_reached":25,"language":"ENG","playtime":2296,"items_purged":["Shame"],"score":502,"play_id":"5e05b85c-a249-4101-9a31-2201b5cf96f8","local_time":"20210125214916","is_ascension_mode":true,"campfire_choices":[{"data":"Defragment","floor":7.0,"key":"SMITH"},{"data":"Beam Cell","floor":12.0,"key":"SMITH"},{"data":"Doom and Gloom","floor":15.0,"key":"SMITH"},{"data":"Defragment","floor":24,"key":"SMITH"}],"circlet_count":0,"master_deck":["AscendersBane","Strike_B","Strike_B","Strike_B","Defend_B","Defend_B","Defend_B","Zap","Dualcast","Stack","Gash","Beam Cell+1","Ball Lightning","Rebound","BootSequence","Defragment+1","Hologram+1","Compile Driver","Conserve Battery+1","Undo+1","Steam+1","Doom and Gloom+1","Multi-Cast+1","Coolheaded+1","FTL","Defragment+1","Recycle+1","Core Surge"],"relics":["Cracked Core","Toxic Egg 2","Bottled Flame","White Beast Statue","Eternal Feather","Ectoplasm","Nloth\u0027s Gift","Ginger"],"acts_visited":["Exordium","TheCity"],"potions_floor_usage":[23,23],"damage_taken":[{"damage":1.0,"enemies":"Cultist","floor":1.0,"turns":3.0},{"damage":0.0,"enemies":"Small Slimes","floor":3.0,"turns":2.0},{"damage":1.0,"enemies":"2 Louse","floor":5.0,"turns":2.0},{"damage":6.0,"enemies":"Lagavulin","floor":6.0,"turns":5.0},{"damage":21.0,"enemies":"3 Sentries","floor":8.0,"turns":6.0},{"damage":0.0,"enemies":"Red Slaver","floor":10.0,"turns":2.0},{"damage":15.0,"enemies":"Lagavulin","floor":11.0,"turns":6.0},{"damage":17.0,"enemies":"3 Sentries","floor":14.0,"turns":6.0},{"damage":8.0,"enemies":"Slime Boss","floor":16.0,"turns":7.0},{"damage":0.0,"enemies":"Chosen","floor":18.0,"turns":3.0},{"damage":3.0,"enemies":"Shell Parasite","floor":19.0,"turns":5.0},{"damage":28.0,"enemies":"Cultist and Chosen","floor":21.0,"turns":6.0},{"damage":21,"enemies":"Shelled Parasite and Fungi","floor":22,"turns":6},{"damage":7,"enemies":"Slavers","floor":23,"turns":6},{"damage":47,"enemies":"Gremlin Leader","floor":25,"turns":5}],"seed_played":"927600028440699166","potions_obtained":[{"floor":1.0,"key":"SkillPotion"},{"floor":10.0,"key":"Strength Potion"},{"floor":11.0,"key":"Strength Potion"},{"floor":14.0,"key":"FairyPotion"},{"floor":16.0,"key":"Fire Potion"},{"floor":18.0,"key":"EntropicBrew"},{"floor":23,"key":"CultistPotion"}],"is_trial":false,"path_per_floor":["M","$","M","?","M","E","R","E","T","M","E","R","$","E","R","B",null,"M","M","?","M","M","E","R","E"],"character_chosen":"DEFECT","items_purchased":["Ball Lightning","Undo+1","Steam+1"],"campfire_rested":0,"item_purchase_floors":[2,13,13],"current_hp_per_floor":[63,63,63,63,62,56,56,35,35,35,20,29,29,12,24,16,57,57,54,54,26,5,21,36,0,0],"gold":120,"neow_bonus":"TRANSFORM_TWO_CARDS","is_daily":false,"chose_seed":false,"campfire_upgraded":4,"win_rate":0.0,"timestamp":1611629356,"path_taken":["M","$","?","?","M","E","R","E","T","M","E","R","$","E","R","BOSS","M","M","?","M","M","E","R","E"],"items_purchased_type":["Card","Card","Card"],"build_version":"2020-12-22","purchased_purges":1,"victory":false,"max_hp_per_floor":[71,71,71,71,71,71,71,71,71,71,71,71,71,71,71,71,71,71,71,71,71,71,71,71,71,71],"relic_stats":{"counters":[15,70],"Eternal Feather":36,"Ectoplasm":90,"Nloth\u0027s Gift":2,"Ginger":[1],"obtain_stats":[{"Bottled Flame":8,"Gambling Chip":14,"Eternal Feather":11,"Ectoplasm":17,"Nloth\u0027s Gift":20,"Ginger":23,"Toxic Egg 2":6,"Cracked Core":0,"White Beast Statue":9},{"Bottled Flame":5,"Gambling Chip":8,"Eternal Feather":7,"Ectoplasm":9,"Nloth\u0027s Gift":11,"Ginger":14,"Toxic Egg 2":4,"Cracked Core":0,"White Beast Statue":5},{"Bottled Flame":18,"Gambling Chip":32,"Eternal Feather":26,"Ectoplasm":39,"Nloth\u0027s Gift":47,"Ginger":65,"Toxic Egg 2":12,"Cracked Core":0,"White Beast Statue":18}]},"card_choices":[{"not_picked":["Defragment","Darkness"],"picked":"Beam Cell","floor":1.0},{"not_picked":["Beam Cell","Heatsinks"],"picked":"Rebound","floor":3.0},{"not_picked":["Skim","Chaos"],"picked":"BootSequence","floor":5.0},{"not_picked":["Glacier+1","Streamline"],"picked":"Defragment","floor":6.0},{"not_picked":["Consume+1","Streamline"],"picked":"Hologram+1","floor":8.0},{"not_picked":["Gash","Scrape"],"picked":"Compile Driver","floor":10.0},{"not_picked":["Gash","Heatsinks"],"picked":"Conserve Battery+1","floor":11.0},{"not_picked":["Force Field+1","Scrape"],"picked":"Doom and Gloom","floor":14.0},{"not_picked":["Thunder Strike","Machine Learning"],"picked":"Multi-Cast+1","floor":16.0},{"not_picked":["Beam Cell","Sweeping Beam"],"picked":"Coolheaded+1","floor":18.0},{"not_picked":["Barrage","Ball Lightning"],"picked":"FTL","floor":19.0},{"not_picked":["Consume+1","Gash"],"picked":"Defragment","floor":21},{"not_picked":["Stack+1","Static Discharge"],"picked":"Recycle+1","floor":22},{"not_picked":["Hyperbeam","BootSequence+1"],"picked":"Core Surge","floor":23}],"player_experience":1043645,"relics_obtained":[{"floor":6.0,"key":"Toxic Egg 2"},{"floor":8.0,"key":"Bottled Flame"},{"floor":9.0,"key":"White Beast Statue"},{"floor":11.0,"key":"Eternal Feather"},{"floor":14.0,"key":"Gambling Chip"},{"floor":23,"key":"Ginger"}],"event_choices":[{"damage_healed":0.0,"max_hp_gain":0.0,"max_hp_loss":0.0,"gold_gain":0.0,"event_name":"Liars Game","player_choice":"Ignored","floor":4.0,"gold_loss":0.0,"damage_taken":0.0},{"damage_healed":0.0,"max_hp_gain":0.0,"max_hp_loss":0.0,"gold_gain":0.0,"event_name":"N\u0027loth","player_choice":"Traded Relic","floor":20.0,"relics_lost":["Gambling Chip"],"gold_loss":0.0,"damage_taken":0.0,"relics_obtained":["Nloth\u0027s Gift"]}],"is_beta":false,"boss_relics":[{"not_picked":["SlaversCollar","Inserter"],"picked":"Ectoplasm"}],"items_purged_floors":[2],"is_endless":false,"potions_floor_spawned":[1,10,11,14,16,18,19,21,22,23],"killed_by":"Gremlin Leader","ascension_level":20}}