{"host":"cyei475933pvpemq","time":1611626347,"event":{"mods":["Act Like it!","Aspiration","BaseMod","Better Third Choice","BetterRewards","Colored Map","Colored Powertips","Downfall","Energized Spire","Highlight Path","Hubris","Hyrulean Relics","Lobotomy","Mimic Mod","Minty Spire (QoL Compilation)","Replay The Spire","Spicy Shops","Spikes Relics","StSLib","Uncapped"],"gold_per_floor":[99,110,127,127,140,182,182,195,225,238,238,258,258,258,258],"floor_reached":13,"language":"ENG","playtime":817,"items_purged":[],"score":77,"play_id":"bac60812-6750-4310-8a5b-c7b8e3e61863","local_time":"20210126025907","is_ascension_mode":false,"campfire_choices":[{"floor":1,"key":"RECALL"}],"circlet_count":0,"master_deck":["hexamod:Strike","hexamod:Strike","hexamod:Strike","hexamod:Defend","hexamod:Defend","hexamod:Defend","hexamod:Defend","hexamod:Sear","hexamod:Float","hexamod:InspiringFlames","hexamod:ExtraCrispy","hexamod:ThirdSeal","hexamod:EmpoweredFlame","hexamod:SearingWound+1","hexamod:Firestarter","hexamod:FirstSeal","hexamod:BurningTouch","hexamod:ExtraCrispy","hexamod:EmpoweredFlame"],"relics":["hexamod:SpiritBrand","Omamori"],"acts_visited":["Exordium"],"potions_floor_usage":[10,13,13],"damage_taken":[{"damage":0,"enemies":"Small Slimes","floor":2,"turns":3},{"damage":1,"enemies":"Jaw Worm","floor":3,"turns":4},{"damage":0,"enemies":"2 Louse","floor":5,"turns":3},{"damage":15,"enemies":"Large Slime","floor":8,"turns":10},{"damage":15,"enemies":"Exordium Thugs","floor":10,"turns":8},{"damage":22,"enemies":"Red Slaver","floor":12,"turns":5},{"damage":12,"enemies":"Replay:BlueRogue","floor":13,"turns":3}],"seed_played":"-8185323060784580301","potions_obtained":[{"floor":2,"key":"Toxic Potion"},{"floor":5,"key":"Block Potion"},{"floor":6,"key":"Energy Potion"}],"is_trial":false,"path_per_floor":["R","M","M","?","M","?","T","M","?","M","?","M","E"],"character_chosen":"THE_SPIRIT","items_purchased":[],"campfire_rested":0,"item_purchase_floors":[],"current_hp_per_floor":[77,77,76,76,76,46,46,31,31,23,23,8,0,0,0],"gold":258,"neow_bonus":"TEN_PERCENT_HP_BONUS","is_daily":false,"chose_seed":false,"campfire_upgraded":0,"win_rate":0.0,"timestamp":1611626347,"path_taken":["R","M","M","?","M","?","T","M","?","M","?","?","E"],"items_purchased_type":[],"build_version":"2020-12-22","purchased_purges":0,"victory":false,"max_hp_per_floor":[77,77,77,77,77,77,77,77,77,77,77,77,77,77,77],"card_choices":[{"not_picked":["hexamod:Rewind","hexamod:ShieldOfDarkness"],"picked":"hexamod:InspiringFlames","floor":2},{"not_picked":["hexamod:AdvancingGuard","hexamod:GhostShield"],"picked":"hexamod:ExtraCrispy","floor":3},{"not_picked":["hexamod:Hexaguard","hexamod:GhostLash"],"picked":"hexamod:ThirdSeal","floor":5},{"not_picked":["hexamod:Again","hexamod:Firestarter"],"picked":"hexamod:EmpoweredFlame","floor":6},{"not_picked":["hexamod:AdvancingGuard","hexamod:CatchUp"],"picked":"hexamod:SearingWound","floor":6},{"not_picked":["hexamod:NightmareStrike","hexamod:BacktrackSmack"],"picked":"hexamod:Firestarter","floor":8},{"not_picked":["hexamod:HeatShield","hexamod:Firestarter"],"picked":"hexamod:FirstSeal","floor":8},{"not_picked":["hexamod:EtherealExpedition","hexamod:HeatMetal"],"picked":"hexamod:BurningTouch","floor":10},{"not_picked":["hexamod:NightmareStrike","hexamod:RetreatToShadows","hexamod:SpectersWail"],"picked":"SKIP","floor":10},{"not_picked":["hexamod:FastForward","hexamod:CatchUp"],"picked":"hexamod:ExtraCrispy","floor":12},{"not_picked":["hexamod:BurningTouch","hexamod:Rewind"],"picked":"hexamod:EmpoweredFlame","floor":12}],"player_experience":319041,"relics_obtained":[{"floor":6,"key":"Omamori"}],"event_choices":[],"is_beta":false,"boss_relics":[],"items_purged_floors":[],"is_endless":false,"potions_floor_spawned":[2,5],"killed_by":"Replay:BlueRogue","ascension_level":0}}