{"host":"nia1zwr35jsu5y7h","time":1611624631,"event":{"mods":["2.2 Compatiblity","Abigail Mod","Bard","BaseMod","Colored Map","Conspire","Downfall","Friendly Minions","Hermit","Highlight Path","Hubris","Infinite Spire","Kiyohime????","Koishi","Marisa????????","Minty Spire (QoL Compilation)","Quick Restart","Replay The Spire","Shade Mod","Shop Mod","StSLib","The Administrix","The Animator","The Construct","The Cursed","The Disciple","The Mystic","The Necromancer","The Servant 0.9.4"],"gold_per_floor":[115,115,131,19,19,58,58,94,94,139,21,46,0,0,0,119,144,158,182,207,207,207],"floor_reached":21,"language":"ENG","playtime":1294,"items_purged":[],"score":325,"play_id":"f0e2a3c1-bc15-4bac-a6ee-08a6b28b5a01","local_time":"20210125173031","is_ascension_mode":true,"campfire_choices":[{"data":"animator:Envy","floor":7.0,"key":"SMITH"},{"data":"animator:NagisaMomoe","floor":15,"key":"SMITH"}],"circlet_count":0,"master_deck":["animator:Strike_Fate","animator:Defend_Fate","animator:Strike","animator:Strike","animator:Strike","animator:Defend","animator:Defend","animator:Alexander","animator:Rider","animator:YachiyoNanami","animator:WinryRockbell","animator:SayakaMiki","animator:Envy+1","animator:NagisaMomoe+1","animator:Cocytus","animator:WinryRockbell","animator:Benimaru","animator:Gilgamesh+2","animator:DolaSchwi","animator:Elesis","animator:DolaSchwi","animator:ChlammyZell"],"relics":["animator:LivingPicture","animator:TheMissingPiece","animator:PurgingStone","NeowsBlessing","Golden Idol","Champion Belt","Replay:Rubber Ducky","Paper Frog","ReplayTheSpireMod:Lightbulb","Coffee Dripper","Shuriken"],"acts_visited":["Exordium","TheCity"],"potions_floor_usage":[8,10,19,21],"damage_taken":[{"damage":0.0,"enemies":"Jaw Worm","floor":1.0,"turns":1.0},{"damage":0.0,"enemies":"Small Slimes","floor":3.0,"turns":1.0},{"damage":0.0,"enemies":"Gremlin Nob","floor":6.0,"turns":1.0},{"damage":0,"enemies":"Lagavulin","floor":8,"turns":16},{"damage":6,"enemies":"3 Sentries","floor":10,"turns":12},{"damage":4,"enemies":"2 Louse","floor":12,"turns":4},{"damage":0,"enemies":"Fading Forest","floor":16,"turns":11},{"damage":0,"enemies":"Spheric Guardian","floor":18,"turns":6},{"damage":16,"enemies":"3 Byrds","floor":19,"turns":5},{"damage":59,"enemies":"3 Cultists","floor":21,"turns":5}],"seed_played":"2988470936803080483","potions_obtained":[{"floor":3.0,"key":"FearPotion"},{"floor":8,"key":"EssenceOfSteel"},{"floor":10,"key":"Block Potion"},{"floor":12,"key":"AttackPotion"},{"floor":19,"key":"Weak Potion"}],"is_trial":false,"path_per_floor":["M","?","M","$","?","E","R","E","T","E","$","M","$","?","R","B",null,"M","M","?","M"],"character_chosen":"THE_ANIMATOR","items_purchased":["animator:WinryRockbell","animator:SayakaMiki","animator:WinryRockbell","animator:Benimaru","animator:DolaSchwi"],"campfire_rested":0,"item_purchase_floors":[4,4,11,11,13],"current_hp_per_floor":[66,59,59,59,59,59,59,59,59,53,53,49,49,49,49,59,61,61,45,45,0,0],"gold":207,"neow_bonus":"THREE_ENEMY_KILL","is_daily":false,"chose_seed":false,"campfire_upgraded":2,"win_rate":0.0,"timestamp":1611624631,"path_taken":["M","?","M","$","?","E","R","E","T","E","?","M","$","?","R","BOSS","M","M","?","?"],"items_purchased_type":["Card","Card","Card","Card","Card"],"build_version":"2020-12-22","purchased_purges":0,"victory":false,"max_hp_per_floor":[66,66,66,66,61,61,61,61,61,61,61,61,61,61,61,61,61,61,61,61,61,61],"card_choices":[{"not_picked":["animator:Jibril","animator:ChlammyZell"],"picked":"animator:YachiyoNanami","floor":1.0},{"not_picked":["animator:Viivi","animator:Ara","animator:Shion"],"picked":"SKIP","floor":3.0},{"not_picked":["animator:NarberalGamma","animator:GazelDwargon"],"picked":"animator:Envy","floor":6.0},{"not_picked":["animator:OrikoMikuni","animator:YuiTsuruno"],"picked":"animator:NagisaMomoe","floor":8},{"not_picked":["animator:Archer","animator:Shuna"],"picked":"animator:Cocytus","floor":10},{"not_picked":["animator:Vesta","animator:Benimaru"],"picked":"animator:Gilgamesh","floor":12},{"not_picked":["animator:Eris","animator:Wiz"],"picked":"animator:Elesis","floor":16},{"not_picked":["animator:Vesta+1","animator:IzunaHatsuse"],"picked":"animator:DolaSchwi","floor":18},{"not_picked":["animator:DolaCouronne","animator:DolaSchwi"],"picked":"animator:ChlammyZell","floor":19}],"player_experience":2259729,"relics_obtained":[{"floor":6.0,"key":"Champion Belt"},{"floor":8,"key":"Replay:Rubber Ducky"},{"floor":9,"key":"Paper Frog"},{"floor":10,"key":"ReplayTheSpireMod:Lightbulb"}],"event_choices":[{"cards_removed":["animator:Defend"],"damage_healed":0.0,"max_hp_gain":0.0,"max_hp_loss":0.0,"gold_gain":0.0,"event_name":"Golden Wing","player_choice":"Card Removal","floor":2.0,"gold_loss":0.0,"damage_taken":7.0},{"damage_healed":0.0,"max_hp_gain":0.0,"max_hp_loss":5.0,"gold_gain":0.0,"event_name":"Golden Idol","player_choice":"Lose Max HP","floor":5.0,"gold_loss":0.0,"damage_taken":0.0,"relics_obtained":["Golden Idol"]}],"is_beta":false,"boss_relics":[{"not_picked":["Philosopher\u0027s Stone","Replay:Drink Me"],"picked":"Coffee Dripper"}],"items_purged_floors":[],"is_endless":false,"potions_floor_spawned":[3,8,10,12,19],"killed_by":"3 Cultists","ascension_level":2}}