{"host":"meib18gsulage5jw","time":1611679661,"event":{"mods":["Aspiration","BaseMod","BetterRewards","CCEM2","Colored Map","Conspire","Defuse TimeMaze Blight","Energized Spire","Hubris","Infinite Spire","Minty Spire (QoL Compilation)","Relic Sorter","Reliquary","Replay The Spire","Spikes Relics","StSLib","The Blue Laboratory","Uncapped"],"gold_per_floor":[118,118,118,136,168,168,185,202,202,232,232,232,259,277,277,381,381,394,414,425,425,425],"floor_reached":21,"language":"ENG","playtime":920,"items_purged":[],"score":181,"play_id":"f42d5cbc-12ec-43f4-b047-0ccd4466071b","local_time":"20210127024741","is_ascension_mode":false,"campfire_choices":[{"data":"theextravagant:GlyphOfTime","floor":6.0,"key":"SMITH"},{"floor":11.0,"key":"REST"},{"floor":15.0,"key":"REST"}],"circlet_count":0,"master_deck":["theextravagant:SlyStrike","theextravagant:SlyStrike","theextravagant:SlyStrike","theextravagant:SlyStrike","theextravagant:Fence","theextravagant:Fence","theextravagant:Fence","theextravagant:Fence","theextravagant:QuickAttack","theextravagant:Triumph","theextravagant:Firework","theextravagant:Urgency","theextravagant:GlyphOfTime+1","theextravagant:Aggression","theextravagant:PuffUp","theextravagant:FocusStab","theextravagant:Tension","theextravagant:Nihil","theextravagant:Razor+1","theextravagant:Shake"],"relics":["theextravagant:TranslucentFeather","aspiration:Nostalgia","Ring of the Snake","hubris:Towel","infinitespire:Joker Card","Garlic","CCEMRelics:PorcelainBowl","Odd Mushroom","Smiling Mask","CCEMRelics:JestersCrown","CCEMRelics:DefectiveTurbocharger"],"acts_visited":["Exordium","TheCity"],"potions_floor_usage":[],"damage_taken":[{"damage":0.0,"enemies":"2 Louse","floor":1.0,"turns":3.0},{"damage":0.0,"enemies":"conspire:RoseBush","floor":4.0,"turns":2.0},{"damage":18.0,"enemies":"conspire:MimicChest","floor":5.0,"turns":5.0},{"damage":0.0,"enemies":"Small Slimes","floor":7.0,"turns":2.0},{"damage":2.0,"enemies":"conspire:2 RoseBushes","floor":8.0,"turns":4.0},{"damage":9.0,"enemies":"The Mushroom Lair","floor":10.0,"turns":4.0},{"damage":17.0,"enemies":"Gremlin Nob","floor":13.0,"turns":4.0},{"damage":0.0,"enemies":"Looter","floor":14.0,"turns":3.0},{"damage":21.0,"enemies":"The Guardian","floor":16.0,"turns":6.0},{"damage":30.0,"enemies":"Spheric Guardian","floor":18.0,"turns":7.0},{"damage":29.0,"enemies":"Shell Parasite","floor":19.0,"turns":6.0},{"damage":0.0,"enemies":"Snake Plant","floor":20.0,"turns":5.0},{"damage":48,"enemies":"3 Cultists","floor":21,"turns":5}],"seed_played":"8060659748331332930","potions_obtained":[{"floor":1.0,"key":"AttackPotion"},{"floor":5.0,"key":"Toxic Potion"},{"floor":8.0,"key":"Ancient Potion"},{"floor":16.0,"key":"blueLaboratory:FruitPreserves"},{"floor":19.0,"key":"Flashbang"}],"is_trial":false,"path_per_floor":["M","?","?","M","?","R","M","M","T","?","R","?","E","M","R","B",null,"M","M","M","M"],"character_chosen":"THE_EXTRAVAGANT","items_purchased":[],"campfire_rested":2,"item_purchase_floors":[],"current_hp_per_floor":[75,75,68,68,50,50,50,48,48,39,61,61,44,44,66,45,75,45,37,37,0,0],"gold":425,"neow_bonus":"NOSTALGIA","is_daily":false,"chose_seed":false,"campfire_upgraded":1,"win_rate":0.0,"timestamp":1611679661,"path_taken":["M","?","?","M","?","R","?","M","T","?","R","?","E","M","R","BOSS","M","M","M","M"],"items_purchased_type":[],"build_version":"2020-12-22","purchased_purges":0,"victory":false,"max_hp_per_floor":[75,75,75,75,75,75,75,75,75,75,75,75,75,75,75,75,75,75,75,75,75,75],"card_choices":[{"not_picked":["theextravagant:Defy","theextravagant:Twitch"],"picked":"theextravagant:Firework","floor":1.0},{"not_picked":["theextravagant:GustOfWind","theextravagant:GarbageCannon"],"picked":"theextravagant:Urgency","floor":4.0},{"not_picked":["theextravagant:Twostep","theextravagant:Riot"],"picked":"theextravagant:GlyphOfTime","floor":5.0},{"not_picked":["theextravagant:GlyphOfPower","theextravagant:ZeroHero"],"picked":"theextravagant:Aggression","floor":7.0},{"not_picked":["theextravagant:GarbageCannon","theextravagant:Clairvoyance","theextravagant:Drift"],"picked":"SKIP","floor":8.0},{"not_picked":["theextravagant:Precaution","theextravagant:Overpower"],"picked":"theextravagant:PuffUp","floor":10.0},{"not_picked":["theextravagant:Impulse","theextravagant:Aggression"],"picked":"theextravagant:FocusStab","floor":13.0},{"not_picked":["theextravagant:Defy","theextravagant:Flashback"],"picked":"theextravagant:Tension","floor":14.0},{"not_picked":["theextravagant:RiskyStrike","theextravagant:ManifestIllusion"],"picked":"theextravagant:Nihil","floor":16.0},{"not_picked":["theextravagant:Twitch","theextravagant:StepBack"],"picked":"theextravagant:Razor+1","floor":18.0},{"not_picked":["theextravagant:StepBack","theextravagant:GlyphOfChoice"],"picked":"theextravagant:Shake","floor":19.0},{"not_picked":["theextravagant:Defy+1","theextravagant:Shove","theextravagant:Ambush+1"],"picked":"SKIP","floor":20.0}],"player_experience":326289,"relics_obtained":[{"floor":5.0,"key":"Garlic"},{"floor":9.0,"key":"CCEMRelics:PorcelainBowl"},{"floor":10.0,"key":"Odd Mushroom"},{"floor":12.0,"key":"Smiling Mask"},{"floor":13.0,"key":"CCEMRelics:JestersCrown"}],"event_choices":[{"damage_healed":0.0,"max_hp_gain":0.0,"max_hp_loss":0.0,"gold_gain":0.0,"event_name":"Scrap Ooze","player_choice":"Success","floor":3.0,"gold_loss":0.0,"damage_taken":7.0,"relics_obtained":["infinitespire:Joker Card"]},{"damage_healed":0.0,"max_hp_gain":0.0,"max_hp_loss":0.0,"gold_gain":0.0,"event_name":"Mushrooms","player_choice":"Fought Mushrooms","floor":10.0,"gold_loss":0.0,"damage_taken":0.0}],"is_beta":false,"boss_relics":[{"not_picked":["aspiration:SecretTechniqueScroll","CCEMRelics:ReaperScythe"],"picked":"CCEMRelics:DefectiveTurbocharger"}],"items_purged_floors":[],"is_endless":false,"potions_floor_spawned":[1,5,8,16,19],"killed_by":"3 Cultists","ascension_level":0}}