{"host":"uvmuduost5bzvojs","time":1611634002,"event":{"mods":["Aspiration","Bard","BaseMod","Better Match","Block Reminder","Conspire","Hermit","Highlight Path","Hubris","Infinite Spire","Jorbs\u0027s Wanderer Trilogy","Mad Scientist","Marisa????????","Mimic Mod","Minty Spire (QoL Compilation)","Potionbrewer","Replay The Spire","Robot Space Explorer","StSLib","The Blackbeard","The Construct","The Cursed","The Disciple","The Hayseed","The Hierophant","The Juggle","The Jungle","The Poker Player","The Runesmith","The Servant 0.9.4","The Spell Scribe","The Valiant","TheBandit"],"gold_per_floor":[115,196,51,82,82,127,127,158,212,112,162,195,195,195],"floor_reached":13,"language":"ENG","playtime":558,"items_purged":["hierophant:Strike_Hierophant","hierophant:Strike_Hierophant"],"score":118,"play_id":"e5fac200-7679-422c-bada-a26d20fc3b57","local_time":"20210125230642","is_ascension_mode":false,"campfire_choices":[],"circlet_count":0,"master_deck":["hierophant:Strike_Hierophant","hierophant:Punish","hierophant:Defend_Hierophant","hierophant:Defend_Hierophant","hierophant:Defend_Hierophant","hierophant:Defend_Hierophant","hierophant:ChurchCoffers","hierophant:Doubloon","hierophant:CoinFling","hierophant:Dazzle","hierophant:Doubloon","hierophant:OrnateBuckler","hierophant:EyeForCoin","hierophant:Doubloon"],"relics":["hierophant:PropheticMaskRelic","NeowsBlessing","potionbrewer:SlideRule","hubris:CrystalStatue","potionbrewer:ToyAutogyro","Happy Flower","Du-Vu Doll"],"acts_visited":["Exordium"],"potions_floor_usage":[13],"damage_taken":[{"damage":0,"enemies":"Cultist","floor":1,"turns":1},{"damage":0,"enemies":"Small Slimes","floor":4,"turns":1},{"damage":0,"enemies":"Lagavulin","floor":6,"turns":1},{"damage":0,"enemies":"Jaw Worm","floor":8,"turns":3},{"damage":0,"enemies":"Exordium Wildlife","floor":9,"turns":7},{"damage":18,"enemies":"3 Sentries","floor":11,"turns":9},{"damage":3,"enemies":"Exordium Wildlife","floor":12,"turns":3},{"damage":57,"enemies":"Gremlin Nob","floor":13,"turns":5}],"seed_played":"3594275595957708402","potions_obtained":[{"floor":1,"key":"Ancient Potion"},{"floor":6,"key":"Milkshake"},{"floor":11,"key":"AttackPotion"}],"is_trial":false,"path_per_floor":["M","T","$","M","T","E","?","M","MIM","$","E","M","E"],"character_chosen":"HIEROPHANT","items_purchased":["hierophant:Dazzle"],"campfire_rested":0,"item_purchase_floors":[3],"current_hp_per_floor":[75,75,75,75,75,75,75,75,75,75,57,54,0,0],"gold":195,"neow_bonus":"THREE_ENEMY_KILL","is_daily":false,"chose_seed":false,"campfire_upgraded":0,"win_rate":0.0,"timestamp":1611634002,"path_taken":["M","?","$","?","?","E","?","M","MIM","$","E","M","E"],"items_purchased_type":["Card"],"build_version":"2020-12-22","purchased_purges":2,"victory":false,"max_hp_per_floor":[75,75,75,75,75,75,75,75,75,75,75,75,75,75],"card_choices":[{"not_picked":["hierophant:HolyVerse","hierophant:Remorse"],"picked":"hierophant:CoinFling","floor":1},{"not_picked":["hierophant:DisplayOfPower","hierophant:SealAway","hierophant:Repentance"],"picked":"SKIP","floor":4},{"not_picked":["hierophant:Rebuild","hierophant:Upheaval","hierophant:Zeal"],"picked":"SKIP","floor":6},{"not_picked":["hierophant:Purify","hierophant:RepressedViolence"],"picked":"hierophant:OrnateBuckler","floor":8},{"not_picked":["hierophant:RepressedViolence","hierophant:Doomsaying","hierophant:Community"],"picked":"SKIP","floor":11},{"not_picked":["hierophant:RecallFunds","hierophant:Zeal"],"picked":"hierophant:EyeForCoin","floor":12}],"player_experience":1813696,"relics_obtained":[{"floor":2,"key":"potionbrewer:SlideRule"},{"floor":5,"key":"hubris:CrystalStatue"},{"floor":6,"key":"potionbrewer:ToyAutogyro"},{"floor":9,"key":"Happy Flower"},{"floor":11,"key":"Du-Vu Doll"}],"event_choices":[{"cards_removed":["hierophant:Strike_Hierophant"],"damage_healed":0,"gold_gain":0,"player_choice":"Purged","damage_taken":0,"max_hp_gain":0,"max_hp_loss":0,"event_name":"Purifier","floor":7,"gold_loss":0}],"is_beta":false,"boss_relics":[],"items_purged_floors":[3,10],"is_endless":false,"potions_floor_spawned":[1,6,11,12],"killed_by":"Gremlin Nob","ascension_level":0}}