{"host":"f5gffvlv6a66yqkd","time":1611624176,"event":{"mods":["2.2 Compatiblity","BaseMod","Colored Map","Custom Start","DeckTracker","Keyboard Shortcuts","Minty Spire (QoL Compilation)","Permanent Neow","Quick Restart","Relic Stats","StSLib","SuperFastMode"],"gold_per_floor":[109,129,129,140,158,158,176,176,176,176,195,94,94,51,51,125,125,135,153,153,153,171,171,171,96,96,106,106,123,48,64,64,64,64],"floor_reached":33,"language":"KOR","playtime":802,"items_purged":["Strike_B+1"],"score":478,"play_id":"71ad6d96-ddf9-480a-8131-eda933693494","local_time":"20210126102256","is_ascension_mode":true,"campfire_choices":[{"data":"Redo","floor":6.0,"key":"SMITH"},{"data":"Zap","floor":8.0,"key":"SMITH"},{"data":"Dualcast","floor":10.0,"key":"SMITH"},{"data":"Darkness","floor":13.0,"key":"SMITH"},{"data":"Coolheaded","floor":15.0,"key":"SMITH"},{"data":"Seek","floor":23.0,"key":"SMITH"},{"data":"Capacitor","floor":28,"key":"SMITH"},{"floor":32,"key":"REST"}],"circlet_count":0,"master_deck":["AscendersBane","Strike_B+1","Strike_B+1","Defend_B+1","Defend_B+1","Defend_B+1","Defend_B+1","Zap+1","Dualcast+1","Conserve Battery","Doom and Gloom","Compile Driver","Redo+1","Leap","Reboot","Coolheaded+1","Darkness+1","Self Repair","Seek+1","Capacitor+1","Reinforced Body","Glacier","Chaos"],"relics":["Cracked Core","HornCleat","Nuclear Battery"],"acts_visited":["Exordium","TheCity"],"potions_floor_usage":[27,33],"damage_taken":[{"damage":4.0,"enemies":"Small Slimes","floor":1.0,"turns":3.0},{"damage":1.0,"enemies":"Cultist","floor":2.0,"turns":4.0},{"damage":8.0,"enemies":"2 Louse","floor":4.0,"turns":3.0},{"damage":9.0,"enemies":"Blue Slaver","floor":5.0,"turns":4.0},{"damage":0.0,"enemies":"Large Slime","floor":7.0,"turns":4.0},{"damage":1.0,"enemies":"Exordium Wildlife","floor":11.0,"turns":2.0},{"damage":22.0,"enemies":"Hexaghost","floor":16.0,"turns":7.0},{"damage":7.0,"enemies":"Shell Parasite","floor":18.0,"turns":6.0},{"damage":13.0,"enemies":"2 Thieves","floor":19.0,"turns":3.0},{"damage":18.0,"enemies":"Snecko","floor":22.0,"turns":6.0},{"damage":22,"enemies":"3 Cultists","floor":27,"turns":6},{"damage":4,"enemies":"Shelled Parasite and Fungi","floor":29,"turns":7},{"damage":28,"enemies":"Sentry and Sphere","floor":31,"turns":9},{"damage":53,"enemies":"Automaton","floor":33,"turns":6}],"seed_played":"5066441133072238775","potions_obtained":[{"floor":1.0,"key":"Strength Potion"},{"floor":5.0,"key":"Strength Potion"},{"floor":22.0,"key":"Fire Potion"},{"floor":31,"key":"SmokeBomb"}],"is_trial":false,"path_per_floor":["M","M","?","M","M","R","M","R","T","R","M","$","R","$","R","B",null,"M","M","?","?","M","R","?","$","T","M","R","M","?","M","R","B"],"character_chosen":"DEFECT","items_purchased":["Coolheaded","Darkness","Self Repair"],"campfire_rested":1,"item_purchase_floors":[12,12,14],"current_hp_per_floor":[67,66,78,70,61,61,61,61,61,61,60,60,60,60,60,45,70,70,57,57,57,46,46,46,46,46,31,31,34,34,13,36,0,0],"gold":64,"neow_bonus":"TEN_PERCENT_HP_BONUS","is_daily":false,"chose_seed":false,"campfire_upgraded":7,"win_rate":0.0,"timestamp":1611624176,"path_taken":["M","M","?","M","M","R","?","R","T","R","M","?","R","$","R","BOSS","M","M","?","?","M","R","?","$","T","M","R","M","?","M","R","BOSS"],"items_purchased_type":["Card","Card","Card"],"build_version":"2020-12-22","purchased_purges":1,"victory":false,"max_hp_per_floor":[78,78,78,78,78,78,78,78,78,78,78,78,78,78,78,78,78,78,78,78,78,78,78,78,78,78,78,78,78,78,78,78,78,78],"relic_stats":{"counters":[14,70],"obtain_stats":[{"HornCleat":9,"WingedGreaves":10,"Cracked Core":0,"Nuclear Battery":17},{"HornCleat":5,"WingedGreaves":5,"Cracked Core":0,"Nuclear Battery":7},{"HornCleat":18,"WingedGreaves":18,"Cracked Core":0,"Nuclear Battery":27}]},"card_choices":[{"not_picked":["Reprogram","Auto Shields"],"picked":"Conserve Battery","floor":1.0},{"not_picked":["Beam Cell","Go for the Eyes"],"picked":"Doom and Gloom","floor":2.0},{"not_picked":["Lockon","Leap"],"picked":"Compile Driver","floor":4.0},{"not_picked":["Conserve Battery","Static Discharge"],"picked":"Redo","floor":5.0},{"not_picked":["Static Discharge","Sweeping Beam"],"picked":"Leap","floor":7.0},{"not_picked":["Reprogram","Beam Cell"],"picked":"Reboot","floor":11.0},{"not_picked":["Amplify","Creative AI"],"picked":"Seek","floor":16.0},{"not_picked":["Stack","Chill","Sweeping Beam"],"picked":"SKIP","floor":18.0},{"not_picked":["Tempest","Storm"],"picked":"Capacitor","floor":19.0},{"not_picked":["Blizzard","Reinforced Body","Steam"],"picked":"SKIP","floor":22.0},{"not_picked":["Blizzard","Steam"],"picked":"Reinforced Body","floor":22.0},{"not_picked":["Coolheaded","Cold Snap","Steam"],"picked":"SKIP","floor":27},{"not_picked":["Conserve Battery","Coolheaded","Turbo"],"picked":"SKIP","floor":29},{"not_picked":["Chill+1","Beam Cell"],"picked":"Chaos","floor":31}],"player_experience":1623017,"relics_obtained":[{"floor":9.0,"key":"HornCleat"}],"event_choices":[{"damage_healed":12.0,"max_hp_gain":0.0,"max_hp_loss":0.0,"gold_gain":0.0,"event_name":"Wheel of Change","player_choice":"Full Heal","floor":3.0,"gold_loss":0.0,"damage_taken":0.0},{"damage_healed":0.0,"max_hp_gain":0.0,"max_hp_loss":0.0,"gold_gain":0.0,"event_name":"Ghosts","player_choice":"Ignored","floor":20.0,"gold_loss":0.0,"damage_taken":0.0},{"damage_healed":0.0,"max_hp_gain":0.0,"max_hp_loss":0.0,"gold_gain":0.0,"event_name":"Back to Basics","player_choice":"Simplicity","floor":21.0,"gold_loss":0.0,"damage_taken":0.0,"cards_upgraded":["Strike_B","Strike_B","Strike_B","Strike_B","Defend_B","Defend_B","Defend_B","Defend_B"]},{"damage_healed":0.0,"max_hp_gain":0.0,"max_hp_loss":0.0,"gold_gain":0.0,"event_name":"The Library","player_choice":"Read","floor":24.0,"gold_loss":0.0,"damage_taken":0.0,"cards_obtained":["Glacier"]},{"cards_removed":["Strike_B"],"damage_healed":0,"gold_gain":0,"player_choice":"Gave Gold","damage_taken":0,"max_hp_gain":0,"max_hp_loss":0,"event_name":"Beggar","floor":30,"gold_loss":75}],"is_beta":false,"boss_relics":[{"not_picked":["Coffee Dripper","Busted Crown"],"picked":"Nuclear Battery"}],"items_purged_floors":[25],"is_endless":false,"potions_floor_spawned":[1,5,7,22,31],"killed_by":"Automaton","ascension_level":20}}