{"host":"pi8b3ffzwvxqztac","time":1611663593,"event":{"mods":["BaseMod","Colored Map","Downfall","Minty Spire (QoL Compilation)","StSLib"],"gold_per_floor":[367,367,367,332,351,351,376,376,403,403,423,461,484,43,43,164,164,182,225,225,225,1,1,16,16,42,62,62,62,62,11,11,111,111,121,121,132,147,147,147,181,181,234,291,303,365,377,403,415,427],"floor_reached":51,"language":"ENG","playtime":2046,"items_purged":[],"score":861,"play_id":"97188789-68b1-476c-8854-f440b9f221f7","local_time":"20210127011953","is_ascension_mode":true,"campfire_choices":[{"data":"Perfected Strike","floor":6,"key":"SMITH"},{"data":"Uppercut","floor":8,"key":"SMITH"},{"data":"Bash","floor":10,"key":"SMITH"},{"data":"Perfected Strike","floor":15,"key":"SMITH"},{"data":"Shockwave","floor":23,"key":"SMITH"},{"data":"Seeing Red","floor":25,"key":"SMITH"},{"data":"Shrug It Off","floor":28,"key":"SMITH"},{"data":"Shrug It Off","floor":30,"key":"SMITH"},{"data":"Shrug It Off","floor":32,"key":"SMITH"},{"data":"Berserk","floor":40,"key":"SMITH"},{"floor":42,"key":"REST"},{"data":"Perfected Strike","floor":45,"key":"SMITH"},{"data":"Double Tap","floor":47,"key":"SMITH"},{"data":"Twin Strike","floor":49,"key":"SMITH"}],"circlet_count":0,"master_deck":["Strike_R","Strike_R","Strike_R","Strike_R","Defend_R","Defend_R","Defend_R","Defend_R","Bash+1","Perfected Strike+1","Shrug It Off+1","Uppercut+1","Twin Strike+1","Shockwave+1","Cleave","Perfected Strike+1","Pommel Strike","Flex","Double Tap+1","CurseOfTheBell","Perfected Strike+1","Shrug It Off+1","Pommel Strike","Seeing Red+1","Perfected Strike+1","Shrug It Off+1","Berserk+1","Flame Barrier+1","Swift Strike","Shrug It Off","Shrug It Off+1"],"relics":["Burning Blood","Bloody Idol","White Beast Statue","Blood Vial","WingedGreaves","champ:DeflectingBracers","Calling Bell","MealTicket","Mummified Hand","Mango","Red Mask","Vajra","Strawberry","Mark of Pain","Bag of Marbles","MawBank","Thread and Needle","Guardian:GemstoneGun"],"acts_visited":["Exordium","TheCity","TheBeyond"],"potions_floor_usage":[12,18,19,41,44,50,50,50],"damage_taken":[{"damage":5,"enemies":"2 Louse","floor":1,"turns":3},{"damage":0,"enemies":"Small Slimes","floor":5,"turns":3},{"damage":0,"enemies":"Cultist","floor":7,"turns":2},{"damage":5,"enemies":"Red Slaver","floor":11,"turns":3},{"damage":20,"enemies":"Lagavulin","floor":12,"turns":4},{"damage":4,"enemies":"Large Slime","floor":13,"turns":5},{"damage":0,"enemies":"Slime Boss","floor":16,"turns":6},{"damage":18,"enemies":"Shell Parasite","floor":18,"turns":4},{"damage":24,"enemies":"Masked Bandits","floor":19,"turns":3},{"damage":3,"enemies":"Chosen","floor":24,"turns":4},{"damage":34,"enemies":"Snake Plant","floor":27,"turns":3},{"damage":22,"enemies":"Champ","floor":33,"turns":9},{"damage":5,"enemies":"Orb Walker","floor":35,"turns":3},{"damage":25,"enemies":"3 Darklings","floor":37,"turns":7},{"damage":25,"enemies":"Sphere and 2 Shapes","floor":38,"turns":5},{"damage":48,"enemies":"Reptomancer","floor":41,"turns":6},{"damage":5,"enemies":"2 Orb Walkers","floor":44,"turns":4},{"damage":3,"enemies":"Mind Bloom Boss Battle","floor":46,"turns":5},{"damage":0,"enemies":"Spire Growth","floor":48,"turns":4},{"damage":61,"enemies":"Awakened One","floor":50,"turns":11}],"seed_played":"3343043715341836988","potions_obtained":[{"floor":5,"key":"Slimebound:ThreeZeroPotion"},{"floor":7,"key":"sneckomod:MuddlingPotion"},{"floor":11,"key":"BloodPotion"},{"floor":12,"key":"GamblersBrew"},{"floor":13,"key":"FearPotion"},{"floor":16,"key":"champ:CounterPotion"},{"floor":18,"key":"ColorlessPotion"},{"floor":19,"key":"DuplicationPotion"},{"floor":27,"key":"Strength Potion"},{"floor":41,"key":"sneckomod:MuddlingPotion"},{"floor":44,"key":"Dexterity Potion"}],"is_trial":false,"path_per_floor":["M","?","?","?","M","R","M","R","T","R","M","E","M","$","R","B",null,"M","?","?","?","$","R","M","R","T","M","R","?","R","$","R","B",null,"M","?","M","M","?","R","E","R","T","?","R","?","R","M","R","B",null],"character_chosen":"IRONCLAD","items_purchased":["champ:DeflectingBracers","Perfected Strike","Pommel Strike","Flex","Vajra","Shrug It Off","Pommel Strike","Shrug It Off"],"campfire_rested":1,"item_purchase_floors":[14,14,14,14,22,22,22,31],"current_hp_per_floor":[72,54,42,60,66,66,72,72,72,72,72,58,62,62,62,70,86,74,58,58,58,73,73,78,78,85,59,59,59,59,74,74,65,93,93,93,79,67,67,67,32,59,64,77,82,93,93,93,93,56],"gold":439,"neow_bonus":"TWO_FIFTY_GOLD","is_daily":false,"chose_seed":false,"campfire_upgraded":13,"win_rate":0.0,"timestamp":1611663593,"path_taken":["M","?","?","?","M","R","M","R","T","R","M","E","M","$","R","BOSS","M","?","?","?","$","R","M","R","T","M","R","?","R","?","R","BOSS","M","?","M","M","?","R","E","R","T","?","R","?","R","M","R","BOSS"],"items_purchased_type":["Relic","Card","Card","Card","Relic","Card","Card","Card"],"build_version":"2020-12-22","purchased_purges":0,"victory":true,"max_hp_per_floor":[72,72,72,72,72,72,72,72,72,72,72,72,72,72,72,72,86,86,86,86,86,86,86,86,86,93,93,93,93,93,93,93,93,93,93,93,93,93,93,93,93,93,93,93,93,93,93,93,93,93],"card_choices":[{"not_picked":["Thunderclap","Sword Boomerang"],"picked":"Perfected Strike","floor":1},{"not_picked":["Infernal Blade","True Grit"],"picked":"Shrug It Off","floor":5},{"not_picked":["Clash","Pummel"],"picked":"Uppercut","floor":7},{"not_picked":["Body Slam","Iron Wave"],"picked":"Twin Strike","floor":11},{"not_picked":["Flex","Juggernaut"],"picked":"Shockwave","floor":12},{"not_picked":["Pummel","Headbutt"],"picked":"Cleave","floor":13},{"not_picked":["Impervious","Bludgeon"],"picked":"Double Tap","floor":16},{"not_picked":["Clothesline","Dual Wield","Cleave"],"picked":"SKIP","floor":18},{"not_picked":["Cleave+1","Iron Wave"],"picked":"Perfected Strike","floor":19},{"not_picked":["Heavy Blade","Feel No Pain+1"],"picked":"Seeing Red","floor":24},{"not_picked":["Spot Weakness+1","Clash"],"picked":"Perfected Strike+1","floor":27},{"not_picked":["Brutality","Limit Break"],"picked":"Berserk","floor":33},{"not_picked":["Headbutt+1","Blood for Blood","Bloodletting+1"],"picked":"SKIP","floor":35},{"not_picked":["Blood for Blood+1","Flex","Dropkick+1"],"picked":"SKIP","floor":37},{"not_picked":["Anger+1","Sword Boomerang"],"picked":"Flame Barrier+1","floor":38},{"not_picked":["Good Instincts","Flash of Steel"],"picked":"Swift Strike","floor":39},{"not_picked":["Pummel","Anger"],"picked":"Shrug It Off","floor":41},{"not_picked":["Sword Boomerang+1","Rupture+1"],"picked":"Shrug It Off+1","floor":44},{"not_picked":["Heavy Blade","Sword Boomerang","Pommel Strike"],"picked":"SKIP","floor":48}],"player_experience":620134,"relics_obtained":[{"floor":9,"key":"Blood Vial"},{"floor":12,"key":"WingedGreaves"},{"floor":17,"key":"MealTicket"},{"floor":17,"key":"Mummified Hand"},{"floor":17,"key":"Mango"},{"floor":19,"key":"Red Mask"},{"floor":26,"key":"Strawberry"},{"floor":41,"key":"Bag of Marbles"},{"floor":43,"key":"MawBank"},{"floor":44,"key":"Thread and Needle"},{"floor":46,"key":"Guardian:GemstoneGun"}],"event_choices":[{"damage_healed":0,"gold_gain":0,"player_choice":"Take Damage","damage_taken":18,"relics_obtained":["Golden Idol"],"max_hp_gain":0,"max_hp_loss":0,"event_name":"Golden Idol","floor":2,"gold_loss":0},{"damage_healed":0,"gold_gain":0,"player_choice":"Success","damage_taken":12,"relics_obtained":["White Beast Statue"],"max_hp_gain":0,"max_hp_loss":0,"event_name":"Scrap Ooze","floor":3,"gold_loss":0},{"damage_healed":18,"gold_gain":0,"player_choice":"Healed","damage_taken":0,"max_hp_gain":0,"max_hp_loss":0,"event_name":"The Cleric","floor":4,"gold_loss":35},{"damage_healed":0,"gold_gain":0,"player_choice":"Fought Bandits","damage_taken":0,"max_hp_gain":0,"max_hp_loss":0,"event_name":"Masked Bandits","floor":19,"gold_loss":0},{"damage_healed":0,"gold_gain":0,"player_choice":"Ignored","damage_taken":0,"max_hp_gain":0,"max_hp_loss":0,"event_name":"Beggar","floor":21,"gold_loss":0},{"damage_healed":0,"gold_gain":0,"player_choice":"Gave Idol","damage_taken":0,"relics_obtained":["Bloody Idol"],"max_hp_gain":0,"max_hp_loss":0,"event_name":"Forgotten Altar","floor":29,"relics_lost":["Golden Idol"],"gold_loss":0},{"cards_removed":["Strike_R"],"damage_healed":0,"gold_gain":0,"player_choice":"Removed Attack","damage_taken":0,"max_hp_gain":0,"max_hp_loss":0,"event_name":"Falling","floor":36,"gold_loss":0},{"damage_healed":0,"gold_gain":0,"player_choice":"Memory 1","damage_taken":0,"max_hp_gain":0,"max_hp_loss":0,"event_name":"SensoryStone","floor":39,"gold_loss":0},{"damage_healed":0,"gold_gain":0,"player_choice":"Fight","damage_taken":0,"max_hp_gain":0,"max_hp_loss":0,"event_name":"Mysterious Sphere","floor":44,"gold_loss":0},{"damage_healed":0,"gold_gain":0,"player_choice":"Fight","damage_taken":0,"max_hp_gain":0,"max_hp_loss":0,"event_name":"MindBloom","floor":46,"gold_loss":0}],"is_beta":false,"boss_relics":[{"not_picked":["Fusion Hammer","Astrolabe"],"picked":"Calling Bell"},{"not_picked":["Snecko Eye","Empty Cage"],"picked":"Mark of Pain"}],"items_purged_floors":[],"is_endless":false,"potions_floor_spawned":[5,7,11,12,13,16,18,19,24,27,33,35,37,38,41,44,46,48],"ascension_level":2}}