{"host":"xmr2g8b7eju0288o","time":1611691204,"event":{"mods":["AchievementEnabler","BaseMod","Colored Map","Colored Powertips","Infinite Spire","KOR Keyword Fix","Minty Spire (QoL Compilation)","Quick Restart","Spicy Shops","StSLib","SuperFastMode"],"gold_per_floor":[147,104,104,104,20,20,59,113,138,138,237,154,154,154],"floor_reached":13,"language":"KOR","playtime":272,"items_purged":[],"score":162,"play_id":"0ca8a60d-edd1-4bf3-a66d-7c3305727a42","local_time":"20210127050004","daily_mods":["Heirloom","DeadlyEvents","Elite Swarm","Midas"],"is_ascension_mode":true,"campfire_choices":[{"data":"Strike_G","floor":6,"key":"PURGE"},{"floor":10,"key":"REST"}],"circlet_count":0,"master_deck":["AscendersBane","Strike_G","Strike_G","Strike_G","Strike_G","Defend_G","Defend_G","Defend_G","Defend_G","Survivor","Neutralize","Slice","Accuracy","Dodge and Roll","Crippling Poison","Adrenaline"],"relics":["Ring of the Snake","Peace Pipe","Potion Belt","Centennial Puzzle","Regal Pillow","PreservedInsect"],"acts_visited":["Exordium"],"potions_floor_usage":[11],"damage_taken":[{"damage":0,"enemies":"2 Louse","floor":1,"turns":4},{"damage":2,"enemies":"Jaw Worm","floor":7,"turns":5},{"damage":0,"enemies":"Small Slimes","floor":8,"turns":4},{"damage":62,"enemies":"3 Sentries","floor":11,"turns":17},{"damage":0,"enemies":"Lagavulin","floor":13,"turns":1}],"seed_played":"-6340219979314135704","potions_obtained":[{"floor":7,"key":"GamblersBrew"}],"is_trial":true,"path_per_floor":["M","$","?","?","$","R","M","M","T","R","E","$","E"],"character_chosen":"THE_SILENT","items_purchased":["Accuracy","Potion Belt","PreservedInsect"],"campfire_rested":1,"item_purchase_floors":[2,5,12],"current_hp_per_floor":[59,59,52,52,52,52,50,50,50,66,4,4,4,4],"gold":154,"neow_bonus":"","is_daily":false,"chose_seed":false,"campfire_upgraded":0,"win_rate":0.0,"timestamp":1611691204,"path_taken":["M","$","?","?","$","R","M","M","T","R","E","$","E"],"items_purchased_type":["Card","Relic","Relic"],"build_version":"2020-12-22","purchased_purges":0,"victory":false,"max_hp_per_floor":[66,66,66,66,66,66,66,66,66,66,66,66,66,66],"card_choices":[{"not_picked":["Dash","Bane"],"picked":"Slice","floor":1},{"not_picked":["Caltrops","Leg Sweep"],"picked":"Dodge and Roll","floor":7},{"not_picked":["Prepared","Choke"],"picked":"Crippling Poison","floor":8},{"not_picked":["Burst","A Thousand Cuts"],"picked":"Adrenaline","floor":11}],"player_experience":86290,"relics_obtained":[{"floor":9,"key":"Centennial Puzzle"},{"floor":11,"key":"Regal Pillow"}],"event_choices":[{"cards_removed":["Defend_G"],"damage_healed":0,"gold_gain":0,"player_choice":"Card Removal","damage_taken":7,"max_hp_gain":0,"max_hp_loss":0,"event_name":"Golden Wing","floor":3,"gold_loss":0},{"damage_healed":0,"gold_gain":0,"player_choice":"Leave","damage_taken":0,"max_hp_gain":0,"max_hp_loss":0,"event_name":"The Cleric","floor":4,"gold_loss":0}],"is_beta":false,"boss_relics":[],"items_purged_floors":[],"is_endless":false,"potions_floor_spawned":[7],"killed_by":"Lagavulin","ascension_level":20}}