{"host":"mi0eibewekhugwl1","time":1611677200,"event":{"mods":["AchievementEnabler","BaseMod","Colored Map","Colored Powertips","DeckTracker","Keyboard Shortcuts","Minty Spire (QoL Compilation)","Quick Restart","Rare Cards Sparkle","Relic Stats","StSLib","SuperFastMode","everything is the same but u backflip on backflip"],"gold_per_floor":[124,148,175,205,237,249,336,375,433,113,128,143,143,156,156,235,235,254,179,69,79,90,90,102,102,150,250,41,41,41,60,60,134,134,146,146,146],"floor_reached":36,"language":"KOR","playtime":1009,"items_purged":["Strike_G","Strike_G"],"score":716,"play_id":"d5e30118-25de-4af4-818b-83066ec6dba5","local_time":"20210127010640","is_ascension_mode":true,"campfire_choices":[{"data":"Noxious Fumes","floor":6,"key":"SMITH"},{"data":"After Image","floor":13,"key":"SMITH"},{"data":"Tactician","floor":15,"key":"SMITH"},{"floor":23,"key":"REST"},{"data":"Cloak And Dagger","floor":25,"key":"SMITH"},{"floor":32,"key":"REST"}],"circlet_count":0,"master_deck":["AscendersBane","Strike_G","Strike_G","Defend_G","Defend_G","Defend_G","Defend_G","Survivor+1","Neutralize","Dagger Throw","Dagger Spray","Tactician+1","Noxious Fumes+1","Blade Dance","After Image+1","Flash of Steel","Calculated Gamble","Acrobatics","Malaise","Backflip","Cloak And Dagger+1","Accuracy","Well Laid Plans+1","Phantasmal Killer","Infinite Blades+1"],"relics":["Ring of the Snake","MawBank","Bronze Scales","Bag of Preparation","Philosopher\u0027s Stone","Pen Nib","Turnip","Frozen Egg 2","SacredBark"],"acts_visited":["Exordium","TheCity","TheBeyond"],"potions_floor_usage":[14,16,16,27,27,33],"damage_taken":[{"damage":0,"enemies":"Jaw Worm","floor":1,"turns":7},{"damage":0,"enemies":"Cultist","floor":2,"turns":4},{"damage":0,"enemies":"2 Louse","floor":3,"turns":2},{"damage":6,"enemies":"Looter","floor":4,"turns":3},{"damage":9,"enemies":"Exordium Thugs","floor":5,"turns":5},{"damage":0,"enemies":"Large Slime","floor":11,"turns":5},{"damage":5,"enemies":"3 Louse","floor":12,"turns":3},{"damage":6,"enemies":"Gremlin Gang","floor":14,"turns":3},{"damage":6,"enemies":"Hexaghost","floor":16,"turns":9},{"damage":0,"enemies":"Shell Parasite","floor":18,"turns":5},{"damage":17,"enemies":"Chosen","floor":21,"turns":5},{"damage":11,"enemies":"Snecko","floor":22,"turns":6},{"damage":6,"enemies":"Shelled Parasite and Fungi","floor":24,"turns":4},{"damage":2,"enemies":"Colosseum Slavers","floor":27,"turns":4},{"damage":5,"enemies":"Colosseum Nobs","floor":27,"turns":4},{"damage":11,"enemies":"Snake Plant","floor":31,"turns":4},{"damage":15,"enemies":"Champ","floor":33,"turns":14},{"damage":17,"enemies":"3 Shapes","floor":35,"turns":6},{"damage":40,"enemies":"3 Darklings","floor":36,"turns":2}],"seed_played":"3325017202728852600","potions_obtained":[{"floor":3,"key":"Weak Potion"},{"floor":4,"key":"Dexterity Potion"},{"floor":11,"key":"DuplicationPotion"},{"floor":14,"key":"SkillPotion"},{"floor":21,"key":"ColorlessPotion"},{"floor":24,"key":"DistilledChaos"}],"is_trial":false,"path_per_floor":["M","M","M","M","M","R","?","T","T","$","M","M","R","M","R","B",null,"M","?","?","M","M","R","M","R","T","?","$","?","$","M","R","B",null,"M","M"],"character_chosen":"THE_SILENT","items_purchased":["After Image","Flash of Steel","GhostInAJar"],"campfire_rested":2,"item_purchase_floors":[10,10,28],"current_hp_per_floor":[59,59,59,53,44,44,33,33,33,33,33,28,28,22,22,16,54,54,54,54,37,26,45,39,39,39,32,32,32,32,21,40,25,56,39,0,0],"gold":146,"neow_bonus":"RANDOM_COMMON_RELIC","is_daily":false,"chose_seed":false,"campfire_upgraded":4,"win_rate":0.0,"timestamp":1611677200,"path_taken":["M","M","M","M","M","R","?","?","T","$","M","M","R","?","R","BOSS","M","?","?","M","M","R","?","R","T","?","$","?","$","M","R","BOSS","M","?"],"items_purchased_type":["Card","Card","Potion"],"build_version":"2020-12-22","purchased_purges":2,"victory":false,"max_hp_per_floor":[66,66,66,66,66,66,66,66,66,66,66,66,66,66,66,66,66,66,66,66,66,66,66,66,66,66,66,66,66,66,66,66,66,66,66,66,66],"relic_stats":{"counters":[19,95],"Bronze Scales":[216],"Pen Nib":[13],"Turnip":[8],"Bag of Preparation":[28],"MawBank":120,"obtain_stats":[{"Bronze Scales":8,"SacredBark":34,"Philosopher\u0027s Stone":17,"Pen Nib":26,"Turnip":27,"Bag of Preparation":9,"Frozen Egg 2":27,"MawBank":0,"Ring of the Snake":0},{"Bronze Scales":5,"SacredBark":17,"Philosopher\u0027s Stone":9,"Pen Nib":13,"Turnip":15,"Bag of Preparation":5,"Frozen Egg 2":15,"MawBank":0,"Ring of the Snake":0},{"Bronze Scales":21,"SacredBark":87,"Philosopher\u0027s Stone":41,"Pen Nib":61,"Turnip":69,"Bag of Preparation":21,"Frozen Egg 2":69,"MawBank":0,"Ring of the Snake":0}],"Ring of the Snake":[38]},"card_choices":[{"not_picked":["Cloak And Dagger","Prepared"],"picked":"Dagger Throw","floor":1},{"not_picked":["Expertise","Acrobatics"],"picked":"Dagger Spray","floor":2},{"not_picked":["Acrobatics","Reflex"],"picked":"Tactician","floor":3},{"not_picked":["Outmaneuver","Blur"],"picked":"Noxious Fumes","floor":4},{"not_picked":["Bane","Dodge and Roll"],"picked":"Blade Dance","floor":5},{"not_picked":["Heel Hook","Dagger Throw"],"picked":"Calculated Gamble","floor":11},{"not_picked":["Underhanded Strike","Concentrate","Flying Knee"],"picked":"SKIP","floor":12},{"not_picked":["Underhanded Strike","Concentrate","Flying Knee"],"picked":"SKIP","floor":12},{"not_picked":["All Out Attack","Leg Sweep"],"picked":"Acrobatics","floor":14},{"not_picked":["A Thousand Cuts","Wraith Form v2"],"picked":"Malaise","floor":16},{"not_picked":["Acrobatics","Dodge and Roll"],"picked":"Backflip","floor":18},{"not_picked":["Outmaneuver","Flying Knee"],"picked":"Cloak And Dagger","floor":21},{"not_picked":["Slice","Acrobatics"],"picked":"Accuracy","floor":22},{"not_picked":["Bane","All Out Attack","Grand Finale"],"picked":"SKIP","floor":24},{"not_picked":["Outmaneuver","Acrobatics"],"picked":"Well Laid Plans+1","floor":31},{"not_picked":["Doppelganger","Night Terror"],"picked":"Phantasmal Killer","floor":33},{"not_picked":["Noxious Fumes+1","Eviscerate"],"picked":"Infinite Blades+1","floor":35}],"player_experience":1764203,"relics_obtained":[{"floor":8,"key":"Bronze Scales"},{"floor":9,"key":"Bag of Preparation"},{"floor":26,"key":"Pen Nib"},{"floor":27,"key":"Turnip"},{"floor":27,"key":"Frozen Egg 2"}],"event_choices":[{"damage_healed":0,"gold_gain":75,"player_choice":"Gather Gold","damage_taken":11,"max_hp_gain":0,"max_hp_loss":0,"event_name":"World of Goop","floor":7,"gold_loss":0},{"cards_removed":["Strike_G"],"damage_healed":0,"gold_gain":0,"player_choice":"Gave Gold","damage_taken":0,"max_hp_gain":0,"max_hp_loss":0,"event_name":"Beggar","floor":19,"gold_loss":75},{"cards_removed":["Defend_G"],"damage_healed":0,"gold_gain":0,"player_choice":"Upgrade and Remove","damage_taken":0,"max_hp_gain":0,"max_hp_loss":0,"event_name":"Designer","floor":20,"gold_loss":110,"cards_upgraded":["Survivor"]},{"damage_healed":0,"gold_gain":0,"player_choice":"Fight","damage_taken":0,"max_hp_gain":0,"max_hp_loss":0,"event_name":"Colosseum","floor":27,"gold_loss":0},{"damage_healed":0,"gold_gain":0,"player_choice":"Fought Nobs","damage_taken":0,"max_hp_gain":0,"max_hp_loss":0,"event_name":"Colosseum","floor":27,"gold_loss":0},{"damage_healed":0,"gold_gain":0,"player_choice":"Ignored","damage_taken":0,"max_hp_gain":0,"max_hp_loss":0,"event_name":"N\u0027loth","floor":29,"gold_loss":0}],"is_beta":false,"boss_relics":[{"not_picked":["Calling Bell","Busted Crown"],"picked":"Philosopher\u0027s Stone"},{"not_picked":["Fusion Hammer","Runic Dome"],"picked":"SacredBark"}],"items_purged_floors":[10,28],"is_endless":false,"potions_floor_spawned":[3,4,11,14,21,24,27],"killed_by":"3 Darklings","ascension_level":20}}