{"host":"zxd7sxkt31l2m2hb","time":1611700985,"event":{"mods":["AchievementEnabler","BaseMod","BetterRewards","Colored Map","Colored Powertips","Highlight Path","Minty Spire (QoL Compilation)","Quick Restart","StSLib","SuperFastMode","The Jungle","slay the spire mod where everything is the same but ironclad has a cowboy hat"],"gold_per_floor":[113,124,124,74,74,104,104,60,140,140,90,100,100,15,15,112,112,128,103,28,61,61,61,61,72,72,72,72,72,171,28,28,130,130,146,196,196,196,196,196,40,40,40,40,40,40,57,57,57,158,158,174,174,53,53,71,81,81,81,81,81,81,40,40,120,120,219,219,232,232,232,232,66,66,66,86,115,115,115,115,40,40,40,136,136,151,151,184,202,37,37,37,37,66,66,66,66,66,66,66,171,171,183,183,162,162,174,174,259,259,285,285,285,285,213,263,263,367,367,378,378,428,428,438,438,455,455,482,482,482,482,329,339,339,439,439,457,378,428,403,503,553,553,603,635,635,649,649,699,716,716,819,819,835,845,720,770,900,900,950,1000,1027,1077,1077,1077,1077,1077,1077,1180,1180,1199,1249,1299,1070,1045,1045,1120,1170,1203,1203,1203,931,981,1031,1031,1128,1128,1142,1192,1242,1292,187,187,187,187,222,222,239,239,389,389,389],"floor_reached":201,"language":"DEU","playtime":3928,"items_purged":[],"score":5906,"play_id":"3e7f5c9d-12b6-46e0-aedd-0cfc21ff8070","local_time":"20210126234305","daily_mods":["SealedDeck","Hoarder","Vintage","Colorless Cards","Heirloom","Time Dilation","Flight","Lethality"],"is_ascension_mode":false,"campfire_choices":[{"data":"Heavy Blade","floor":7,"key":"SMITH"},{"data":"Heavy Blade","floor":10,"key":"SMITH"},{"data":"Swift Strike","floor":13,"key":"SMITH"},{"data":"Good Instincts","floor":15,"key":"SMITH"},{"data":"Panache","floor":23,"key":"SMITH"},{"floor":27,"key":"DIG"},{"floor":28,"key":"DIG"},{"floor":29,"key":"DIG"},{"floor":32,"key":"DIG"},{"floor":40,"key":"DIG"},{"floor":42,"key":"DIG"},{"floor":44,"key":"DIG"},{"floor":49,"key":"DIG"},{"data":"Inflame","floor":58,"key":"PURGE"},{"data":"Inflame","floor":59,"key":"PURGE"},{"floor":61,"key":"DIG"},{"floor":62,"key":"DIG"},{"floor":66,"key":"DIG"},{"floor":74,"key":"DIG"},{"floor":75,"key":"DIG"},{"floor":78,"key":"DIG"},{"floor":79,"key":"DIG"},{"floor":80,"key":"DIG"},{"floor":83,"key":"DIG"},{"floor":91,"key":"DIG"},{"floor":92,"key":"DIG"},{"floor":93,"key":"DIG"},{"floor":95,"key":"DIG"},{"floor":96,"key":"DIG"},{"floor":98,"key":"DIG"},{"data":"Shrug It Off","floor":100,"key":"PURGE"},{"data":"Searing Blow+1","floor":108,"key":"SMITH"},{"data":"Searing Blow+1","floor":110,"key":"SMITH"},{"data":"Searing Blow+1","floor":112,"key":"SMITH"},{"floor":113,"key":"DIG"},{"data":"Searing Blow+2","floor":114,"key":"SMITH"},{"data":"Searing Blow+3","floor":117,"key":"SMITH"},{"data":"Heavy Blade+1","floor":125,"key":"PURGE"},{"data":"Searing Blow+2","floor":127,"key":"PURGE"},{"data":"Searing Blow+2","floor":129,"key":"PURGE"},{"data":"Clash","floor":130,"key":"PURGE"},{"data":"Clash","floor":131,"key":"PURGE"},{"data":"Shrug It Off","floor":134,"key":"PURGE"},{"data":"Clash","floor":143,"key":"PURGE"},{"data":"Flex","floor":146,"key":"PURGE"},{"data":"Flex","floor":148,"key":"PURGE"},{"data":"Flex","floor":151,"key":"PURGE"},{"data":"Finesse+1","floor":159,"key":"PURGE"},{"data":"Finesse","floor":164,"key":"PURGE"},{"data":"Finesse","floor":165,"key":"PURGE"},{"data":"Flex","floor":168,"key":"PURGE"},{"data":"Impatience","floor":176,"key":"PURGE"},{"data":"Flex","floor":180,"key":"PURGE"},{"data":"Flex","floor":181,"key":"PURGE"},{"data":"Flex","floor":185,"key":"PURGE"},{"data":"Clash","floor":193,"key":"PURGE"},{"data":"Trip","floor":194,"key":"PURGE"},{"data":"Swift Strike","floor":195,"key":"PURGE"},{"data":"Flex","floor":197,"key":"PURGE"},{"data":"Flex","floor":199,"key":"PURGE"}],"circlet_count":1,"master_deck":["Clash","Swift Strike+1","Swift Strike+1","Deep Breath","Deep Breath","Deep Breath","Trip","Trip","Flex","Flex","Good Instincts+1","Good Instincts","Good Instincts+1","Panache+1","Panache","Panache","Flex","Anger+1","Anger+1","Anger+1","Panache","Panache","Panache","Limit Break","Limit Break","Limit Break","Bloodletting+1","Bloodletting+1","Bloodletting+1","Secret Weapon+1","Secret Weapon+1","Secret Weapon+1","Flash of Steel","Flash of Steel+1","Flash of Steel","Secret Weapon+1","Secret Weapon+1","Secret Weapon+1","Panache","Panache","Panache"],"relics":["Unceasing Top","Gambling Chip","MealTicket","StoneCalendar","Pocketwatch","Pantograph","Happy Flower","Black Star","CaptainsWheel","Red Mask","Shovel","Bird Faced Urn","Anchor","White Beast Statue","Shuriken","Membership Card","Bottled Flame","Philosopher\u0027s Stone","Mango","Peace Pipe","StrikeDummy","Bag of Marbles","Lee\u0027s Waffle","Pear","Bottled Tornado","Boot","Lizard Tail","Toy Ornithopter","Lantern","Champion Belt","Omamori","Sundial","Bag of Preparation","Toxic Egg 2","Oddly Smooth Stone","Gremlin Horn","FaceOfCleric","Letter Opener","Tiny Chest","Darkstone Periapt","Centennial Puzzle","Strawberry","Pen Nib","Akabeko","Molten Egg 2","War Paint","Singing Bowl","Vajra","Bronze Scales","Eternal Feather","Mercury Hourglass","PreservedInsect","Blue Candle","HornCleat","Ornamental Fan","SsserpentHead","Question Card","Ice Cream","Mummified Hand","Red Skull","TungstenRod","Matryoshka","Charon\u0027s Ashes","Incense Burner","Potion Belt","Juzu Bracelet","ClockworkSouvenir","Turnip","Nunchaku","InkBottle","Meat on the Bone","Ginger","Kunai","Blood Vial","Torii","Orichalcum","Circlet","MutagenicStrength","Paper Frog","Ancient Tea Set","OrangePellets","The Courier","Calipers","Regal Pillow","Self Forming Clay","Dream Catcher","Whetstone","Frozen Egg 2","Prayer Wheel","Du-Vu Doll","Dead Branch","FossilizedHelix","Magic Flower"],"acts_visited":["Exordium","TheCity","TheBeyond","Exordium","TheCity","TheBeyond","Exordium","TheCity","TheBeyond","Exordium","TheCity","TheBeyond"],"potions_floor_usage":[],"damage_taken":[{"damage":0,"enemies":"Small Slimes","floor":1,"turns":1},{"damage":0,"enemies":"Jaw Worm","floor":2,"turns":1},{"damage":16,"enemies":"3 Sentries","floor":6,"turns":3},{"damage":0,"enemies":"2 Louse","floor":12,"turns":1},{"damage":0,"enemies":"The Guardian","floor":16,"turns":2},{"damage":0,"enemies":"Chosen","floor":18,"turns":1},{"damage":0,"enemies":"Masked Bandits","floor":21,"turns":1},{"damage":0,"enemies":"Spheric Guardian","floor":25,"turns":1},{"damage":0,"enemies":"Collector","floor":33,"turns":1},{"damage":0,"enemies":"3 Darklings","floor":35,"turns":1},{"damage":0,"enemies":"Mind Bloom Boss Battle","floor":36,"turns":1},{"damage":0,"enemies":"3 Shapes","floor":47,"turns":1},{"damage":17,"enemies":"Time Eater","floor":50,"turns":2},{"damage":0,"enemies":"Jaw Worm","floor":52,"turns":1},{"damage":0,"enemies":"2 Louse","floor":56,"turns":1},{"damage":0,"enemies":"Small Slimes","floor":57,"turns":1},{"damage":6,"enemies":"Hexaghost","floor":67,"turns":1},{"damage":0,"enemies":"Shell Parasite","floor":69,"turns":1},{"damage":0,"enemies":"2 Thieves","floor":76,"turns":1},{"damage":3,"enemies":"Book of Stabbing","floor":77,"turns":1},{"damage":3,"enemies":"Automaton","floor":84,"turns":1},{"damage":0,"enemies":"3 Darklings","floor":86,"turns":1},{"damage":0,"enemies":"Reptomancer","floor":88,"turns":1},{"damage":3,"enemies":"3 Shapes","floor":89,"turns":1},{"damage":3,"enemies":"Nemesis","floor":94,"turns":1},{"damage":46,"enemies":"Time Eater","floor":101,"turns":3},{"damage":0,"enemies":"2 Louse","floor":103,"turns":1},{"damage":0,"enemies":"Cultist","floor":107,"turns":1},{"damage":0,"enemies":"Gremlin Nob","floor":109,"turns":1},{"damage":0,"enemies":"Lagavulin","floor":111,"turns":1},{"damage":0,"enemies":"Slime Boss","floor":118,"turns":1},{"damage":3,"enemies":"3 Byrds","floor":120,"turns":1},{"damage":0,"enemies":"Spheric Guardian","floor":124,"turns":1},{"damage":2,"enemies":"Snake Plant","floor":126,"turns":1},{"damage":0,"enemies":"Gremlin Leader","floor":128,"turns":1},{"damage":0,"enemies":"3 Cultists","floor":133,"turns":1},{"damage":0,"enemies":"Collector","floor":135,"turns":2},{"damage":0,"enemies":"Orb Walker","floor":137,"turns":1},{"damage":4,"enemies":"Mind Bloom Boss Battle","floor":141,"turns":2},{"damage":0,"enemies":"Reptomancer","floor":145,"turns":1},{"damage":2,"enemies":"3 Shapes","floor":147,"turns":1},{"damage":2,"enemies":"Spire Growth","floor":150,"turns":1},{"damage":62,"enemies":"Awakened One","floor":152,"turns":4},{"damage":2,"enemies":"Small Slimes","floor":154,"turns":1},{"damage":0,"enemies":"Jaw Worm","floor":155,"turns":1},{"damage":0,"enemies":"Lagavulin","floor":162,"turns":1},{"damage":0,"enemies":"Hexaghost","floor":169,"turns":2},{"damage":0,"enemies":"3 Byrds","floor":171,"turns":1},{"damage":0,"enemies":"Masked Bandits","floor":177,"turns":1},{"damage":0,"enemies":"Book of Stabbing","floor":179,"turns":1},{"damage":0,"enemies":"Colosseum Slavers","floor":184,"turns":1},{"damage":30,"enemies":"Champ","floor":186,"turns":2},{"damage":0,"enemies":"3 Darklings","floor":188,"turns":1},{"damage":2,"enemies":"Nemesis","floor":196,"turns":1},{"damage":0,"enemies":"3 Shapes","floor":198,"turns":1},{"damage":123,"enemies":"Maw","floor":201,"turns":5}],"seed_played":"8902384664336928172","potions_obtained":[{"floor":2,"key":"GamblersBrew"},{"floor":6,"key":"Ancient Potion"},{"floor":18,"key":"Energy Potion"},{"floor":21,"key":"BloodPotion"},{"floor":76,"key":"FairyPotion"},{"floor":145,"key":"Energy Potion"},{"floor":147,"key":"Regen Potion"},{"floor":152,"key":"FairyPotion"},{"floor":188,"key":"FairyPotion"}],"is_trial":true,"path_per_floor":["M","M","?","?","$","E","R","?","T","R","$","M","R","$","R","B",null,"M","$","?","?","$","R","$","M","T","R","R","R","?","$","R","B",null,"M","?","$","?","?","R","$","R","T","R","?","$","M","$","R","B",null,"M","?","$","?","M","M","R","R","T","R","R","$","?","?","R","B",null,"M","?","?","?","$","R","R","M","E","R","R","R","?","$","R","B",null,"M","?","E","M","$","R","R","R","E","R","R","$","R","?","R","B",null,"M","?","$","$","M","R","E","R","E","R","R","R","$","?","R","B",null,"M","$","?","$","M","R","M","R","E","R","R","R","$","M","R","B",null,"M","$","?","$","?","?","R","?","E","R","M","R","?","M","R","B",null,"M","M","$","?","?","R","?","?","E","?","R","R","?","$","R","B",null,"M","?","?","$","?","R","?","?","E","R","R","$","?","?","R","B",null,"M","?","?","?","$","R","R","R","E","R","M","R","?","M"],"character_chosen":"IRONCLAD","items_purchased":["Flex","Good Instincts","Flex","Membership Card","Bag of Marbles","Lee\u0027s Waffle","Limit Break","Finesse","Bloodletting+1","Letter Opener","Flash of Steel","Panache","Vajra","Searing Blow+1","Mummified Hand","Charon\u0027s Ashes","Juzu Bracelet","ClockworkSouvenir","Kunai","Torii","Orichalcum","Paper Frog","Ancient Tea Set","OrangePellets","Calipers","Regal Pillow","Self Forming Clay","Dream Catcher","Whetstone","Frozen Egg 2","Prayer Wheel","Du-Vu Doll","Dead Branch","FossilizedHelix","Magic Flower"],"campfire_rested":0,"item_purchase_floors":[11,14,19,31,41,41,54,54,63,73,73,90,90,105,115,132,138,140,156,174,174,182,182,182,192,192,192,192,192,192,192,192,192,192,192],"current_hp_per_floor":[80,80,80,80,80,64,64,64,64,64,79,79,79,80,80,80,80,80,80,80,80,80,80,80,80,80,80,80,80,80,80,80,80,80,94,94,94,94,94,94,101,111,111,111,111,111,111,111,111,98,111,111,111,111,111,111,111,111,111,111,111,111,111,111,111,111,105,111,111,88,116,116,116,116,116,117,115,122,122,122,122,125,125,126,63,64,64,65,63,66,66,66,66,68,69,69,69,69,69,69,28,72,73,73,73,73,74,74,77,77,80,80,80,80,80,85,85,88,44,45,45,45,45,46,46,45,47,50,50,50,50,50,51,51,54,54,55,55,55,55,54,54,58,55,58,58,57,59,61,62,62,7,33,33,33,33,33,33,33,33,33,33,33,33,33,33,33,33,33,33,33,33,33,33,33,33,33,33,33,33,33,33,33,33,33,11,27,31,31,31,31,33,33,33,33,31,33,33,33,33,0,0],"gold":389,"neow_bonus":"","is_daily":false,"chose_seed":false,"campfire_upgraded":10,"win_rate":0.0,"timestamp":1611700985,"path_taken":["M","M","?","?","$","E","R","?","T","R","$","M","R","?","R","BOSS","M","$","?","?","$","R","?","?","T","R","R","R","?","$","R","BOSS","M","?","$","?","?","R","$","R","T","R","?","$","?","?","R","BOSS","M","?","$","?","?","M","R","R","T","R","R","?","?","?","R","BOSS","M","?","?","?","$","R","R","?","E","R","R","R","?","$","R","BOSS","M","?","?","?","$","R","R","R","E","R","R","$","R","?","R","BOSS","M","?","$","$","M","R","?","R","E","R","R","R","?","?","R","BOSS","M","$","?","$","M","R","M","R","E","R","R","R","$","M","R","BOSS","M","$","?","?","?","?","R","?","E","R","M","R","?","M","R","BOSS","M","M","$","?","?","R","?","?","E","?","R","R","?","$","R","BOSS","M","?","?","$","?","R","?","?","E","R","R","$","?","?","R","BOSS","M","?","?","?","$","R","R","R","E","R","M","R","?","M"],"items_purchased_type":["Card","Card","Card","Relic","Relic","Relic","Card","Card","Card","Relic","Card","Card","Relic","Card","Relic","Relic","Relic","Relic","Relic","Relic","Relic","Relic","Relic","Relic","Relic","Relic","Relic","Relic","Relic","Relic","Relic","Relic","Relic","Relic","Relic"],"build_version":"2020-12-22","purchased_purges":0,"victory":false,"max_hp_per_floor":[80,80,80,80,80,80,80,80,80,80,80,80,80,80,80,80,80,80,80,80,80,80,80,80,80,80,80,80,80,80,80,80,80,80,94,94,94,94,94,94,101,111,111,111,111,111,111,111,111,111,111,111,111,111,111,111,111,111,111,111,111,111,111,111,111,111,111,111,111,116,116,116,116,116,116,117,118,125,125,125,125,125,125,126,63,64,64,65,66,66,66,66,66,69,69,69,69,69,69,69,72,72,73,73,73,73,74,74,77,77,80,80,80,80,80,85,85,88,44,45,45,45,45,46,46,47,47,50,50,50,50,50,51,51,54,54,55,55,55,55,58,58,58,55,58,58,59,59,61,62,62,65,33,33,33,33,33,33,33,33,33,33,33,33,33,33,33,33,33,33,33,33,33,33,33,33,33,33,33,33,33,33,33,33,33,33,33,33,33,33,33,33,33,33,33,33,33,33,33,33,33,33],"card_choices":[{"not_picked":["Feel No Pain","Enlightenment","Thunderclap"],"picked":"SKIP","floor":6},{"not_picked":["Demon Form","Feed"],"picked":"Panache","floor":16},{"not_picked":["Warcry","Enlightenment"],"picked":"Anger+1","floor":21},{"not_picked":["Fiend Fire","Transmutation"],"picked":"Panache","floor":33},{"not_picked":["Berserk","Impervious+1"],"picked":"Secret Weapon+1","floor":67},{"not_picked":["Reaper","Perfected Strike+1","Forethought+1"],"picked":"SKIP","floor":77},{"not_picked":["Apotheosis+1","Corruption"],"picked":"Secret Weapon+1","floor":84},{"not_picked":["Armaments+1","Forethought+1","Power Through+1"],"picked":"SKIP","floor":88},{"not_picked":["Thunderclap+1","Discovery+1","True Grit+1"],"picked":"Singing Bowl","floor":94},{"not_picked":["Thinking Ahead+1","Magnetism","Sadistic Nature"],"picked":"Singing Bowl","floor":101},{"not_picked":["Dramatic Entrance+1","Warcry+1","Shockwave+1","True Grit+1"],"picked":"Singing Bowl","floor":109},{"not_picked":["Clash+1","Hemokinesis+1","Twin Strike+1","Impervious+1"],"picked":"Singing Bowl","floor":111},{"not_picked":["The Bomb+1","HandOfGreed+1","Secret Technique+1","Limit Break+1"],"picked":"Singing Bowl","floor":118},{"not_picked":["Forethought+1","Clothesline+1","Cleave+1","Sword Boomerang+1"],"picked":"Singing Bowl","floor":128},{"not_picked":["Master of Strategy+1","Magnetism","Corruption","Exhume+1"],"picked":"Singing Bowl","floor":135},{"not_picked":["Twin Strike+1","Enlightenment+1","Iron Wave+1","Battle Trance+1"],"picked":"Singing Bowl","floor":141},{"not_picked":["Heavy Blade+1","Forethought+1","Pommel Strike+1","Dual Wield+1"],"picked":"Singing Bowl","floor":145},{"not_picked":["Dark Shackles+1","Master of Strategy+1","Swift Strike+1","Secret Technique+1"],"picked":"Singing Bowl","floor":149},{"not_picked":["Metamorphosis+1","Immolate+1","Magnetism","Impervious+1"],"picked":"Singing Bowl","floor":152},{"not_picked":["Iron Wave+1","Clash+1","Flex+1","Evolve"],"picked":"Singing Bowl","floor":162},{"not_picked":["Impervious+1","Bludgeon+1","Immolate+1","Barricade"],"picked":"Singing Bowl","floor":169},{"not_picked":["Headbutt+1","Searing Blow+1","Heavy Blade+1","Pommel Strike+1"],"picked":"Singing Bowl","floor":177},{"not_picked":["Anger+1","Finesse+1","Armaments+1","Wild Strike+1"],"picked":"Singing Bowl","floor":179},{"not_picked":["Barricade","Metamorphosis+1","Apotheosis+1","Berserk"],"picked":"Singing Bowl","floor":186},{"not_picked":["Magnetism","Dramatic Entrance+1","Forethought+1","Metamorphosis+1"],"picked":"Singing Bowl","floor":191},{"not_picked":["Anger+1","Headbutt+1","Cleave+1","Clothesline+1"],"picked":"Singing Bowl","floor":196}],"player_experience":122741,"relics_obtained":[{"floor":1,"key":"MealTicket"},{"floor":2,"key":"StoneCalendar"},{"floor":6,"key":"Pocketwatch"},{"floor":9,"key":"Pantograph"},{"floor":12,"key":"Happy Flower"},{"floor":18,"key":"CaptainsWheel"},{"floor":21,"key":"Red Mask"},{"floor":25,"key":"Shovel"},{"floor":26,"key":"Bird Faced Urn"},{"floor":27,"key":"Anchor"},{"floor":28,"key":"White Beast Statue"},{"floor":29,"key":"Shuriken"},{"floor":32,"key":"Bottled Flame"},{"floor":35,"key":"Mango"},{"floor":36,"key":"Peace Pipe"},{"floor":40,"key":"StrikeDummy"},{"floor":42,"key":"Pear"},{"floor":43,"key":"Bottled Tornado"},{"floor":44,"key":"Boot"},{"floor":47,"key":"Lizard Tail"},{"floor":49,"key":"Toy Ornithopter"},{"floor":52,"key":"Lantern"},{"floor":56,"key":"Champion Belt"},{"floor":57,"key":"Omamori"},{"floor":60,"key":"Sundial"},{"floor":61,"key":"Bag of Preparation"},{"floor":62,"key":"Toxic Egg 2"},{"floor":66,"key":"Oddly Smooth Stone"},{"floor":69,"key":"Gremlin Horn"},{"floor":74,"key":"Tiny Chest"},{"floor":75,"key":"Darkstone Periapt"},{"floor":76,"key":"Centennial Puzzle"},{"floor":78,"key":"Strawberry"},{"floor":79,"key":"Pen Nib"},{"floor":80,"key":"Akabeko"},{"floor":83,"key":"Molten Egg 2"},{"floor":86,"key":"War Paint"},{"floor":89,"key":"Singing Bowl"},{"floor":91,"key":"Bronze Scales"},{"floor":92,"key":"Eternal Feather"},{"floor":93,"key":"Mercury Hourglass"},{"floor":95,"key":"PreservedInsect"},{"floor":96,"key":"Blue Candle"},{"floor":98,"key":"HornCleat"},{"floor":103,"key":"Ornamental Fan"},{"floor":107,"key":"Question Card"},{"floor":113,"key":"Ice Cream"},{"floor":120,"key":"Red Skull"},{"floor":124,"key":"TungstenRod"},{"floor":126,"key":"Matryoshka"},{"floor":133,"key":"Incense Burner"},{"floor":137,"key":"Potion Belt"},{"floor":141,"key":"Turnip"},{"floor":147,"key":"Nunchaku"},{"floor":150,"key":"InkBottle"},{"floor":154,"key":"Meat on the Bone"},{"floor":155,"key":"Ginger"},{"floor":171,"key":"Blood Vial"},{"floor":177,"key":"Circlet"},{"floor":188,"key":"The Courier"}],"event_choices":[{"damage_healed":0,"gold_gain":0,"player_choice":"Ignored","damage_taken":0,"max_hp_gain":0,"max_hp_loss":0,"event_name":"Liars Game","floor":3,"gold_loss":0},{"cards_removed":["Heavy Blade"],"damage_healed":0,"gold_gain":0,"player_choice":"Card Removal","damage_taken":0,"max_hp_gain":0,"max_hp_loss":0,"event_name":"The Cleric","floor":4,"gold_loss":50},{"damage_healed":0,"gold_gain":0,"player_choice":"Left Gold","damage_taken":0,"max_hp_gain":0,"max_hp_loss":0,"event_name":"World of Goop","floor":8,"gold_loss":44},{"cards_removed":["Shrug It Off"],"damage_healed":0,"gold_gain":0,"player_choice":"Gave Gold","damage_taken":0,"max_hp_gain":0,"max_hp_loss":0,"event_name":"Beggar","floor":20,"gold_loss":75},{"damage_healed":0,"gold_gain":0,"player_choice":"Fought Bandits","damage_taken":0,"max_hp_gain":0,"max_hp_loss":0,"event_name":"Masked Bandits","floor":21,"gold_loss":0},{"damage_healed":0,"gold_gain":99,"player_choice":"Stole From Cult","damage_taken":0,"max_hp_gain":0,"max_hp_loss":0,"event_name":"Nest","floor":30,"gold_loss":0},{"damage_healed":0,"gold_gain":0,"player_choice":"Fight","damage_taken":0,"max_hp_gain":0,"max_hp_loss":0,"event_name":"MindBloom","floor":36,"gold_loss":0},{"damage_healed":0,"gold_gain":0,"player_choice":"Ignored","damage_taken":0,"max_hp_gain":0,"max_hp_loss":0,"event_name":"Mysterious Sphere","floor":38,"gold_loss":0},{"cards_removed":["Impatience"],"damage_healed":0,"gold_gain":0,"player_choice":"Removed Skill","damage_taken":0,"max_hp_gain":0,"max_hp_loss":0,"event_name":"Falling","floor":39,"gold_loss":0},{"damage_healed":0,"gold_gain":0,"player_choice":"Ignored","damage_taken":0,"max_hp_gain":0,"max_hp_loss":0,"event_name":"Tomb of Lord Red Mask","floor":45,"gold_loss":0},{"damage_healed":0,"gold_gain":0,"player_choice":"1 cards matched","damage_taken":0,"max_hp_gain":0,"max_hp_loss":0,"event_name":"Match and Keep!","floor":53,"gold_loss":0,"cards_obtained":["Inflame"]},{"cards_removed":["Inflame"],"damage_healed":0,"gold_gain":0,"player_choice":"Offered Uncommon","damage_taken":0,"max_hp_gain":0,"max_hp_loss":0,"event_name":"Bonfire Elementals","floor":55,"gold_loss":0},{"damage_healed":0,"gold_gain":0,"player_choice":"Ignored","damage_taken":0,"max_hp_gain":0,"max_hp_loss":0,"event_name":"Shining Light","floor":64,"gold_loss":0},{"damage_healed":0,"gold_gain":80,"player_choice":"Gained Gold","damage_taken":0,"max_hp_gain":0,"max_hp_loss":0,"event_name":"Golden Wing","floor":65,"gold_loss":0},{"damage_healed":0,"gold_gain":0,"player_choice":"Shed Blood","damage_taken":28,"max_hp_gain":5,"max_hp_loss":0,"event_name":"Forgotten Altar","floor":70,"gold_loss":0},{"damage_healed":38,"gold_gain":0,"player_choice":"Heal","damage_taken":0,"max_hp_gain":0,"max_hp_loss":0,"event_name":"The Library","floor":71,"gold_loss":0},{"damage_healed":0,"gold_gain":0,"player_choice":"Trade","damage_taken":0,"relics_obtained":["FaceOfCleric"],"max_hp_gain":0,"max_hp_loss":0,"event_name":"FaceTrader","floor":72,"gold_loss":0},{"cards_removed":["Heavy Blade"],"damage_healed":0,"gold_gain":0,"player_choice":"Gave Gold","damage_taken":0,"max_hp_gain":0,"max_hp_loss":0,"event_name":"Beggar","floor":81,"gold_loss":75},{"damage_healed":0,"gold_gain":0,"player_choice":"Memory 1","damage_taken":0,"max_hp_gain":0,"max_hp_loss":0,"event_name":"SensoryStone","floor":87,"gold_loss":0},{"damage_healed":0,"gold_gain":0,"player_choice":"Ignored","damage_taken":0,"max_hp_gain":0,"max_hp_loss":0,"event_name":"Tomb of Lord Red Mask","floor":99,"gold_loss":0},{"damage_healed":0,"gold_gain":0,"player_choice":"Trade","damage_taken":0,"relics_obtained":["SsserpentHead"],"max_hp_gain":0,"max_hp_loss":0,"event_name":"FaceTrader","floor":104,"gold_loss":0},{"damage_healed":0,"gold_gain":0,"player_choice":"Donut","damage_taken":0,"max_hp_gain":5,"max_hp_loss":0,"event_name":"Big Fish","floor":116,"gold_loss":0},{"damage_healed":0,"gold_gain":0,"player_choice":"Full Heal","damage_taken":0,"max_hp_gain":0,"max_hp_loss":0,"event_name":"Wheel of Change","floor":122,"gold_loss":0},{"damage_healed":0,"gold_gain":0,"player_choice":"Forge","damage_taken":0,"max_hp_gain":0,"max_hp_loss":0,"event_name":"Accursed Blacksmith","floor":139,"gold_loss":0,"cards_upgraded":["Searing Blow"]},{"damage_healed":0,"gold_gain":0,"player_choice":"Fight","damage_taken":0,"max_hp_gain":0,"max_hp_loss":0,"event_name":"MindBloom","floor":141,"gold_loss":0},{"damage_healed":0,"gold_gain":0,"player_choice":"Upgraded","damage_taken":0,"max_hp_gain":0,"max_hp_loss":0,"event_name":"Upgrade Shrine","floor":142,"gold_loss":0,"cards_upgraded":["Searing Blow"]},{"damage_healed":0,"gold_gain":0,"player_choice":"Max HP","damage_taken":0,"max_hp_gain":0,"max_hp_loss":3,"event_name":"Winding Halls","floor":144,"gold_loss":0},{"damage_healed":0,"gold_gain":0,"player_choice":"Memory 1","damage_taken":0,"max_hp_gain":0,"max_hp_loss":0,"event_name":"SensoryStone","floor":149,"gold_loss":0},{"damage_healed":0,"gold_gain":0,"player_choice":"Fled","damage_taken":0,"max_hp_gain":0,"max_hp_loss":0,"event_name":"Scrap Ooze","floor":157,"gold_loss":0},{"damage_healed":0,"gold_gain":80,"player_choice":"Gained Gold","damage_taken":0,"max_hp_gain":0,"max_hp_loss":0,"event_name":"Golden Wing","floor":158,"gold_loss":0},{"damage_healed":0,"gold_gain":0,"player_choice":"Ignored","damage_taken":0,"max_hp_gain":0,"max_hp_loss":0,"event_name":"Shining Light","floor":160,"gold_loss":0},{"damage_healed":0,"gold_gain":0,"player_choice":"Upgraded","damage_taken":0,"max_hp_gain":0,"max_hp_loss":0,"event_name":"Upgrade Shrine","floor":161,"gold_loss":0,"cards_upgraded":["Searing Blow"]},{"damage_healed":0,"gold_gain":0,"player_choice":"Donut","damage_taken":0,"max_hp_gain":5,"max_hp_loss":0,"event_name":"Big Fish","floor":163,"gold_loss":0},{"cards_removed":["Clash"],"damage_healed":0,"gold_gain":0,"player_choice":"Card Removal","damage_taken":0,"max_hp_gain":0,"max_hp_loss":0,"event_name":"The Cleric","floor":166,"gold_loss":50},{"damage_healed":0,"gold_gain":0,"player_choice":"Ignored","damage_taken":0,"max_hp_gain":0,"max_hp_loss":0,"event_name":"Vampires","floor":172,"gold_loss":0},{"damage_healed":0,"gold_gain":0,"player_choice":"Got Potions","damage_taken":0,"max_hp_gain":0,"max_hp_loss":0,"event_name":"Lab","floor":173,"gold_loss":0},{"cards_removed":["Searing Blow"],"damage_healed":0,"gold_gain":0,"player_choice":"Gave Gold","damage_taken":0,"max_hp_gain":0,"max_hp_loss":0,"event_name":"Beggar","floor":175,"gold_loss":75},{"damage_healed":0,"gold_gain":0,"player_choice":"Fought Bandits","damage_taken":0,"max_hp_gain":0,"max_hp_loss":0,"event_name":"Masked Bandits","floor":177,"gold_loss":0},{"damage_healed":0,"gold_gain":0,"player_choice":"Inject Mutagens","damage_taken":0,"relics_obtained":["MutagenicStrength"],"max_hp_gain":0,"max_hp_loss":0,"event_name":"Drug Dealer","floor":178,"gold_loss":0},{"cards_removed":["Impatience"],"damage_healed":0,"gold_gain":0,"player_choice":"Elegance","damage_taken":0,"max_hp_gain":0,"max_hp_loss":0,"event_name":"Back to Basics","floor":183,"gold_loss":0},{"damage_healed":0,"gold_gain":0,"player_choice":"Fight","damage_taken":0,"max_hp_gain":0,"max_hp_loss":0,"event_name":"Colosseum","floor":184,"gold_loss":0},{"damage_healed":0,"gold_gain":0,"player_choice":"Fled From Nobs","damage_taken":0,"max_hp_gain":0,"max_hp_loss":0,"event_name":"Colosseum","floor":184,"gold_loss":0},{"damage_healed":0,"gold_gain":0,"player_choice":"Ignored","damage_taken":0,"max_hp_gain":0,"max_hp_loss":0,"event_name":"Tomb of Lord Red Mask","floor":189,"gold_loss":0},{"damage_healed":0,"gold_gain":0,"player_choice":"Bought 0 Potions","damage_taken":0,"max_hp_gain":0,"max_hp_loss":0,"event_name":"The Woman in Blue","floor":190,"gold_loss":0},{"damage_healed":0,"gold_gain":0,"player_choice":"Memory 1","damage_taken":0,"max_hp_gain":0,"max_hp_loss":0,"event_name":"SensoryStone","floor":191,"gold_loss":0},{"damage_healed":0,"gold_gain":100,"player_choice":"Pray","damage_taken":0,"max_hp_gain":0,"max_hp_loss":0,"event_name":"Golden Shrine","floor":200,"gold_loss":0}],"is_beta":false,"boss_relics":[{"not_picked":["Calling Bell","Tiny House"],"picked":"Black Star"},{"not_picked":["Astrolabe","Coffee Dripper"],"picked":"Philosopher\u0027s Stone"},{"not_picked":["Mark of Pain","Cursed Key","Velvet Choker"]},{"not_picked":["BlightedDurian"],"picked":"Scatterbrain"},{"not_picked":["Accursed"],"picked":"BlightedDurian"},{"not_picked":["GraspOfShadows"],"picked":"VoidEssence"},{"not_picked":["MetallicRebirth"],"picked":"BlightedDurian"},{"not_picked":["VoidEssence"],"picked":"Scatterbrain"},{"not_picked":["MetallicRebirth"],"picked":"BlightedDurian"},{"not_picked":["VoidEssence"],"picked":"Scatterbrain"},{"not_picked":["TwistingMind"],"picked":"Accursed"}],"items_purged_floors":[],"is_endless":true,"potions_floor_spawned":[2,6,18,21,25,33,35,36,47,50,52,56,57,67,69,76,77,84,86,88,89,94,101,103,107,109,111,118,120,124,126,128,133,135,137,141,145,147,150,152,154,155,162,169,171,177,179,184,186,188,196,198],"killed_by":"Maw","ascension_level":0}}