{"host":"4rvakrj1idbgia3f","time":1611681313,"event":{"mods":["BaseMod","Colored Map","Colored Powertips","DeckTracker","Highlight Path","Minty Spire (QoL Compilation)","Random Character Button","StSLib"],"gold_per_floor":[113,113,123,139,139,139,172,172,172,204,204,222,247,247,247,247,247],"floor_reached":16,"language":"JPN","playtime":468,"items_purged":[],"score":236,"play_id":"abf13f09-0771-4e63-b4be-db82a76a15a9","local_time":"20210127021513","is_ascension_mode":true,"campfire_choices":[{"data":"Dash","floor":6.0,"key":"SMITH"},{"data":"Dagger Spray","floor":8.0,"key":"SMITH"},{"floor":11.0,"key":"REST"},{"data":"Glass Knife","floor":15,"key":"SMITH"}],"circlet_count":0,"master_deck":["AscendersBane","Strike_G","Strike_G","Strike_G","Strike_G","Defend_G","Defend_G","Defend_G","Defend_G","Survivor","Neutralize","Dagger Throw","Deadly Poison","Dash+1","Dagger Spray+1","Glass Knife+1","Dodge and Roll"],"relics":["SacredBark","Mummified Hand","StrikeDummy","TungstenRod","Oddly Smooth Stone"],"acts_visited":["Exordium"],"potions_floor_usage":[],"damage_taken":[{"damage":6.0,"enemies":"Cultist","floor":1.0,"turns":5.0},{"damage":3.0,"enemies":"Jaw Worm","floor":3.0,"turns":5.0},{"damage":7.0,"enemies":"Small Slimes","floor":4.0,"turns":3.0},{"damage":10.0,"enemies":"Lagavulin","floor":7.0,"turns":8.0},{"damage":24.0,"enemies":"3 Sentries","floor":10.0,"turns":9.0},{"damage":5.0,"enemies":"Looter","floor":12.0,"turns":3.0},{"damage":10,"enemies":"Lagavulin","floor":13,"turns":6},{"damage":8,"enemies":"The Guardian","floor":16,"turns":3}],"seed_played":"-7990652847675766501","potions_obtained":[{"floor":3.0,"key":"FearPotion"},{"floor":10.0,"key":"LiquidBronze"},{"floor":12.0,"key":"SmokeBomb"}],"is_trial":false,"path_per_floor":["M","?","M","M","?","R","E","R","T","E","R","M","E","?","R","B"],"character_chosen":"THE_SILENT","items_purchased":[],"campfire_rested":1,"item_purchase_floors":[],"current_hp_per_floor":[53,46,43,36,36,36,26,26,26,2,21,16,6,6,6,0,0],"gold":247,"neow_bonus":"BOSS_RELIC","is_daily":false,"chose_seed":false,"campfire_upgraded":3,"win_rate":0.0,"timestamp":1611681313,"path_taken":["M","?","M","M","?","R","E","R","T","E","R","M","E","?","R","BOSS"],"items_purchased_type":[],"build_version":"2020-12-22","purchased_purges":0,"victory":false,"max_hp_per_floor":[66,66,66,66,66,66,66,66,66,66,66,66,66,66,66,66,66],"card_choices":[{"not_picked":["Sucker Punch","Distraction"],"picked":"Dagger Throw","floor":1.0},{"not_picked":["Acrobatics","Eviscerate"],"picked":"Deadly Poison","floor":3.0},{"not_picked":["Blade Dance","Setup"],"picked":"Dash","floor":4.0},{"not_picked":["Distraction","Endless Agony"],"picked":"Dagger Spray","floor":7.0},{"not_picked":["Outmaneuver","Poisoned Stab"],"picked":"Glass Knife","floor":10.0},{"not_picked":["Underhanded Strike","Outmaneuver","Accuracy"],"picked":"SKIP","floor":12.0},{"not_picked":["Reflex","Masterful Stab"],"picked":"Dodge and Roll","floor":13}],"player_experience":2123294,"relics_obtained":[{"floor":7.0,"key":"Mummified Hand"},{"floor":9.0,"key":"StrikeDummy"},{"floor":10.0,"key":"TungstenRod"},{"floor":13,"key":"Oddly Smooth Stone"}],"event_choices":[{"cards_removed":["Defend_G"],"damage_healed":0.0,"max_hp_gain":0.0,"max_hp_loss":0.0,"gold_gain":0.0,"event_name":"Golden Wing","player_choice":"Card Removal","floor":2.0,"gold_loss":0.0,"damage_taken":7.0},{"damage_healed":0.0,"max_hp_gain":0.0,"max_hp_loss":0.0,"gold_gain":0.0,"event_name":"Liars Game","player_choice":"Ignored","floor":5.0,"gold_loss":0.0,"damage_taken":0.0},{"cards_removed":["Strike_G"],"damage_healed":0,"gold_gain":0,"player_choice":"Card Removal","damage_taken":0,"max_hp_gain":0,"max_hp_loss":0,"event_name":"Wheel of Change","floor":14,"gold_loss":0}],"is_beta":false,"boss_relics":[],"items_purged_floors":[],"is_endless":false,"potions_floor_spawned":[3,10,12],"killed_by":"The Guardian","ascension_level":20}}