{"host":"jumrmhf584hajrnz","time":1611677876,"event":{"mods":["BaseMod","Duelist Mod","GifTheSpireLib","Minty Spire (QoL Compilation)","Quick Restart","Replay The Spire","StSLib"],"gold_per_floor":[137,151,151,151,74,149,181,15,87,87,103,134,148,178,178,178,178],"floor_reached":16,"language":"ENG","playtime":956,"items_purged":[],"score":336,"play_id":"7e552ddd-cdc9-45a9-9469-9c5ebde9a876","local_time":"20210126171756","is_ascension_mode":true,"campfire_choices":[{"floor":10,"key":"RECALL"},{"floor":15,"key":"REST"}],"circlet_count":0,"master_deck":["theDuelist:ZombieCorpse","theDuelist:ZombieCorpse","theDuelist:ArchfiendZombieSkull","theDuelist:ArmoredZombie","theDuelist:ArmoredZombie","theDuelist:ArmoredZombie","AscendersBane","theDuelist:ClownZombie","theDuelist:ClownZombie","theDuelist:PatricianDarkness","theDuelist:ShallowGrave","theDuelist:SkullConductor","theDuelist:TutanMask","theDuelist:Wightprince","theDuelist:Nameless:War:ForbiddenLance","theDuelist:Nameless:Power:AssaultArmor","theDuelist:VampireGrace","theDuelist:Wightmare","theDuelist:DimensionFusion","PanicButton"],"relics":["theDuelist:MillenniumPuzzle","theDuelist:CardPoolRelic","theDuelist:CardPoolBasicRelic","theDuelist:BoosterPackPoolRelic","theDuelist:CardPoolAddRelic","theDuelist:CardPoolMinusRelic","theDuelist:CardPoolSaveRelic","theDuelist:CardPoolOptionsRelic","NeowsBlessing","FossilizedHelix","Lantern","Golden Egg","Toy Ornithopter","Red Skull"],"acts_visited":["Exordium"],"potions_floor_usage":[16],"damage_taken":[{"damage":0,"enemies":"Cultist","floor":1,"turns":1},{"damage":0,"enemies":"Jaw Worm","floor":2,"turns":1},{"damage":0,"enemies":"Gremlin Nob","floor":7,"turns":1},{"damage":0,"enemies":"2 Louse","floor":11,"turns":2},{"damage":32,"enemies":"Lagavulin","floor":12,"turns":7},{"damage":0,"enemies":"Looter","floor":13,"turns":1},{"damage":0,"enemies":"Gremlin Nob","floor":14,"turns":3},{"damage":57,"enemies":"Fading Forest","floor":16,"turns":9}],"seed_played":"8373619386517827050","potions_obtained":[{"floor":1,"key":"theDuelist:VampirePotion"},{"floor":7,"key":"SmokeBomb"}],"is_trial":false,"path_per_floor":["M","M","?","T","$","?","E","$","T","R","M","E","M","E","R","B"],"character_chosen":"THE_DUELIST","items_purchased":["theDuelist:VampireGrace","Lantern"],"campfire_rested":1,"item_purchase_floors":[5,8],"current_hp_per_floor":[63,63,74,74,74,63,63,63,63,63,63,31,31,31,55,11,11],"gold":178,"neow_bonus":"THREE_ENEMY_KILL","is_daily":false,"chose_seed":false,"campfire_upgraded":0,"win_rate":0.0,"timestamp":1611677876,"path_taken":["M","M","?","?","?","?","E","?","T","R","M","E","M","E","R","BOSS"],"items_purchased_type":["Card","Relic"],"build_version":"2020-12-22","purchased_purges":0,"victory":false,"max_hp_per_floor":[70,70,81,81,81,81,81,81,81,81,81,81,81,81,81,81,81],"card_choices":[{"not_picked":["theDuelist:VampireGrimson","theDuelist:VampireFamiliar","theDuelist:FossilSkullknight","theDuelist:OvertexQoatlus"],"picked":"theDuelist:GhostrickAlucard","floor":1},{"not_picked":["theDuelist:Gernia","theDuelist:VampireSucker","theDuelist:DarkDustSpirit","theDuelist:AvendreadSavior"],"picked":"theDuelist:Wightprince","floor":2},{"not_picked":["theDuelist:VendreadCore","theDuelist:Pumpking","theDuelist:GhostrickJackfrost","theDuelist:SouleatingOviraptor"],"picked":"theDuelist:VampireLady","floor":7},{"not_picked":["theDuelist:ShiranuiSpectralsword","theDuelist:MagicalGhost","theDuelist:CorrodingShark","theDuelist:FusionFire","theDuelist:FusionDevourer"],"picked":"SKIP","floor":11},{"not_picked":["theDuelist:Necroface","theDuelist:VampireBaby","theDuelist:Pumprincess","theDuelist:Dakki"],"picked":"theDuelist:Wightmare","floor":12},{"not_picked":["theDuelist:VampireDomain","theDuelist:OniGamiCombo","theDuelist:AntiFusionDevice","theDuelist:Mausoleum"],"picked":"theDuelist:DimensionFusion","floor":13},{"not_picked":["Finesse","Sadistic Nature","Secret Weapon"],"picked":"PanicButton","floor":14}],"player_experience":1566413,"relics_obtained":[{"floor":7,"key":"FossilizedHelix"},{"floor":9,"key":"Golden Egg"},{"floor":12,"key":"Toy Ornithopter"},{"floor":14,"key":"Red Skull"}],"event_choices":[{"power_reward":4,"total_magic_score":26,"gold_gain":0,"duelist":true,"damage_taken":0,"relics_obtained":[],"points":16,"war_reward":4,"max_hp_gain":11,"max_hp_loss":0,"spent_points":{"magic":0,"greed":0,"war":4,"power":4,"hunger":4},"event_name":"Nameless Tomb","hunger_reward":4,"floor":3,"gold_loss":0,"cards_obtained":["theDuelist:Nameless:War:ForbiddenLance","theDuelist:Nameless:Power:AssaultArmor"]},{"damage_healed":0,"gold_gain":75,"player_choice":"Gather Gold","damage_taken":11,"max_hp_gain":0,"max_hp_loss":0,"event_name":"World of Goop","floor":6,"gold_loss":0}],"is_beta":false,"boss_relics":[],"items_purged_floors":[],"is_endless":false,"potions_floor_spawned":[1,7],"killed_by":"Fading Forest","ascension_level":20}}