{"host":"btt6ntw6a1bnaigc","time":1611700845,"event":{"mods":["AchievementEnabler","BaseMod","Downfall","Hermit","Marisa????????","Minty Spire (QoL Compilation)","StSLib","The Cursed","The Mystic"],"gold_per_floor":[109,109,109,123,123,123,158,172,172,205,15,15,27,40,40,139,139,119,119,69,80,80,118,118,141,141,151,151,165,165,208,208,313,313,329,338,365,389,158,192,212,212,289,289,323,348,376,35,35,35],"floor_reached":51,"language":"ENG","playtime":7200,"items_purged":["Strike_G","Strike_G"],"score":707,"play_id":"0a5001b8-3638-4f90-992c-ea27e68c9da4","local_time":"20210126224045","is_ascension_mode":false,"campfire_choices":[{"data":"Neutralize","floor":6.0,"key":"SMITH"},{"data":"Well Laid Plans","floor":15.0,"key":"SMITH"},{"data":"Wraith Form v2","floor":24,"key":"SMITH"},{"data":"A Thousand Cuts","floor":28,"key":"SMITH"},{"floor":30,"key":"REST"},{"data":"Malaise","floor":32,"key":"SMITH"},{"data":"Night Terror","floor":42,"key":"SMITH"},{"data":"Accuracy","floor":49,"key":"SMITH"}],"circlet_count":0,"master_deck":["Strike_G","Strike_G","Defend_G","Defend_G","Defend_G","Defend_G+1","Defend_G","Survivor","Neutralize+1","Infinite Blades","Caltrops","Venomology+1","Quick Slash","Well Laid Plans+1","Footwork+1","Well Laid Plans","Wraith Form v2+1","Malaise+1","A Thousand Cuts+1","Riddle With Holes+1","After Image","Bandage Up","Acrobatics+1","Accuracy+1","Night Terror+1","Cloak And Dagger+1","Backstab","Blur+1"],"relics":["Black Star","The Specimen","Lantern","Oddly Smooth Stone","Paper Crane","Bottled Tornado","Pen Nib","Philosopher\u0027s Stone","Nloth\u0027s Gift","CeramicFish","War Paint","Blood Vial","Pantograph","Runic Dome","Vajra","Centennial Puzzle","Akabeko","Kunai","Frozen Egg 2","Meat on the Bone","Ornamental Fan"],"acts_visited":["Exordium","TheCity","TheBeyond"],"potions_floor_usage":[21,23,23,27,27,27,27,29,31,33,33,37,38,40,40,41,41,45,46,46,47,50],"damage_taken":[{"damage":0.0,"enemies":"Jaw Worm","floor":1.0,"turns":6.0},{"damage":0.0,"enemies":"2 Louse","floor":4.0,"turns":2.0},{"damage":25.0,"enemies":"3 Sentries","floor":7.0,"turns":10.0},{"damage":0.0,"enemies":"Cultist","floor":8.0,"turns":5.0},{"damage":1.0,"enemies":"Lagavulin","floor":10.0,"turns":8.0},{"damage":0.0,"enemies":"Exordium Thugs","floor":13.0,"turns":6.0},{"damage":0.0,"enemies":"2 Fungi Beasts","floor":14.0,"turns":3.0},{"damage":10.0,"enemies":"The Guardian","floor":16.0,"turns":13.0},{"damage":4.0,"enemies":"2 Thieves","floor":18.0,"turns":4.0},{"damage":3,"enemies":"Shell Parasite","floor":21,"turns":7},{"damage":11,"enemies":"Gremlin Leader","floor":23,"turns":10},{"damage":3,"enemies":"Snake Plant","floor":25,"turns":7},{"damage":4,"enemies":"3 Cultists","floor":27,"turns":6},{"damage":13,"enemies":"Chosen and Byrds","floor":29,"turns":6},{"damage":21,"enemies":"Book of Stabbing","floor":31,"turns":7},{"damage":5,"enemies":"Automaton","floor":33,"turns":8},{"damage":24,"enemies":"3 Shapes","floor":35,"turns":4},{"damage":13,"enemies":"3 Darklings","floor":37,"turns":5},{"damage":4,"enemies":"Transient","floor":38,"turns":5},{"damage":9,"enemies":"Giant Head","floor":40,"turns":10},{"damage":7,"enemies":"Spire Growth","floor":41,"turns":5},{"damage":22,"enemies":"Reptomancer","floor":45,"turns":9},{"damage":9,"enemies":"Jaw Worm Horde","floor":46,"turns":5},{"damage":0,"enemies":"Maw","floor":47,"turns":8},{"damage":55,"enemies":"Awakened One","floor":50,"turns":16}],"seed_played":"981157041476704586","potions_obtained":[{"floor":4.0,"key":"LiquidMemories"},{"floor":8.0,"key":"Guardian:BlockOnCardUsePotion"},{"floor":10.0,"key":"DistilledChaos"},{"floor":18.0,"key":"Strength Potion"},{"floor":23,"key":"champ:CounterPotion"},{"floor":38,"key":"AttackPotion"},{"floor":40,"key":"SteroidPotion"},{"floor":46,"key":"champ:CounterPotion"}],"is_trial":false,"path_per_floor":["M","?","?","M","T","R","E","M","T","E","$","$","M","M","R","B",null,"M","?","?","M","?","E","R","M","T","M","R","M","R","E","R","B",null,"M","?","M","M","$","E","M","R","T","?","E","M","M","$","R","B",null],"character_chosen":"THE_SILENT","items_purchased":["Footwork","Pen Nib","Vajra","Ornamental Fan"],"campfire_rested":1,"item_purchase_floors":[11,11,39,48],"current_hp_per_floor":[70,63,68,68,68,68,43,43,43,42,42,42,42,42,42,32,75,71,57,57,54,54,43,43,40,40,36,36,23,47,26,26,48,80,56,56,49,51,51,48,47,47,47,47,31,40,46,46,46,34],"gold":35,"neow_bonus":"BOSS_RELIC","is_daily":false,"chose_seed":false,"campfire_upgraded":7,"win_rate":0.0,"timestamp":1611700845,"path_taken":["M","?","?","M","?","R","E","M","T","E","?","$","?","M","R","BOSS","M","?","?","?","?","E","R","?","T","M","R","M","R","E","R","BOSS","M","?","M","M","$","E","M","R","T","?","E","M","M","$","R","BOSS"],"items_purchased_type":["Card","Relic","Relic","Relic"],"build_version":"2020-12-22","purchased_purges":2,"victory":true,"max_hp_per_floor":[70,70,75,75,75,75,75,75,75,75,75,75,75,75,75,75,75,75,80,80,80,80,80,80,80,80,80,80,80,80,80,80,80,80,80,80,80,80,80,80,80,80,80,80,80,80,80,80,80,80],"card_choices":[{"not_picked":["Outmaneuver","Cloak And Dagger"],"picked":"Infinite Blades","floor":1.0},{"not_picked":["Expertise","Crippling Poison"],"picked":"Caltrops","floor":4.0},{"not_picked":["PiercingWail","Deadly Poison"],"picked":"Venomology","floor":7.0},{"not_picked":["Eviscerate","Masterful Stab"],"picked":"Quick Slash","floor":8.0},{"not_picked":["Deflect","Glass Knife"],"picked":"Well Laid Plans","floor":10.0},{"not_picked":["Expertise","Masterful Stab"],"picked":"Well Laid Plans","floor":13.0},{"not_picked":["Dagger Throw","Quick Slash","Outmaneuver"],"picked":"SKIP","floor":14.0},{"not_picked":["Grand Finale","Doppelganger"],"picked":"Wraith Form v2","floor":16.0},{"not_picked":["Slice+1","Outmaneuver+1","Prepared"],"picked":"SKIP","floor":18.0},{"not_picked":["Sucker Punch","Underhanded Strike+1","Outmaneuver"],"picked":"SKIP","floor":21},{"not_picked":["Distraction","Wraith Form v2"],"picked":"Malaise","floor":23},{"not_picked":["Slice","Underhanded Strike+1"],"picked":"A Thousand Cuts","floor":25},{"not_picked":["Deadly Poison","Deflect","Slice"],"picked":"SKIP","floor":27},{"not_picked":["Prepared","Underhanded Strike","Flying Knee"],"picked":"SKIP","floor":29},{"not_picked":["Quick Slash","Terror"],"picked":"Riddle With Holes+1","floor":31},{"not_picked":["Glass Knife","Venomology"],"picked":"After Image","floor":33},{"not_picked":["Dagger Spray","Bane+1","Acrobatics"],"picked":"SKIP","floor":35},{"not_picked":["Panacea","Master of Strategy"],"picked":"Bandage Up","floor":36},{"not_picked":["All Out Attack","Blade Dance"],"picked":"Acrobatics+1","floor":37},{"not_picked":["PiercingWail+1","Quick Slash+1"],"picked":"Accuracy","floor":38},{"not_picked":["Venomology","Wraith Form v2"],"picked":"Night Terror","floor":40},{"not_picked":["Prepared+1","Dagger Throw","Sucker Punch"],"picked":"SKIP","floor":41},{"not_picked":["Glass Knife","Phantasmal Killer"],"picked":"Cloak And Dagger+1","floor":45},{"not_picked":["Sucker Punch","Noxious Fumes+1"],"picked":"Backstab","floor":46},{"not_picked":["Infinite Blades+1","Choke+1"],"picked":"Blur+1","floor":47}],"player_experience":305609,"relics_obtained":[{"floor":5.0,"key":"The Specimen"},{"floor":7.0,"key":"Lantern"},{"floor":7.0,"key":"Oddly Smooth Stone"},{"floor":9.0,"key":"Paper Crane"},{"floor":10.0,"key":"Darkstone Periapt"},{"floor":10.0,"key":"Bottled Tornado"},{"floor":23,"key":"CeramicFish"},{"floor":23,"key":"War Paint"},{"floor":31,"key":"Blood Vial"},{"floor":31,"key":"Pantograph"},{"floor":40,"key":"Centennial Puzzle"},{"floor":40,"key":"Akabeko"},{"floor":43,"key":"Kunai"},{"floor":45,"key":"Frozen Egg 2"},{"floor":45,"key":"Meat on the Bone"}],"event_choices":[{"cards_removed":["Strike_G"],"damage_healed":0.0,"max_hp_gain":0.0,"max_hp_loss":0.0,"gold_gain":0.0,"event_name":"Golden Wing","player_choice":"Card Removal","floor":2.0,"gold_loss":0.0,"damage_taken":7.0},{"damage_healed":0.0,"max_hp_gain":5.0,"max_hp_loss":0.0,"gold_gain":0.0,"event_name":"Big Fish","player_choice":"Donut","floor":3.0,"gold_loss":0.0,"damage_taken":0.0},{"damage_healed":0,"gold_gain":0,"player_choice":"Shed Blood","damage_taken":19,"max_hp_gain":5,"max_hp_loss":0,"event_name":"Forgotten Altar","floor":19,"gold_loss":0},{"damage_healed":0,"gold_gain":0,"player_choice":"Bet on Murderer","damage_taken":0,"max_hp_gain":0,"max_hp_loss":0,"event_name":"The Joust","floor":20,"gold_loss":50},{"damage_healed":0,"gold_gain":0,"player_choice":"Traded Relic","damage_taken":0,"relics_obtained":["Nloth\u0027s Gift"],"max_hp_gain":0,"max_hp_loss":0,"event_name":"N\u0027loth","floor":22,"relics_lost":["Darkstone Periapt"],"gold_loss":0},{"damage_healed":0,"gold_gain":0,"player_choice":"Memory 1","damage_taken":0,"max_hp_gain":0,"max_hp_loss":0,"event_name":"SensoryStone","floor":36,"gold_loss":0},{"damage_healed":0,"gold_gain":0,"player_choice":"Forge","damage_taken":0,"max_hp_gain":0,"max_hp_loss":0,"event_name":"Accursed Blacksmith","floor":44,"gold_loss":0,"cards_upgraded":["Footwork"]}],"is_beta":false,"boss_relics":[{"not_picked":["SlaversCollar","Snecko Eye"],"picked":"Philosopher\u0027s Stone"},{"not_picked":["Empty Cage","Calling Bell"],"picked":"Runic Dome"}],"items_purged_floors":[39,48],"is_endless":false,"potions_floor_spawned":[4,8,10,14,18,23,27,38,40,46],"ascension_level":0}}