{"host":"z9811rt50ti81n54","time":1611647201,"event":{"mods":["BaseMod","Minty Spire (QoL Compilation)","StSLib","The Marked"],"gold_per_floor":[112,126,76,127,143,143,318,346,373,373,373,50,118,146,146,259,331,354,377,42,42,42,42,60,60,112,121,130,149,174,198,198,198,198],"floor_reached":33,"language":"ENG","playtime":1496,"items_purged":["Doubt","theMarked:Heritage"],"score":243,"play_id":"e09f8012-863d-405a-a569-5054c3ad42fc","local_time":"20210126164641","is_ascension_mode":false,"campfire_choices":[{"data":"theMarked:StartUp","floor":6.0,"key":"SMITH"},{"data":"theMarked:SuspiciousRaven","floor":10.0,"key":"SMITH"},{"data":"theMarked:EmpowerWeapon","floor":15.0,"key":"SMITH"},{"data":"theMarked:MagusForm","floor":23.0,"key":"SMITH"},{"data":"theMarked:Static","floor":25.0,"key":"SMITH"},{"data":"theMarked:FavorableWinds","floor":32,"key":"SMITH"}],"circlet_count":0,"master_deck":["theMarked:SoldierOfQuellstein+1","theMarked:Standoff","theMarked:StartUp+1","theMarked:SuspiciousRaven+1","theMarked:EmpowerWeapon+1","theMarked:StartUp+1","theMarked:TunnelVision+1","theMarked:EternalStudent","theMarked:Static+1","theMarked:DispelDoubt+1","theMarked:StartUp+1","theMarked:OneWithTheBlade","theMarked:MagusForm+1","theMarked:TakeCover","theMarked:Vacuum+1","theMarked:Improvise+1","theMarked:AttractMetal+1","theMarked:SelfDefenseTraining+1","theMarked:KeepCalmAndFight+1","theMarked:Parkour+1","theMarked:Parry","theMarked:WardOff","theMarked:Panic","theMarked:Memento+1","theMarked:FavorableWinds+1"],"relics":["theMarked:ArtifactOfAir","Bag of Marbles","CeramicFish","Molten Egg 2","Happy Flower","Smiling Mask","Pandora\u0027s Box","Lee\u0027s Waffle","Enchiridion","MealTicket"],"acts_visited":["Exordium","TheCity"],"potions_floor_usage":[],"damage_taken":[{"damage":0.0,"enemies":"2 Louse","floor":1.0,"turns":3.0},{"damage":5.0,"enemies":"Small Slimes","floor":2.0,"turns":4.0},{"damage":0.0,"enemies":"Cultist","floor":5.0,"turns":4.0},{"damage":14.0,"enemies":"Gremlin Nob","floor":8.0,"turns":3.0},{"damage":0.0,"enemies":"Gremlin Nob","floor":13.0,"turns":2.0},{"damage":0.0,"enemies":"Large Slime","floor":14.0,"turns":3.0},{"damage":20.0,"enemies":"Hexaghost","floor":16.0,"turns":7.0},{"damage":0.0,"enemies":"Chosen","floor":18.0,"turns":3.0},{"damage":15.0,"enemies":"Spheric Guardian","floor":19.0,"turns":4.0},{"damage":1.0,"enemies":"3 Cultists","floor":29.0,"turns":6.0},{"damage":5.0,"enemies":"Snecko","floor":30.0,"turns":3.0},{"damage":2,"enemies":"Centurion and Healer","floor":31,"turns":5},{"damage":66,"enemies":"Champ","floor":33,"turns":14}],"seed_played":"8149279464561754851","potions_obtained":[{"floor":5.0,"key":"Swift Potion"},{"floor":8.0,"key":"SkillPotion"},{"floor":16.0,"key":"AttackPotion"},{"floor":18.0,"key":"SpeedPotion"},{"floor":31,"key":"LiquidBronze"}],"is_trial":false,"path_per_floor":["M","M","?","?","M","R","?","E","T","R","T","$","?","M","R","B",null,"M","M","$","?","?","R","?","R","T","?","?","M","M","M","R","B"],"character_chosen":"THE_DEFAULT","items_purchased":["theMarked:StartUp+1","theMarked:TunnelVision+1","Happy Flower","Lee\u0027s Waffle","theMarked:SelfDefenseTraining+1","theMarked:KeepCalmAndFight+1"],"campfire_rested":0,"item_purchase_floors":[12,12,12,20,20,20],"current_hp_per_floor":[70,65,65,65,65,65,65,51,51,51,51,51,51,51,51,31,70,70,55,77,77,61,61,61,61,61,61,61,60,55,53,53,0,0],"gold":198,"neow_bonus":"UPGRADE_CARD","is_daily":false,"chose_seed":false,"campfire_upgraded":6,"win_rate":0.0,"timestamp":1611647201,"path_taken":["M","M","?","?","M","R","?","E","T","R","?","$","?","M","R","BOSS","M","M","$","?","?","R","?","R","T","?","?","?","M","M","R","BOSS"],"items_purchased_type":["Card","Card","Relic","Relic","Card","Card"],"build_version":"2020-12-22","purchased_purges":2,"victory":false,"max_hp_per_floor":[70,70,70,70,70,70,70,70,70,70,70,70,70,70,70,70,70,70,70,77,77,77,77,77,77,77,77,77,77,77,77,77,77,77],"card_choices":[{"not_picked":["theMarked:Parkour","theMarked:SwordAndMagic"],"picked":"theMarked:Standoff","floor":1.0},{"not_picked":["theMarked:Parkour","theMarked:TwofoldDefense"],"picked":"theMarked:StartUp","floor":2.0},{"not_picked":["theMarked:ResourceFulStrike","theMarked:ParalyzingBlade"],"picked":"theMarked:SuspiciousRaven","floor":5.0},{"not_picked":["theMarked:Parkour","theMarked:ChainLightning"],"picked":"theMarked:EmpowerWeapon","floor":8.0},{"not_picked":["theMarked:SwordAndMagic+1","theMarked:SelfDefenseTraining+1"],"picked":"theMarked:EternalStudent","floor":13.0},{"not_picked":["theMarked:Aftermath","theMarked:OneWithTheBlade"],"picked":"theMarked:Static","floor":14.0},{"not_picked":["theMarked:FavorableWinds","theMarked:TurnInvisible"],"picked":"theMarked:DispelDoubt+1","floor":16.0},{"not_picked":["theMarked:SwordAndMagic+1","theMarked:TakeCover"],"picked":"theMarked:Improvise+1","floor":18.0},{"not_picked":["theMarked:Aftermath","theMarked:EmpowerWeapon"],"picked":"theMarked:AttractMetal+1","floor":19.0},{"not_picked":["theMarked:ChainLightning+1","theMarked:BanishingStrike+1"],"picked":"theMarked:Panic","floor":29.0},{"not_picked":["theMarked:Polarize","theMarked:Frustration+1"],"picked":"theMarked:Memento+1","floor":30.0},{"not_picked":["theMarked:KeepCalmAndFight+1","theMarked:RepellingDischarge"],"picked":"theMarked:FavorableWinds","floor":31}],"player_experience":422730,"relics_obtained":[{"floor":8.0,"key":"Bag of Marbles"},{"floor":9.0,"key":"CeramicFish"},{"floor":11.0,"key":"Molten Egg 2"},{"floor":13.0,"key":"Smiling Mask"},{"floor":22.0,"key":"Enchiridion"},{"floor":26.0,"key":"MealTicket"}],"event_choices":[{"cards_removed":["theMarked:Strike"],"damage_healed":0.0,"max_hp_gain":0.0,"max_hp_loss":0.0,"gold_gain":0.0,"event_name":"The Cleric","player_choice":"Card Removal","floor":3.0,"gold_loss":50.0,"damage_taken":0.0},{"damage_healed":0.0,"max_hp_gain":0.0,"max_hp_loss":0.0,"gold_gain":51.0,"event_name":"Golden Wing","player_choice":"Gained Gold","floor":4.0,"gold_loss":0.0,"damage_taken":0.0},{"damage_healed":0.0,"max_hp_gain":0.0,"max_hp_loss":0.0,"gold_gain":175.0,"event_name":"Liars Game","player_choice":"AGREE","floor":7.0,"gold_loss":0.0,"damage_taken":0.0,"cards_obtained":["Doubt"]},{"damage_healed":0.0,"max_hp_gain":0.0,"max_hp_loss":0.0,"gold_gain":30.0,"event_name":"Dead Adventurer","player_choice":"Searched \u00272\u0027 times","floor":13.0,"gold_loss":0.0,"damage_taken":0.0},{"damage_healed":0.0,"max_hp_gain":0.0,"max_hp_loss":0.0,"gold_gain":0.0,"event_name":"Ghosts","player_choice":"Ignored","floor":21.0,"gold_loss":0.0,"damage_taken":0.0},{"damage_healed":0.0,"max_hp_gain":0.0,"max_hp_loss":0.0,"gold_gain":0.0,"event_name":"Cursed Tome","player_choice":"Obtained Book","floor":22.0,"gold_loss":0.0,"damage_taken":16.0},{"damage_healed":0.0,"max_hp_gain":0.0,"max_hp_loss":0.0,"gold_gain":0.0,"cards_transformed":["theMarked:Aftermath","theMarked:Heritage"],"event_name":"Drug Dealer","player_choice":"Became Test Subject","floor":24.0,"gold_loss":0.0,"damage_taken":0.0,"cards_obtained":["theMarked:CreepingChasm","theMarked:Parkour"]},{"damage_healed":0.0,"max_hp_gain":0.0,"max_hp_loss":0.0,"gold_gain":0.0,"event_name":"The Library","player_choice":"Read","floor":27.0,"gold_loss":0.0,"damage_taken":0.0,"cards_obtained":["theMarked:Parry"]},{"damage_healed":0.0,"max_hp_gain":0.0,"max_hp_loss":0.0,"gold_gain":0.0,"cards_transformed":["theMarked:CreepingChasm"],"event_name":"Transmorgrifier","player_choice":"Transformed","floor":28.0,"gold_loss":0.0,"damage_taken":0.0,"cards_obtained":["theMarked:WardOff"]}],"is_beta":false,"boss_relics":[{"not_picked":["SlaversCollar","Ectoplasm"],"picked":"Pandora\u0027s Box"}],"items_purged_floors":[12,20],"is_endless":false,"potions_floor_spawned":[5,8,16,18,31],"killed_by":"Champ","ascension_level":0}}