{"host":"dyudzmz1c60osjjw","time":1611626262,"event":{"mods":["AchievementEnabler","BaseMod","BetterRewards","Colored Map","Conspire","Downfall","Duelist Mod","Friendly Minions","Hermit","Hubris","Infinite Spire","Koishi","Marisa????????","Minty Spire (QoL Compilation)","StSLib","The Administrix","The Animator","The Cursed","The Disciple","The Mystic","The Runesmith","The Servant 0.9.4"],"gold_per_floor":[113,125,25,100,113,123,149,149,149,178,196,226,226,237,237,237,237],"floor_reached":16,"language":"ENG","playtime":1618,"items_purged":[],"score":112,"play_id":"9d37dae6-6494-49a9-8307-e95113703cff","local_time":"20210126125742","is_ascension_mode":false,"campfire_choices":[{"data":"SecondHand","floor":8,"key":"SMITH"},{"floor":15,"key":"REST"}],"circlet_count":0,"master_deck":["Keepsakes","Strike_Br","Strike_Br","Strike_Br","Strike_Br","Defend_Br","Defend_Br","Defend_Br","Defend_Br","SecondHand+1","PatternShift","SlimeSpray","Ghostly","Analog","Chronoelasticity","hubris:DuctTapeCard","LockedTurtyl+1","Engulf"],"relics":["Chronometer","Mercury Hourglass","hubris:DuctTape","Cryopreserver","Art of War"],"acts_visited":["Exordium"],"potions_floor_usage":[7,16,16],"damage_taken":[{"damage":0,"enemies":"Small Slimes","floor":1,"turns":3},{"damage":1,"enemies":"2 Louse","floor":2,"turns":4},{"damage":12,"enemies":"Jaw Worm","floor":5,"turns":7},{"damage":0,"enemies":"2 Fungi Beasts","floor":6,"turns":4},{"damage":7,"enemies":"3 Sentries","floor":7,"turns":11},{"damage":9,"enemies":"Lagavulin","floor":10,"turns":12},{"damage":4,"enemies":"Blue Slaver","floor":11,"turns":4},{"damage":11,"enemies":"Exordium Thugs","floor":14,"turns":5},{"damage":40,"enemies":"The Guardian","floor":16,"turns":13}],"seed_played":"-919660132286321988","potions_obtained":[{"floor":1,"key":"BlessingOfTheForge"},{"floor":7,"key":"WardPotion"},{"floor":11,"key":"Weak Potion"}],"is_trial":false,"path_per_floor":["M","M","?","?","M","M","E","R","T","E","M","?","?","M","R","B"],"character_chosen":"CHRONO_CLASS","items_purchased":[],"campfire_rested":1,"item_purchase_floors":[],"current_hp_per_floor":[71,70,70,59,47,47,40,40,40,31,27,27,27,16,37,0,0],"gold":237,"neow_bonus":"TEN_PERCENT_HP_BONUS","is_daily":false,"chose_seed":false,"campfire_upgraded":1,"win_rate":0.0,"timestamp":1611626262,"path_taken":["M","M","?","?","?","M","E","R","T","E","M","?","?","M","R","BOSS"],"items_purchased_type":[],"build_version":"2020-12-22","purchased_purges":0,"victory":false,"max_hp_per_floor":[71,71,71,71,71,71,71,71,71,71,71,71,71,71,71,71,71],"card_choices":[{"not_picked":["HandsUpB","LockedOrichalcum"],"picked":"SlimeSpray","floor":1},{"not_picked":["Backlash","HandsUpC"],"picked":"Tempo","floor":2},{"not_picked":["AlternateTimeline","Stagnate"],"picked":"Analog","floor":5},{"not_picked":["CrunchTime","HandsUpB"],"picked":"TickedOff","floor":6},{"not_picked":["OracleForm","WindUp"],"picked":"Chronoelasticity","floor":7},{"not_picked":["LockedPlans","AlternateTimeline"],"picked":"LockedTurtyl","floor":10},{"not_picked":["BackFourSeconds","LockedUrn"],"picked":"Engulf","floor":11},{"not_picked":["Engulf","BlueShift","Cuckoo"],"picked":"SKIP","floor":14}],"player_experience":197750,"relics_obtained":[{"floor":7,"key":"Mercury Hourglass"},{"floor":9,"key":"hubris:DuctTape"},{"floor":10,"key":"Cryopreserver"}],"event_choices":[{"damage_healed":0,"gold_gain":0,"player_choice":"Argue","damage_taken":0,"max_hp_gain":0,"max_hp_loss":0,"event_name":"conspire:LoneGhost","floor":3,"gold_loss":0},{"damage_healed":0,"gold_gain":75,"player_choice":"Gather Gold","damage_taken":11,"max_hp_gain":0,"max_hp_loss":0,"event_name":"World of Goop","floor":4,"gold_loss":0},{"damage_healed":0,"gold_gain":30,"player_choice":"Searched \u00272\u0027 times","damage_taken":0,"relics_obtained":["Art of War"],"max_hp_gain":0,"max_hp_loss":0,"event_name":"Dead Adventurer","floor":12,"gold_loss":0},{"damage_healed":0,"gold_gain":0,"player_choice":"Upgraded","damage_taken":0,"max_hp_gain":0,"max_hp_loss":0,"event_name":"Upgrade Shrine","floor":13,"gold_loss":0,"cards_upgraded":["LockedTurtyl"]}],"is_beta":false,"boss_relics":[],"items_purged_floors":[],"is_endless":false,"potions_floor_spawned":[1,7,11],"killed_by":"The Guardian","ascension_level":0}}