{"host":"skr63qsdfgeey3it","time":1611649465,"event":{"mods":["BaseMod","Colored Map","Hubris","Minty Spire (QoL Compilation)","Replay The Spire","Spicy Shops","StSLib"],"gold_per_floor":[361,361,78,88,104,104,131,131,131,167,202,202,202,233,233,307,307,323,10,0,0,16,49,49,49,99,99,99],"floor_reached":27,"language":"ENG","playtime":931,"items_purged":["Doubt","Strike_G"],"score":408,"play_id":"24e9aa54-882a-436a-b9ed-11c2123b08bf","local_time":"20210126022425","is_ascension_mode":true,"campfire_choices":[{"floor":6,"key":"REST"},{"floor":8,"key":"REST"},{"floor":12,"key":"REST"},{"floor":15,"key":"DIG"},{"floor":25,"key":"REST"}],"circlet_count":0,"master_deck":["AscendersBane","Strike_G","Strike_G","Strike_G","Defend_G","Defend_G","Defend_G","Defend_G","Survivor","Neutralize","Poisoned Stab","Accuracy","Bane","Flying Knee","Corpse Explosion","Flying Knee","Prepared","Atom Bomb","Bullet Time","Poisoned Stab","Poisoned Stab","Crippling Poison","Blade Dance","Blur+1","Flying Knee+1"],"relics":["Ring of the Snake","Mummified Hand","Bronze Scales","hubris:Spice","Tiny Chest","hubris:Towel","Shovel","Smiling Mask","ReplayTheSpireMod:CursedCoin","ReplayTheSpireMod:Ninjato","Gremlin Food"],"acts_visited":["Exordium","TheCity"],"potions_floor_usage":[10,14,16,27,27],"damage_taken":[{"damage":2,"enemies":"Jaw Worm","floor":1,"turns":9},{"damage":2,"enemies":"Cultist","floor":4,"turns":5},{"damage":1,"enemies":"2 Louse","floor":5,"turns":2},{"damage":35,"enemies":"Gremlin Nob","floor":7,"turns":5},{"damage":0,"enemies":"2 Fungi Beasts","floor":10,"turns":3},{"damage":20,"enemies":"Lagavulin","floor":11,"turns":5},{"damage":18,"enemies":"3 Sentries","floor":14,"turns":3},{"damage":35,"enemies":"Slime Boss","floor":16,"turns":11},{"damage":8,"enemies":"3 Byrds","floor":18,"turns":3},{"damage":0,"enemies":"Spheric Guardian","floor":22,"turns":3},{"damage":37,"enemies":"Book of Stabbing","floor":23,"turns":5},{"damage":45,"enemies":"Slavers","floor":27,"turns":2}],"seed_played":"-5323898942872143406","potions_obtained":[{"floor":4,"key":"Venom Potion"},{"floor":7,"key":"ColorlessPotion"},{"floor":14,"key":"Dexterity Potion"},{"floor":16,"key":"LiquidBronze"},{"floor":18,"key":"Weak Potion"}],"is_trial":false,"path_per_floor":["M","?","$","M","M","R","E","R","T","M","E","R","?","E","R","B",null,"M","$","?","?","M","E","T","R","T","E"],"character_chosen":"THE_SILENT","items_purchased":["Mummified Hand","Accuracy","ReplayTheSpireMod:CursedCoin","hubris:Spice","Poisoned Stab"],"campfire_rested":4,"item_purchase_floors":[3,3,19,19,19],"current_hp_per_floor":[43,43,43,41,40,61,26,47,55,55,35,58,58,40,40,5,68,60,60,60,60,60,23,23,44,44,0,0],"gold":99,"neow_bonus":"TWO_FIFTY_GOLD","is_daily":false,"chose_seed":false,"campfire_upgraded":0,"win_rate":0.0,"timestamp":1611649465,"path_taken":["M","?","?","?","?","R","E","R","T","M","E","R","?","E","R","BOSS","M","$","?","?","M","E","?","R","T","E"],"items_purchased_type":["Relic","Card","Relic","Relic","Card"],"build_version":"2020-12-22","purchased_purges":2,"victory":false,"max_hp_per_floor":[70,70,70,70,70,70,70,70,78,78,78,78,78,78,78,78,86,86,78,78,78,78,70,70,70,70,70,70],"card_choices":[{"not_picked":["Underhanded Strike","Backflip"],"picked":"Poisoned Stab","floor":1},{"not_picked":["hubris:SlightOfHand","Deflect"],"picked":"Bane","floor":4},{"not_picked":["ReplayTheSpireMod:Exploit Weakness","hubris:Sniper"],"picked":"Flying Knee","floor":5},{"not_picked":["Night Terror","Cloak And Dagger"],"picked":"Corpse Explosion","floor":7},{"not_picked":["ReplayTheSpireMod:Exploit Weakness","Slice"],"picked":"Flying Knee","floor":10},{"not_picked":["Dodge and Roll","Backflip"],"picked":"Prepared","floor":11},{"not_picked":["Caltrops","ReplayTheSpireMod:The Works"],"picked":"Atom Bomb","floor":14},{"not_picked":["Unload","Die Die Die"],"picked":"Bullet Time","floor":16},{"not_picked":["Dagger Spray","PiercingWail","hubris:SlightOfHand"],"picked":"SKIP","floor":18},{"not_picked":["Underhanded Strike","ReplayTheSpireMod:The Works"],"picked":"Blur+1","floor":22},{"not_picked":["Outmaneuver","Bane"],"picked":"Flying Knee+1","floor":23}],"player_experience":806370,"relics_obtained":[{"floor":7,"key":"Bronze Scales"},{"floor":9,"key":"hubris:Spice"},{"floor":11,"key":"Tiny Chest"},{"floor":14,"key":"Shovel"},{"floor":15,"key":"Smiling Mask"},{"floor":23,"key":"hubris:Spice"},{"floor":24,"key":"ReplayTheSpireMod:Ninjato"},{"floor":26,"key":"Gremlin Food"}],"event_choices":[{"damage_healed":0,"gold_gain":0,"player_choice":"Bought 0 Potions","damage_taken":0,"max_hp_gain":0,"max_hp_loss":0,"event_name":"The Woman in Blue","floor":2,"gold_loss":0},{"damage_healed":0,"gold_gain":0,"player_choice":"Paid Fearfully","damage_taken":0,"max_hp_gain":0,"max_hp_loss":0,"event_name":"Masked Bandits","floor":20,"gold_loss":10},{"damage_healed":0,"gold_gain":0,"cards_transformed":["Strike_G","Defend_G"],"player_choice":"Became Test Subject","damage_taken":0,"max_hp_gain":0,"max_hp_loss":0,"event_name":"Drug Dealer","floor":21,"gold_loss":0,"cards_obtained":["Crippling Poison","Blade Dance"]}],"is_beta":false,"boss_relics":[{"not_picked":["Coffee Dripper","Honey Jar"],"picked":"hubris:Spice"}],"items_purged_floors":[19,19],"is_endless":false,"potions_floor_spawned":[4,7,14,16,18,23],"killed_by":"Slavers","ascension_level":13}}