{"host":"0ueeacaatm8t6jyh","time":1611653668,"event":{"mods":["AchievementEnabler","BaseMod","Colored Powertips","Minty Spire (QoL Compilation)","Quick Restart","Rare Cards Sparkle","Shop Mod","StSLib"],"gold_per_floor":[109,120,45,59,17,32,32,32,48,48,68,91,116,116,116,136,136,136,136],"floor_reached":18,"language":"ZHS","playtime":599,"items_purged":[],"score":208,"play_id":"41e750d6-cb3a-45bc-89d1-411689d599dc","local_time":"20210126173428","is_ascension_mode":true,"campfire_choices":[{"data":"Armaments","floor":8.0,"key":"SMITH"},{"data":"Burning Pact","floor":10.0,"key":"SMITH"},{"floor":15.0,"key":"RECALL"},{"floor":17,"key":"REST"}],"circlet_count":0,"master_deck":["AscendersBane","Strike_R","Strike_R","Strike_R","Defend_R","Defend_R","Defend_R","Defend_R","Bash","Armaments+1","Shrug It Off","Evolve","Burning Pact+1","Whirlwind"],"relics":["Burning Blood","NeowsBlessing","Akabeko","Potion Belt"],"acts_visited":["Exordium"],"potions_floor_usage":[16,16],"damage_taken":[{"damage":0.0,"enemies":"Cultist","floor":1.0,"turns":1.0},{"damage":0.0,"enemies":"Small Slimes","floor":2.0,"turns":2.0},{"damage":0.0,"enemies":"2 Louse","floor":4.0,"turns":1.0},{"damage":29.0,"enemies":"Exordium Wildlife","floor":6.0,"turns":7.0},{"damage":21.0,"enemies":"Large Slime","floor":9.0,"turns":9.0},{"damage":5.0,"enemies":"Red Slaver","floor":11.0,"turns":5.0},{"damage":13,"enemies":"Exordium Thugs","floor":16,"turns":5},{"damage":67,"enemies":"Gremlin Nob","floor":18,"turns":4}],"seed_played":"168934778832253842","potions_obtained":[{"floor":2.0,"key":"LiquidBronze"},{"floor":6.0,"key":"Energy Potion"},{"floor":11.0,"key":"SpeedPotion"}],"is_trial":false,"path_per_floor":["M","M","?","M","$","M","?","R","M","R","M","T","T","?","R","M","R","E"],"character_chosen":"IRONCLAD","items_purchased":["Evolve"],"campfire_rested":1,"item_purchase_floors":[5],"current_hp_per_floor":[74,75,75,75,75,52,45,45,30,30,31,31,31,31,31,24,46,0,0],"gold":136,"neow_bonus":"THREE_ENEMY_KILL","is_daily":false,"chose_seed":false,"campfire_upgraded":2,"win_rate":0.0,"timestamp":1611653668,"path_taken":["M","M","?","M","$","M","?","R","M","R","M","T","T","?","R","?","R","E"],"items_purchased_type":["Card"],"build_version":"2020-12-22","purchased_purges":0,"victory":false,"max_hp_per_floor":[75,75,75,75,75,75,75,75,75,75,75,75,75,75,75,75,75,75,75],"card_choices":[{"not_picked":["Anger","Thunderclap"],"picked":"Armaments","floor":1.0},{"not_picked":["Anger","Iron Wave"],"picked":"Shrug It Off","floor":2.0},{"not_picked":["Sword Boomerang","Perfected Strike","Iron Wave"],"picked":"SKIP","floor":4.0},{"not_picked":["Cleave","Uppercut"],"picked":"Burning Pact","floor":6.0},{"not_picked":["Exhume","Spot Weakness","Sever Soul"],"picked":"SKIP","floor":9.0},{"not_picked":["Clash","Flame Barrier","Twin Strike"],"picked":"SKIP","floor":11.0},{"not_picked":["Blood for Blood","Flex"],"picked":"Whirlwind","floor":16}],"player_experience":470820,"relics_obtained":[{"floor":12.0,"key":"Akabeko"},{"floor":13.0,"key":"Potion Belt"}],"event_choices":[{"cards_removed":["Strike_R"],"damage_healed":0.0,"max_hp_gain":0.0,"max_hp_loss":0.0,"gold_gain":0.0,"event_name":"The Cleric","player_choice":"Card Removal","floor":3.0,"gold_loss":75.0,"damage_taken":0.0},{"cards_removed":["Strike_R"],"damage_healed":0.0,"max_hp_gain":0.0,"max_hp_loss":0.0,"gold_gain":0.0,"event_name":"Golden Wing","player_choice":"Card Removal","floor":7.0,"gold_loss":0.0,"damage_taken":7.0},{"damage_healed":0.0,"max_hp_gain":0.0,"max_hp_loss":0.0,"gold_gain":0.0,"event_name":"Shining Light","player_choice":"Ignored","floor":14.0,"gold_loss":0.0,"damage_taken":0.0}],"is_beta":false,"boss_relics":[],"items_purged_floors":[],"is_endless":false,"potions_floor_spawned":[2,6,11],"killed_by":"Gremlin Nob","ascension_level":20}}