{"host":"kywtqy4o43fs5yna","time":1611621057,"event":{"mods":["AchievementEnabler","Act Like it!","BaseMod","Better Note","BetterRewards","Colored Map","Minty Spire (QoL Compilation)","Quick Restart","Rare Cards Sparkle","StSLib","SuperFastMode"],"gold_per_floor":[117,10,25,44,63,63,63,63,63,80,108,108,127,160,160,256,256,269,269,281,71,107,107,107,107],"floor_reached":24,"language":"RUS","playtime":1845,"items_purged":[],"score":218,"play_id":"18d2db28-f3a9-47c4-a0b5-d616a050ed40","local_time":"20210126103057","is_ascension_mode":true,"campfire_choices":[{"data":"Fusion","floor":6.0,"key":"SMITH"},{"data":"Sunder","floor":8.0,"key":"SMITH"},{"data":"Machine Learning","floor":15,"key":"SMITH"},{"data":"White Noise","floor":23,"key":"SMITH"}],"circlet_count":0,"master_deck":["Strike_B","Strike_B","Strike_B","Strike_B","Defend_B+1","Defend_B","Defend_B","Defend_B","Zap","Dualcast+1","Sunder+1","Fusion+1","Hello World","Self Repair","White Noise+1","Self Repair","Conserve Battery","Barrage","Self Repair","Genetic Algorithm","Chill","Machine Learning+1","Meteor Strike","Streamline+1","Hologram+1","Magnetism"],"relics":["Cracked Core","Membership Card","Question Card","Toolbox","Bottled Flame","War Paint","Darkstone Periapt","DataDisk","Calipers","WingedGreaves","Nuclear Battery","Bottled Lightning"],"acts_visited":["Exordium","TheCity"],"potions_floor_usage":[14,18,20],"damage_taken":[{"damage":1.0,"enemies":"Cultist","floor":1.0,"turns":3.0},{"damage":0.0,"enemies":"2 Louse","floor":3.0,"turns":1.0},{"damage":6.0,"enemies":"Jaw Worm","floor":4.0,"turns":3.0},{"damage":21.0,"enemies":"Large Slime","floor":5.0,"turns":9.0},{"damage":13.0,"enemies":"Red Slaver","floor":10.0,"turns":4.0},{"damage":20.0,"enemies":"Gremlin Nob","floor":11.0,"turns":4.0},{"damage":8,"enemies":"2 Fungi Beasts","floor":13,"turns":2},{"damage":5,"enemies":"Lagavulin","floor":14,"turns":6},{"damage":30,"enemies":"Slime Boss","floor":16,"turns":7},{"damage":3,"enemies":"2 Thieves","floor":18,"turns":4},{"damage":0,"enemies":"3 Byrds","floor":20,"turns":4},{"damage":43,"enemies":"3 Cultists","floor":22,"turns":7},{"damage":49,"enemies":"Slavers","floor":24,"turns":5}],"seed_played":"-8451064170791213137","potions_obtained":[{"floor":5.0,"key":"FocusPotion"},{"floor":10.0,"key":"DistilledChaos"},{"floor":13,"key":"SneckoOil"},{"floor":14,"key":"Explosive Potion"},{"floor":16,"key":"SkillPotion"}],"is_trial":false,"path_per_floor":["M","$","M","M","M","R","$","R","T","M","E","?","M","E","R","B",null,"M","?","M","$","M","R","E"],"character_chosen":"DEFECT","items_purchased":["Membership Card","Question Card","Sunder","Fusion","Toolbox","Hello World","Self Repair","Bottled Flame","War Paint","White Noise","Bottled Lightning","Magnetism"],"campfire_rested":0,"item_purchase_floors":[0,0,0,0,0,0,0,0,2,2,21,21],"current_hp_per_floor":[46,46,46,54,54,54,54,54,54,55,49,42,41,43,43,34,75,75,75,75,75,46,46,0,0],"gold":107,"neow_bonus":"","is_daily":false,"chose_seed":false,"campfire_upgraded":4,"win_rate":0.0,"timestamp":1611621057,"path_taken":["M","$","M","M","M","R","$","R","T","?","E","?","M","E","R","BOSS","M","?","M","$","M","R","E"],"items_purchased_type":["Relic","Relic","Card","Card","Relic","Card","Card","Relic","Relic","Card","Relic","Card"],"build_version":"2020-12-22","purchased_purges":0,"victory":false,"max_hp_per_floor":[75,75,75,75,75,75,75,75,75,75,75,75,75,75,75,75,75,75,75,75,75,75,75,75,75],"card_choices":[{"not_picked":["Leap","Coolheaded","Stack","Force Field"],"picked":"SKIP","floor":1.0},{"not_picked":["Coolheaded","Sweeping Beam","Consume"],"picked":"Self Repair","floor":3.0},{"not_picked":["Ball Lightning","Glacier","Beam Cell"],"picked":"Conserve Battery","floor":4.0},{"not_picked":["Gash","Turbo","Conserve Battery"],"picked":"Barrage","floor":5.0},{"not_picked":["Reprogram","Multi-Cast","Defragment"],"picked":"Self Repair","floor":10.0},{"not_picked":["Leap","Barrage","Doom and Gloom"],"picked":"Genetic Algorithm","floor":11},{"not_picked":["Gash","Stack","Streamline"],"picked":"Chill","floor":13},{"not_picked":["Chaos","BootSequence","Redo"],"picked":"Machine Learning","floor":14},{"not_picked":["Multi-Cast","Buffer","Amplify"],"picked":"Meteor Strike","floor":16},{"not_picked":["Compile Driver","Chaos","Leap"],"picked":"Streamline+1","floor":18},{"not_picked":["Rebound","Gash","Reprogram"],"picked":"Hologram+1","floor":20},{"not_picked":["Steam Power+1","Hologram","Go for the Eyes+1","Redo"],"picked":"SKIP","floor":22}],"player_experience":173395,"relics_obtained":[{"floor":9.0,"key":"Darkstone Periapt"},{"floor":11,"key":"DataDisk"},{"floor":14,"key":"WingedGreaves"}],"event_choices":[{"damage_healed":0,"gold_gain":0,"player_choice":"Success","damage_taken":7,"relics_obtained":["Calipers"],"max_hp_gain":0,"max_hp_loss":0,"event_name":"Scrap Ooze","floor":12,"gold_loss":0},{"damage_healed":0,"gold_gain":0,"player_choice":"Ignored","damage_taken":0,"max_hp_gain":0,"max_hp_loss":0,"event_name":"The Mausoleum","floor":19,"gold_loss":0}],"is_beta":false,"boss_relics":[{"not_picked":["Velvet Choker","Runic Pyramid"],"picked":"Nuclear Battery"}],"items_purged_floors":[],"is_endless":false,"potions_floor_spawned":[5,10,13,14,16],"killed_by":"Slavers","ascension_level":1}}