{"host":"cgwysqtmt736mr58","time":1611657202,"event":{"mods":["2.2 Compatiblity","Aspiration","BaseMod","Beaked The Cultist","Colored Map","Colored Powertips","Downfall","Googly Eyes","Halation","Hermit","Hubris","Infinite Spire","Lobotomy","LobotomyExtend","Marisa????????","Minty Spire (QoL Compilation)","Relic Stats","Replay The Spire","Shade Mod","StSLib","The Bug Knight","The Construct","The Cursed","The Disciple","The Exalted","The Jungle","The Necromancer","The Runesmith","The Servant 0.9.4","The Wild Card","Waifu the Spire","Yuri Mod"],"gold_per_floor":[99,109,13,32,17,2,2,2,2,2,28,38,23,40,55,155,155,55,71,5,16,16,34,34,134,166,176,275,275,275,275,286,387,387,387,401,401,401,419,419,419,438,451,451,486,16,28,28,40,40,40],"floor_reached":52,"language":"ENG","playtime":2894,"items_purged":[],"score":944,"play_id":"d2710f51-8bed-4444-b7ca-bb8b7a233369","local_time":"20210126213322","is_ascension_mode":true,"campfire_choices":[{"floor":8,"key":"RECALL"},{"floor":10,"key":"REST"},{"data":"bronze:HardenedForm","floor":18,"key":"SMITH"},{"floor":29,"key":"REST"},{"data":"bronze:Iterate","floor":35,"key":"SMITH"},{"data":"infinitespire:Gouge","floor":48,"key":"SMITH"}],"circlet_count":0,"master_deck":["bronze:Strike","bronze:Strike","bronze:Strike","bronze:Strike+1","bronze:Defend","bronze:Defend","bronze:Defend","bronze:Defend","bronze:Replicate+1","bronze:ChosenStrike","bronze:FunctionCard","bronze:WildBeam","Parasite","bronze:HardenedForm+1","bronze:Iterate+1","bronze:Backtrace","bronze:Assembly+1","bronze:Boost","bronze:Boost","bronze:BronzeOrb","bronze:Library+1","J.A.X.","bronze:Overheat+1","bronze:DelayedSlice","bronze:Repair","bronze:Flail","bronze:ClassDefault","bronze:Repair+1","bronze:Fortify+1","infinitespire:Gouge+1","expansioncontent:YouAreMine","expansioncontent:Chronoboost","expansioncontent:Chronoboost+1","bronze:ChildClass+1","bronze:ItsAFeature+1","bronze:Separator+1","bronze:InfiniteBeams"],"relics":["bronze:BronzeCore","hubris:TenFootPole","LetterFromLob","infinitespire:Eraser","Heaven_r","ShedSkin_r","Pet Ghost","construct:ClawGrip","downfall:HeartBlessingRed","bronze:PlatinumCore","Whetstone","Blue Candle","MutagenicStrength","Oddly Smooth Stone","Guide Book","halation:StarCompass","Strange Spoon","ReplayTheSpireMod:Ninjato","halation:WeightlessCrab","aspiration:KaomsHeart"],"acts_visited":["Exordium","TheCity","TheBeyond"],"potions_floor_usage":[9,16,16,16,23,26,33,33,45,50],"damage_taken":[{"damage":2,"enemies":"Small Slimes","floor":2,"turns":4},{"damage":5,"enemies":"downfall:FleeingMerchant","floor":3,"turns":4},{"damage":1,"enemies":"Cultist","floor":4,"turns":3},{"damage":5,"enemies":"downfall:FleeingMerchant","floor":5,"turns":4},{"damage":15,"enemies":"downfall:FleeingMerchant","floor":6,"turns":4},{"damage":22,"enemies":"downfall:FleeingMerchant","floor":9,"turns":3},{"damage":0,"enemies":"2 Louse","floor":12,"turns":2},{"damage":8,"enemies":"downfall:FleeingMerchant","floor":13,"turns":4},{"damage":0,"enemies":"Exordium Wildlife","floor":14,"turns":2},{"damage":0,"enemies":"Blue Slaver","floor":15,"turns":2},{"damage":8,"enemies":"SI_SHIV_ARCHETYPE","floor":16,"turns":4},{"damage":2,"enemies":"Chosen","floor":19,"turns":3},{"damage":15,"enemies":"downfall:FleeingMerchant","floor":20,"turns":4},{"damage":6,"enemies":"Sentry and Sphere","floor":21,"turns":4},{"damage":3,"enemies":"Shelled Parasite and Fungi","floor":23,"turns":3},{"damage":38,"enemies":"downfall:Augmenter","floor":25,"turns":6},{"damage":0,"enemies":"Nightmare","floor":26,"turns":5},{"damage":1,"enemies":"Centurion and Healer","floor":27,"turns":3},{"damage":0,"enemies":"downfall:FleeingMerchant","floor":28,"turns":2},{"damage":12,"enemies":"Snake Plant","floor":32,"turns":2},{"damage":0,"enemies":"IC_MUSHROOM_ARCHETYPE","floor":33,"turns":4},{"damage":11,"enemies":"3 Darklings","floor":36,"turns":6},{"damage":9,"enemies":"Orb Walker","floor":39,"turns":3},{"damage":0,"enemies":"3 Darklings","floor":42,"turns":2},{"damage":0,"enemies":"Sphere and 2 Shapes","floor":43,"turns":2},{"damage":4,"enemies":"Reptomancer","floor":45,"turns":3},{"damage":13,"enemies":"Writhing Mass","floor":47,"turns":4},{"damage":7,"enemies":"3 Darklings","floor":49,"turns":2},{"damage":0,"enemies":"WA_ARCHETYPE_DIVINITY","floor":50,"turns":6}],"seed_played":"-2605159534361829243","potions_obtained":[{"floor":2,"key":"Dexterity Potion"},{"floor":12,"key":"Fire Potion"},{"floor":14,"key":"Venom Potion"},{"floor":15,"key":"FearPotion"},{"floor":21,"key":"hexamod:SoulburnPotion"},{"floor":23,"key":"Elixir"},{"floor":27,"key":"ColorlessPotion"},{"floor":40,"key":"downfall:CursedFountainPotion"},{"floor":43,"key":"AttackPotion"},{"floor":45,"key":"Death Potion"}],"is_trial":false,"path_per_floor":["R_BF","M","$","M","$","$","T","R","$","R","T","M","$","M","M","B",null,"R","M","$","M","AVR","M","T","?","NM","M","$","R","?","?","M","B",null,"R","M","AVR","?","M","?","T","M","M","?","E","$","M","R","M","B",null,null],"character_chosen":"THE_AUTOMATON","items_purchased":["bronze:ChosenStrike","PowerPotion","bronze:ClassDefault","Guide Book","Strength Potion","aspiration:KaomsHeart","SpeedPotion"],"campfire_rested":2,"item_purchase_floors":[3,20,28,28,28,46,46],"current_hp_per_floor":[70,68,63,62,57,42,42,42,13,34,34,34,26,26,26,18,70,70,68,53,47,47,44,44,6,6,5,5,26,26,26,21,38,70,70,70,70,65,66,66,66,66,66,66,70,170,164,164,163,170,170],"gold":40,"neow_bonus":"RANDOM_COMMON_RELIC","is_daily":false,"chose_seed":false,"campfire_upgraded":3,"win_rate":0.0,"timestamp":1611657202,"path_taken":["R_BF","M","$","?","?","$","T","R","?","R","?","M","?","?","M","BOSS","R","M","$","M","AVR","M","T","?","NM","M","$","R","?","?","M","BOSS","R","M","AVR","?","M","?","T","?","M","?","E","$","M","R","M","BOSS"],"items_purchased_type":["Card","Potion","Card","Relic","Potion","Relic","Potion"],"build_version":"2020-12-22","purchased_purges":0,"victory":true,"max_hp_per_floor":[70,70,70,70,70,70,70,70,70,70,70,70,70,70,70,70,70,70,70,70,70,70,70,70,70,70,70,70,70,70,70,70,70,70,70,70,70,70,70,70,70,70,70,70,70,170,170,170,170,170,170],"relic_stats":{"Strange Spoon":[15],"counters":[29,100],"Blue Candle":[1],"Whetstone":["bronze:Strike","bronze:NullPointer"],"obtain_stats":[{"bronze:PlatinumCore":22,"construct:ClawGrip":17,"bronze:BronzeCore":0,"ReplayTheSpireMod:Ninjato":41,"downfall:HeartBlessingRed":18,"Blue Candle":24,"Guide Book":28,"Oddly Smooth Stone":26,"halation:WeightlessCrab":45,"Whetstone":22,"halation:StarCompass":30,"Pet Ghost":11,"Heaven_r":9,"Strange Spoon":37,"MutagenicStrength":25,"aspiration:KaomsHeart":46,"hubris:TenFootPole":0,"LetterFromLob":2,"infinitespire:Eraser":7,"ShedSkin_r":9},{"bronze:PlatinumCore":14,"construct:ClawGrip":11,"bronze:BronzeCore":0,"ReplayTheSpireMod:Ninjato":23,"downfall:HeartBlessingRed":11,"Blue Candle":15,"Guide Book":19,"Oddly Smooth Stone":17,"halation:WeightlessCrab":26,"Whetstone":14,"halation:StarCompass":19,"Pet Ghost":6,"Heaven_r":6,"Strange Spoon":22,"MutagenicStrength":16,"aspiration:KaomsHeart":26,"hubris:TenFootPole":0,"LetterFromLob":1,"infinitespire:Eraser":5,"ShedSkin_r":6},{"bronze:PlatinumCore":47,"construct:ClawGrip":36,"bronze:BronzeCore":0,"ReplayTheSpireMod:Ninjato":81,"downfall:HeartBlessingRed":36,"Blue Candle":50,"Guide Book":66,"Oddly Smooth Stone":61,"halation:WeightlessCrab":88,"Whetstone":47,"halation:StarCompass":66,"Pet Ghost":22,"Heaven_r":22,"Strange Spoon":78,"MutagenicStrength":56,"aspiration:KaomsHeart":88,"hubris:TenFootPole":0,"LetterFromLob":4,"infinitespire:Eraser":19,"ShedSkin_r":22}]},"card_choices":[{"not_picked":["bronze:Deprecate","bronze:BitShift","bronze:BugBarrage"],"picked":"SKIP","floor":2},{"not_picked":["bronze:BitShift","bronze:ForLoop","bronze:DarkDash"],"picked":"SKIP","floor":3},{"not_picked":["bronze:Safeguard","bronze:Deprecate","bronze:BuggyMess"],"picked":"SKIP","floor":4},{"not_picked":["bronze:ClassDefault","bronze:Constructor"],"picked":"bronze:Hardcode","floor":5},{"not_picked":["bronze:Branch","bronze:Virus"],"picked":"bronze:WildBeam","floor":6},{"not_picked":["bronze:BuggyMess","bronze:BugBarrage"],"picked":"bronze:NullPointer","floor":12},{"not_picked":["bronze:Frontload","bronze:CutThrough"],"picked":"bronze:HardenedForm","floor":13},{"not_picked":["bronze:Philosophize","bronze:FineTuning"],"picked":"bronze:Iterate","floor":14},{"not_picked":["bronze:DelayedGuard","bronze:BugBarrage"],"picked":"bronze:Backtrace","floor":15},{"not_picked":["bronze:TinkerersToolbox","bronze:ShipIt"],"picked":"bronze:Assembly","floor":16},{"not_picked":["bronze:DarkDash","bronze:Turbo"],"picked":"bronze:Boost","floor":19},{"not_picked":["bronze:BitShift+1","bronze:BugBarrage"],"picked":"bronze:Boost","floor":20},{"not_picked":["bronze:DigitalCarnage","bronze:DarkDash","bronze:Return"],"picked":"SKIP","floor":21},{"not_picked":["bronze:Deprecate","bronze:Shield","bronze:Turbo"],"picked":"SKIP","floor":23},{"not_picked":[],"picked":"J.A.X.","floor":25},{"not_picked":["bronze:Iterate","bronze:Turbo+1"],"picked":"bronze:Overheat+1","floor":25},{"not_picked":["bronze:FindAndReplace","bronze:GetLatest"],"picked":"bronze:DelayedSlice","floor":26},{"not_picked":["bronze:WhirlingStrike","bronze:Repulsor"],"picked":"bronze:Repair","floor":27},{"not_picked":["bronze:Branch+1","bronze:Overheat"],"picked":"bronze:Flail","floor":28},{"not_picked":["bronze:Philosophize","bronze:BitShift"],"picked":"bronze:Repair+1","floor":32},{"not_picked":["bronze:BugBarrage","bronze:Overload+1"],"picked":"bronze:Fortify+1","floor":36},{"not_picked":["expansioncontent:LastStand","Replay:SS_forest_2"],"picked":"expansioncontent:YouAreMine","floor":38},{"not_picked":["Replay:SS_fish_1","expansioncontent:Hexaburn"],"picked":"expansioncontent:Chronoboost","floor":38},{"not_picked":["Replay:SS_fish_1","Replay:SS_hec_1"],"picked":"expansioncontent:Chronoboost","floor":38},{"not_picked":["bronze:BuggyMess+1","bronze:WildBeam"],"picked":"bronze:ChildClass+1","floor":39},{"not_picked":["bronze:FollowUp","bronze:Constructor","bronze:ForLoop+1"],"picked":"SKIP","floor":42},{"not_picked":["bronze:DelayedGuard+1","bronze:Virus","bronze:GetLatest"],"picked":"SKIP","floor":43},{"not_picked":["bronze:Return","bronze:Frontload"],"picked":"bronze:ItsAFeature+1","floor":45},{"not_picked":["bronze:FineTuning","bronze:Flail"],"picked":"bronze:Separator+1","floor":47},{"not_picked":["bronze:BuggyMess+1","bronze:Separator+1"],"picked":"bronze:InfiniteBeams","floor":49}],"player_experience":1042475,"relics_obtained":[{"floor":2,"key":"LetterFromLob"},{"floor":7,"key":"infinitespire:Eraser"},{"floor":11,"key":"Pet Ghost"},{"floor":24,"key":"Blue Candle"},{"floor":25,"key":"MutagenicStrength"},{"floor":26,"key":"Oddly Smooth Stone"},{"floor":41,"key":"ReplayTheSpireMod:Ninjato"},{"floor":45,"key":"halation:WeightlessCrab"},{"floor":47,"key":"RedMistMask"}],"event_choices":[{"damage_healed":0,"gold_gain":0,"player_choice":"Grow","damage_taken":0,"max_hp_gain":0,"max_hp_loss":0,"event_name":"Living Wall","floor":1,"gold_loss":0,"cards_upgraded":["bronze:Replicate"]}],"is_beta":false,"boss_relics":[{"not_picked":["ReplayTheSpireMod:SealedPack","halation:LoveArrow"],"picked":"construct:ClawGrip"},{"not_picked":["hubris:BlackHole","halation:Risk","Cursed Key"]}],"items_purged_floors":[],"is_endless":false,"potions_floor_spawned":[2,9,12,14,15,21,23,27,43,45,47],"ascension_level":2}}