{"host":"jo2hy1cuyjtes46m","time":1611703642,"event":{"mods":["BaseMod","Challenge The Spire","Downfall","Minty Spire (QoL Compilation)","Quick Restart","StSLib"],"gold_per_floor":[99,110,125,125,125,159,159,169,169,69,102,12,12,38,57,162,162,62,79,90,90,102,121,121,134,134,84,101,121,121,106,117,117,117,117],"floor_reached":33,"language":"ENG","playtime":2118,"items_purged":["champ:Strike"],"score":294,"play_id":"04233392-d841-4cc4-bbce-2581b822675f","local_time":"20210126232722","is_ascension_mode":false,"campfire_choices":[{"data":"champ:Execute","floor":1.0,"key":"SMITH"},{"data":"champ:Taunt","floor":10,"key":"SMITH"},{"floor":13,"key":"REST"},{"data":"champ:Circumvent","floor":18,"key":"SMITH"},{"data":"champ:StrikeOfGenius","floor":26,"key":"SMITH"},{"floor":30,"key":"RECALL"}],"circlet_count":0,"master_deck":["champ:Strike","champ:Strike","champ:Strike","champ:Defend","champ:Defend","champ:Defend","champ:Defend","champ:Execute+1","champ:Taunt+1","champ:Haymaker","champ:TripleStrike","champ:PreciseThrust+1","champ:VampiricStrike","champ:AdrenalArmor","champ:Circumvent+1","champ:RapidStrikes","champ:StrikeOfGenius+1","champ:RisingSlash","Pride","champ:ShieldWall+1","champ:Parry","champ:MurderStrike","champ:ShieldSlam"],"relics":["champ:ChampionCrown","Potion Belt","Darkstone Periapt","downfall:HeartBlessingBlue","champ:DefensiveTrainingManual","Question Card","Runic Dome","downfall:HeartBlessingGreen","Kunai","Thread and Needle"],"acts_visited":["Exordium","TheCity"],"potions_floor_usage":[16,16,16,22,31,32,33],"damage_taken":[{"damage":10.0,"enemies":"Jaw Worm","floor":2.0,"turns":3.0},{"damage":10.0,"enemies":"Small Slimes","floor":3.0,"turns":3.0},{"damage":50,"enemies":"Lagavulin","floor":6,"turns":9},{"damage":6,"enemies":"Cultist","floor":8,"turns":3},{"damage":41,"enemies":"Gremlin Nob","floor":11,"turns":4},{"damage":15,"enemies":"downfall:FleeingMerchant","floor":12,"turns":4},{"damage":51,"enemies":"Lagavulin","floor":14,"turns":4},{"damage":13,"enemies":"Large Slime","floor":15,"turns":4},{"damage":66,"enemies":"WA_ARCHETYPE_RETAIN","floor":16,"turns":6},{"damage":22,"enemies":"Shell Parasite","floor":19,"turns":4},{"damage":35,"enemies":"Chosen","floor":20,"turns":3},{"damage":15,"enemies":"Snake Plant","floor":22,"turns":4},{"damage":10,"enemies":"Snecko","floor":23,"turns":5},{"damage":36,"enemies":"Sentry and Sphere","floor":25,"turns":5},{"damage":22,"enemies":"Shelled Parasite and Fungi","floor":28,"turns":5},{"damage":46,"enemies":"3 Cultists","floor":29,"turns":5},{"damage":35,"enemies":"downfall:FleeingMerchant","floor":31,"turns":4},{"damage":49,"enemies":"Centurion and Healer","floor":32,"turns":4},{"damage":77,"enemies":"DF_ARCHETYPE_CLAW","floor":33,"turns":7}],"seed_played":"3642586402680620668","potions_obtained":[{"floor":3.0,"key":"Strength Potion"},{"floor":8,"key":"SteroidPotion"},{"floor":14,"key":"Regen Potion"},{"floor":20,"key":"DuplicationPotion"},{"floor":25,"key":"AttackPotion"},{"floor":28,"key":"SpeedPotion"},{"floor":29,"key":"ColorlessPotion"},{"floor":32,"key":"champ:TechniquePotion"}],"is_trial":false,"path_per_floor":["R","M","M","?","?","E","T","M","?","R","E","$","R","E","M","B",null,"R","M","M","?","M","M","T","M","R","?","M","M","R","$","M","B"],"character_chosen":"THE_CHAMP","items_purchased":[],"campfire_rested":1,"item_purchase_floors":[],"current_hp_per_floor":[99,99,99,99,74,39,39,38,38,48,17,17,49,35,32,20,109,109,97,97,103,88,88,88,67,67,106,84,48,48,48,24,0,0,0],"gold":117,"neow_bonus":"TEN_PERCENT_HP_BONUS","is_daily":false,"chose_seed":false,"campfire_upgraded":4,"win_rate":0.0,"timestamp":1611703642,"path_taken":["R","M","M","?","?","E","T","M","?","R","E","$","R","E","M","BOSS","R","M","M","?","M","M","T","M","R","?","M","M","R","?","M","BOSS"],"items_purchased_type":[],"build_version":"2020-12-22","purchased_purges":1,"victory":false,"max_hp_per_floor":[99,99,99,99,99,99,99,99,99,109,109,109,109,109,109,109,109,109,109,109,115,115,115,115,115,115,115,115,115,115,115,115,115,115,115],"card_choices":[{"not_picked":["champ:CrownThrow","champ:FanOfKnives","champ:BringItOn"],"picked":"SKIP","floor":2.0},{"not_picked":["champ:BringItOn","champ:Circumvent"],"picked":"champ:Haymaker","floor":3.0},{"not_picked":["champ:Circumvent","champ:StanceDance"],"picked":"champ:TripleStrike","floor":6},{"not_picked":["champ:FancyFootwork","champ:Backstep"],"picked":"champ:PreciseThrust","floor":8},{"not_picked":["champ:BringItOn","champ:SetATrap"],"picked":"champ:VampiricStrike","floor":11},{"not_picked":["champ:EndlessRage","champ:PreciseThrust"],"picked":"champ:AdrenalArmor","floor":12},{"not_picked":["champ:BringItOn","champ:FanOfKnives"],"picked":"champ:Circumvent","floor":14},{"not_picked":["champ:DefensiveShout","champ:CrownThrow","champ:TornadoPunch"],"picked":"champ:RapidStrikes","floor":15},{"not_picked":["champ:HeavySlash","champ:GladiatorForm","champ:SteelEdge"],"picked":"champ:StrikeOfGenius","floor":16},{"not_picked":["champ:Shatter","champ:TornadoPunch","champ:Circumvent+1"],"picked":"champ:RisingSlash","floor":19},{"not_picked":["champ:SetATrap","champ:Shatter","champ:SteelEdge","champ:FanOfKnives"],"picked":"SKIP","floor":20},{"not_picked":["champ:BladeFlurry","champ:CalledShot+1","champ:Shatter"],"picked":"champ:ShieldWall+1","floor":22},{"not_picked":["champ:Encircle","champ:Shatter+1","champ:PreciseThrust","champ:Haymaker"],"picked":"SKIP","floor":23},{"not_picked":["champ:CalledShot","champ:GladiatorStyle","champ:FocusedBerserking"],"picked":"champ:Parry","floor":25},{"not_picked":["champ:CrownThrow+1","champ:GladiatorStyle","champ:GutPunch+1","champ:Circumvent"],"picked":"SKIP","floor":28},{"not_picked":["champ:FanOfKnives","champ:DefensiveShout","champ:PreemptiveStrike"],"picked":"champ:MurderStrike","floor":29},{"not_picked":["champ:CrookedStrike","champ:TornadoPunch","champ:PreciseThrust","champ:FaceSlap"],"picked":"SKIP","floor":31},{"not_picked":["champ:RisingSlash","champ:FanOfKnives","champ:BladeFlurry"],"picked":"champ:ShieldSlam","floor":32}],"player_experience":295984,"relics_obtained":[{"floor":6,"key":"Darkstone Periapt"},{"floor":11,"key":"champ:DefensiveTrainingManual"},{"floor":14,"key":"Question Card"},{"floor":24,"key":"Thread and Needle"}],"event_choices":[{"damage_healed":0,"gold_gain":0,"player_choice":"Success","damage_taken":25,"relics_obtained":["Potion Belt"],"max_hp_gain":0,"max_hp_loss":0,"event_name":"Scrap Ooze","floor":5,"gold_loss":0},{"damage_healed":0,"gold_gain":0,"player_choice":"Forge","damage_taken":0,"max_hp_gain":0,"max_hp_loss":0,"event_name":"Accursed Blacksmith","floor":9,"gold_loss":0,"cards_upgraded":["champ:PreciseThrust"]},{"damage_healed":0,"gold_gain":0,"player_choice":"Stole Relic","damage_taken":0,"relics_obtained":["Kunai"],"max_hp_gain":0,"max_hp_loss":0,"event_name":"Addict","floor":21,"gold_loss":0,"cards_obtained":["Pride"]}],"is_beta":false,"boss_relics":[{"not_picked":["Snecko Eye","SacredBark"],"picked":"Runic Dome"}],"items_purged_floors":[12],"is_endless":false,"potions_floor_spawned":[3,8,14,20,25,28,29,32],"killed_by":"DF_ARCHETYPE_CLAW","ascension_level":0}}