{"host":"8a3jzv7qxg3y7b6t","time":1611652899,"event":{"mods":["BaseMod","Better Third Choice","Downfall","Hermit","Minty Spire (QoL Compilation)","Relic Stats","StSLib","The Bug Knight","The Cursed"],"gold_per_floor":[99,116,128,128,142,142,189,289,321,339,372,135,35,20,32,32,32,32],"floor_reached":16,"language":"ENG","playtime":1169,"items_purged":[],"score":110,"play_id":"0b179f09-038e-4b2e-8642-5641518019da","local_time":"20210126012139","is_ascension_mode":false,"campfire_choices":[{"floor":1,"key":"RECALL"},{"floor":13,"key":"REST"}],"circlet_count":0,"master_deck":["champ:Strike","champ:Strike","champ:Strike","champ:Strike","champ:Defend","champ:Defend","champ:Defend","champ:Defend","champ:Execute","champ:Taunt","champ:StanceDance","champ:AdrenalArmor","champ:CrownThrow","champ:ShieldWall","champ:BladeFlurry","champ:HeartStrike","champ:DefensiveShout+1","champ:IronFortress+1","champ:FocusedDefense","champ:ShieldWall"],"relics":["champ:ChampionCrown","downfall:BrokenWingStatue","Juzu Bracelet","HollowMod:StagPassRelic","Chemical X","downfall:HeartBlessingRed"],"acts_visited":["Exordium"],"potions_floor_usage":[11,16,16],"damage_taken":[{"damage":10,"enemies":"2 Louse","floor":2,"turns":3},{"damage":15,"enemies":"Small Slimes","floor":3,"turns":4},{"damage":20,"enemies":"Jaw Worm","floor":5,"turns":7},{"damage":53,"enemies":"Gremlin Nob","floor":9,"turns":6},{"damage":12,"enemies":"Red Slaver","floor":10,"turns":4},{"damage":37,"enemies":"Lagavulin","floor":11,"turns":5},{"damage":0,"enemies":"downfall:FleeingMerchant","floor":12,"turns":4},{"damage":10,"enemies":"downfall:FleeingMerchant","floor":14,"turns":4},{"damage":13,"enemies":"Exordium Thugs","floor":15,"turns":5},{"damage":45,"enemies":"DF_ARCHETYPE_STREAMLINE","floor":16,"turns":9}],"seed_played":"7495767657866645603","potions_obtained":[{"floor":9,"key":"Strength Potion"},{"floor":11,"key":"FearPotion"},{"floor":15,"key":"Guardian:BlockOnCardUsePotion"}],"is_trial":false,"path_per_floor":["R","M","M","?","M","?","T","?","E","M","E","$","R","$","M","B"],"character_chosen":"THE_CHAMP","items_purchased":["Chemical X","champ:IronFortress"],"campfire_rested":1,"item_purchase_floors":[12,12],"current_hp_per_floor":[99,99,94,94,89,89,89,89,46,34,17,17,46,46,33,0,0,0],"gold":32,"neow_bonus":"TEN_PERCENT_HP_BONUS","is_daily":false,"chose_seed":false,"campfire_upgraded":0,"win_rate":0.0,"timestamp":1611652899,"path_taken":["R","M","M","?","M","?","T","?","E","M","E","$","R","?","M","BOSS"],"items_purchased_type":["Relic","Card"],"build_version":"2020-12-22","purchased_purges":0,"victory":false,"max_hp_per_floor":[99,99,99,99,99,99,99,99,99,99,99,99,99,99,99,99,99,99],"relic_stats":{"counters":[10,51],"Juzu Bracelet":0,"Chemical X":[1],"obtain_stats":[{"downfall:BrokenWingStatue":4,"downfall:HeartBlessingRed":13,"champ:ChampionCrown":0,"Juzu Bracelet":9,"Chemical X":12,"HollowMod:StagPassRelic":11},{"downfall:BrokenWingStatue":2,"downfall:HeartBlessingRed":7,"champ:ChampionCrown":0,"Juzu Bracelet":4,"Chemical X":7,"HollowMod:StagPassRelic":6},{"downfall:BrokenWingStatue":7,"downfall:HeartBlessingRed":33,"champ:ChampionCrown":0,"Juzu Bracelet":20,"Chemical X":33,"HollowMod:StagPassRelic":29}]},"card_choices":[{"not_picked":["champ:Shatter","champ:RisingSlash"],"picked":"champ:StanceDance","floor":2},{"not_picked":["champ:PreemptiveStrike","champ:Lariat"],"picked":"champ:AdrenalArmor","floor":3},{"not_picked":["champ:Haymaker","champ:Endure"],"picked":"champ:CrownThrow","floor":5},{"not_picked":["champ:StanceDance","champ:FocusedBerserking"],"picked":"champ:ShieldWall","floor":9},{"not_picked":["champ:RecklessLeap","champ:StanceDance"],"picked":"champ:BladeFlurry","floor":10},{"not_picked":["champ:PerfectedStrike","champ:Haymaker"],"picked":"champ:HeartStrike","floor":11},{"not_picked":["champ:EnGarde","champ:BerserkersShout"],"picked":"champ:DefensiveShout","floor":12},{"not_picked":["champ:Endure","champ:HoldFirm"],"picked":"champ:FocusedDefense","floor":14},{"not_picked":["champ:HeartStrike","champ:CrookedStrike"],"picked":"champ:ShieldWall","floor":15}],"player_experience":636420,"relics_obtained":[{"floor":9,"key":"Juzu Bracelet"},{"floor":11,"key":"HollowMod:StagPassRelic"}],"event_choices":[],"is_beta":false,"boss_relics":[],"items_purged_floors":[],"is_endless":false,"potions_floor_spawned":[9,11,15],"killed_by":"DF_ARCHETYPE_STREAMLINE","ascension_level":0}}