{"host":"k85tjwrh7mjrrc9a","time":1611677885,"event":{"mods":["AchievementEnabler","BaseMod","Colored Powertips","Highlight Path","Minty Spire (QoL Compilation)","Rare Cards Sparkle","StSLib"],"gold_per_floor":[112,66,66,77,90,106,106,140,215,215,228,228,228,242,242,321,321,337,337,347,123,123,123],"floor_reached":22,"language":"ENG","playtime":1046,"items_purged":["Decay"],"score":316,"play_id":"ef82eb65-3225-4831-a328-cbe24e1a39cf","local_time":"20210126111805","is_ascension_mode":true,"campfire_choices":[{"data":"Pommel Strike","floor":7,"key":"SMITH"},{"data":"Bash","floor":10,"key":"SMITH"},{"floor":13,"key":"REST"},{"data":"Rampage","floor":15,"key":"SMITH"}],"circlet_count":0,"master_deck":["AscendersBane","Strike_R","Strike_R","Strike_R","Strike_R","Strike_R","Defend_R","Defend_R","Defend_R","Defend_R","Bash+1","Armaments+1","Iron Wave","Rampage+1","Heavy Blade","Pommel Strike+1","Headbutt","Limit Break","Inflame","Disarm"],"relics":["Burning Blood","Ginger","StoneCalendar","White Beast Statue","Centennial Puzzle","Philosopher\u0027s Stone","Red Skull"],"acts_visited":["Exordium","TheCity"],"potions_floor_usage":[6,11,14,16,18,20,22],"damage_taken":[{"damage":11,"enemies":"Cultist","floor":1,"turns":4},{"damage":8,"enemies":"2 Louse","floor":4,"turns":3},{"damage":0,"enemies":"Small Slimes","floor":5,"turns":3},{"damage":9,"enemies":"2 Fungi Beasts","floor":6,"turns":4},{"damage":28,"enemies":"3 Sentries","floor":8,"turns":9},{"damage":30,"enemies":"Exordium Wildlife","floor":11,"turns":6},{"damage":1,"enemies":"Looter","floor":14,"turns":3},{"damage":34,"enemies":"Hexaghost","floor":16,"turns":9},{"damage":35,"enemies":"3 Byrds","floor":18,"turns":5},{"damage":23,"enemies":"2 Thieves","floor":20,"turns":4},{"damage":13,"enemies":"Shelled Parasite and Fungi","floor":22,"turns":1}],"seed_played":"-9040044743036338376","potions_obtained":[{"floor":1,"key":"SpeedPotion"},{"floor":4,"key":"LiquidMemories"},{"floor":6,"key":"Fruit Juice"},{"floor":8,"key":"SpeedPotion"},{"floor":11,"key":"SpeedPotion"},{"floor":14,"key":"Energy Potion"},{"floor":16,"key":"AttackPotion"},{"floor":18,"key":"AttackPotion"},{"floor":20,"key":"SpeedPotion"}],"is_trial":false,"path_per_floor":["M","$","?","M","M","M","R","E","T","R","M","?","R","M","R","B",null,"M","?","M","$","M"],"character_chosen":"IRONCLAD","items_purchased":["Iron Wave","Red Skull"],"campfire_rested":1,"item_purchase_floors":[2,21],"current_hp_per_floor":[63,63,63,61,67,69,69,47,47,47,23,16,37,42,42,14,58,29,29,12,12,0,0],"gold":123,"neow_bonus":"ONE_RARE_RELIC","is_daily":false,"chose_seed":false,"campfire_upgraded":3,"win_rate":0.0,"timestamp":1611677885,"path_taken":["M","$","?","M","M","M","R","E","T","R","?","?","R","M","R","BOSS","M","?","M","$","M"],"items_purchased_type":["Card","Relic"],"build_version":"2020-12-22","purchased_purges":1,"victory":false,"max_hp_per_floor":[68,68,68,68,68,73,73,73,73,73,73,73,73,73,73,73,73,73,73,73,73,73,73],"card_choices":[{"not_picked":["Disarm","Warcry"],"picked":"Armaments","floor":1},{"not_picked":["Rage","Combust"],"picked":"Rampage","floor":4},{"not_picked":["Sword Boomerang","Wild Strike"],"picked":"Heavy Blade","floor":5},{"not_picked":["Warcry","Cleave"],"picked":"Pommel Strike","floor":6},{"not_picked":["Hemokinesis","Juggernaut","Sword Boomerang"],"picked":"SKIP","floor":8},{"not_picked":["Heavy Blade","Second Wind","Pummel"],"picked":"SKIP","floor":11},{"not_picked":["Sentinel","Flex"],"picked":"Headbutt","floor":14},{"not_picked":["Brutality","Impervious"],"picked":"Limit Break","floor":16},{"not_picked":["Pommel Strike","Second Wind"],"picked":"Inflame","floor":18},{"not_picked":["Armaments","Sword Boomerang"],"picked":"Disarm","floor":20}],"player_experience":222940,"relics_obtained":[{"floor":8,"key":"StoneCalendar"},{"floor":9,"key":"White Beast Statue"}],"event_choices":[{"damage_healed":0,"gold_gain":0,"player_choice":"Upgraded","damage_taken":0,"max_hp_gain":0,"max_hp_loss":0,"event_name":"Upgrade Shrine","floor":3,"gold_loss":0,"cards_upgraded":["Armaments"]},{"damage_healed":0,"gold_gain":0,"player_choice":"Success","damage_taken":7,"relics_obtained":["Centennial Puzzle"],"max_hp_gain":0,"max_hp_loss":0,"event_name":"Scrap Ooze","floor":12,"gold_loss":0},{"damage_healed":0,"gold_gain":0,"player_choice":"Smashed Altar","damage_taken":0,"max_hp_gain":0,"max_hp_loss":0,"event_name":"Forgotten Altar","floor":19,"gold_loss":0,"cards_obtained":["Decay"]}],"is_beta":false,"boss_relics":[{"not_picked":["Tiny House","Black Blood"],"picked":"Philosopher\u0027s Stone"}],"items_purged_floors":[21],"is_endless":false,"potions_floor_spawned":[1,4,6,8,11,14,16,18,20],"killed_by":"Shelled Parasite and Fungi","ascension_level":14}}