{"host":"v6p2g6darcbso1ds","time":1611705197,"event":{"mods":["BaseMod","Colored Powertips","Downfall","Hermit","Minty Spire (QoL Compilation)","Replay The Spire","StSLib","The Cursed"],"gold_per_floor":[119,131,131,192,212,212,212,19,19,44,62,62,93,118,118,220,220,282,282,297,297,10,38,38,38,86,106,151,170,172,172],"floor_reached":30,"language":"ENG","playtime":3892,"items_purged":[],"score":279,"play_id":"acc29ee1-de59-4be7-b658-c662be532d3f","local_time":"20210126165317","is_ascension_mode":false,"campfire_choices":[{"data":"Thinking Ahead","floor":6.0,"key":"SMITH"},{"floor":12.0,"key":"REST"},{"data":"TheCursedMod:LuckyCharm","floor":15.0,"key":"SMITH"},{"floor":25,"key":"REST"}],"circlet_count":0,"master_deck":["TheCursedMod:Strike_TheCursed","TheCursedMod:Strike_TheCursed","TheCursedMod:Strike_TheCursed","TheCursedMod:Strike_TheCursed","TheCursedMod:Defend_TheCursed","TheCursedMod:Defend_TheCursed","TheCursedMod:Defend_TheCursed","TheCursedMod:Defend_TheCursed","TheCursedMod:CursedWand","TheCursedMod:CleanUpWorkshop","TheCursedMod:Dregs","champ:Strike","Thinking Ahead+1","TheCursedMod:CircleOfCorruption","TheCursedMod:CursedBlade","Looming Evil","TheCursedMod:CircleOfFlame","TheCursedMod:SpitefulStrike","Pain","TheCursedMod:RapidMovement+1","TheCursedMod:DemonicPact","TheCursedMod:Wield","TheCursedMod:LuckyCharm+1","TheCursedMod:HellfireBreathing","TheCursedMod:ManaCirculation","TheCursedMod:Hemoplague","TheCursedMod:CircleOfWindfury","RitualDagger","TheCursedMod:FleshFromBone","TheCursedMod:CursedAmulet","TheCursedMod:Hemoplague","TheCursedMod:CursedArmor","TheCursedMod:Wield+1","TheCursedMod:CursedAmulet+1","TheCursedMod:VoidForm"],"relics":["TheCursedMod:BlackMagicAdvanced","Ring of Searing","ReplayTheSpireMod:Ring of Challenge","Replay:Rubber Ducky","Eternal Feather","Pen Nib","Strange Spoon","Gremlin Food","Nloth\u0027s Gift","ReplayFunnel","Replay:Bandana"],"acts_visited":["Exordium","TheCity"],"potions_floor_usage":[23,30],"damage_taken":[{"damage":2.0,"enemies":"Small Slimes","floor":1.0,"turns":5.0},{"damage":0.0,"enemies":"Jaw Worm","floor":2.0,"turns":5.0},{"damage":22.0,"enemies":"Cultist","floor":4.0,"turns":5.0},{"damage":1.0,"enemies":"Exordium Thugs","floor":5.0,"turns":4.0},{"damage":3.0,"enemies":"3 Sentries","floor":10.0,"turns":5.0},{"damage":8.0,"enemies":"Looter","floor":11.0,"turns":2.0},{"damage":18.0,"enemies":"Blue Slaver","floor":13.0,"turns":6.0},{"damage":1.0,"enemies":"Gremlin Gang","floor":14.0,"turns":4.0},{"damage":35.0,"enemies":"Hexaghost","floor":16.0,"turns":6.0},{"damage":28.0,"enemies":"Shell Parasite","floor":18.0,"turns":6.0},{"damage":0,"enemies":"Spheric Guardian","floor":20,"turns":4},{"damage":16,"enemies":"Gremlin Leader","floor":23,"turns":8},{"damage":25,"enemies":"Snake Plant","floor":27,"turns":6},{"damage":23,"enemies":"Shelled Parasite and Fungi","floor":28,"turns":7},{"damage":10,"enemies":"Snecko","floor":29,"turns":7},{"damage":7,"enemies":"Book of Stabbing","floor":30,"turns":3}],"seed_played":"-5786976162543964228","potions_obtained":[{"floor":2.0,"key":"hexamod:SoulburnPotion"},{"floor":5.0,"key":"PowerPotion"},{"floor":13.0,"key":"Languid Potion"},{"floor":18.0,"key":"hexamod:SoulburnPotion"},{"floor":29,"key":"Venom Potion"}],"is_trial":false,"path_per_floor":["M","M","?","M","M","R","?","$","T","E","M","R","M","M","R","B",null,"M","?","M","?","$","E","?","R","T","M","M","M","E"],"character_chosen":"THE_CURSED","items_purchased":["Replay:Rubber Ducky","TheCursedMod:RapidMovement","Strange Spoon","TheCursedMod:FleshFromBone","TheCursedMod:CursedAmulet","TheCursedMod:Hemoplague"],"campfire_rested":2,"item_purchase_floors":[8,8,22,22,22,22],"current_hp_per_floor":[73,73,73,51,50,50,50,50,50,47,39,73,55,54,69,34,75,47,47,47,41,41,25,25,65,65,40,17,7,0,0],"gold":172,"neow_bonus":"RANDOM_COLORLESS_2","is_daily":false,"chose_seed":false,"campfire_upgraded":2,"win_rate":0.0,"timestamp":1611705197,"path_taken":["M","M","?","M","M","R","?","$","T","E","M","R","M","M","R","BOSS","M","?","?","?","?","E","?","R","T","M","M","M","E"],"items_purchased_type":["Relic","Card","Relic","Card","Card","Card"],"build_version":"2020-12-22","purchased_purges":0,"victory":false,"max_hp_per_floor":[75,75,75,75,75,75,75,75,75,75,75,75,75,75,75,75,75,75,75,75,75,75,75,75,75,75,75,75,75,75,75],"card_choices":[{"not_picked":["HandOfGreed","Secret Weapon"],"picked":"Thinking Ahead","floor":0.0},{"not_picked":["TheCursedMod:DoubleShield","TheCursedMod:Torture"],"picked":"TheCursedMod:CircleOfCorruption","floor":1.0},{"not_picked":["TheCursedMod:Mangle","TheCursedMod:TacticalStrike"],"picked":"TheCursedMod:CursedBlade","floor":2.0},{"not_picked":["TheCursedMod:RapidMovement","TheCursedMod:SoulCrush"],"picked":"TheCursedMod:CircleOfFlame","floor":4.0},{"not_picked":["TheCursedMod:StingEye","TheCursedMod:HellsGateOpen"],"picked":"TheCursedMod:SpitefulStrike","floor":5.0},{"not_picked":["TheCursedMod:CursedShiv","TheCursedMod:RapidMovement"],"picked":"TheCursedMod:DemonicPact","floor":10.0},{"not_picked":["TheCursedMod:TacticalStrike","TheCursedMod:VitalStrike"],"picked":"TheCursedMod:Wield","floor":11.0},{"not_picked":["TheCursedMod:SurpriseAttack","TheCursedMod:WearCloak"],"picked":"TheCursedMod:LuckyCharm","floor":13.0},{"not_picked":["TheCursedMod:Mangle","TheCursedMod:Stigma"],"picked":"TheCursedMod:HellfireBreathing","floor":14.0},{"not_picked":["TheCursedMod:Neurasthenia","TheCursedMod:NeowsMight"],"picked":"TheCursedMod:ManaCirculation","floor":16.0},{"not_picked":["TheCursedMod:Wield","TheCursedMod:CursedAmulet"],"picked":"TheCursedMod:Hemoplague","floor":18.0},{"not_picked":["TheCursedMod:BlessingInDisguise","TheCursedMod:VitalStrike"],"picked":"TheCursedMod:CircleOfWindfury","floor":20},{"not_picked":["TheCursedMod:SpreadPlague+1","TheCursedMod:RapidMovement"],"picked":"TheCursedMod:CursedArmor","floor":23},{"not_picked":["TheCursedMod:ParallelWorld","TheCursedMod:CursedBlade"],"picked":"TheCursedMod:Wield+1","floor":27},{"not_picked":["TheCursedMod:CircleOfCorruption","TheCursedMod:BlessingInDisguise"],"picked":"TheCursedMod:CursedAmulet+1","floor":28},{"not_picked":["TheCursedMod:Stretching+1","TheCursedMod:Mangle"],"picked":"TheCursedMod:VoidForm","floor":29}],"player_experience":101120,"relics_obtained":[{"floor":3.0,"key":"Ring of Searing"},{"floor":3.0,"key":"ReplayTheSpireMod:Ring of Challenge"},{"floor":9.0,"key":"Eternal Feather"},{"floor":10.0,"key":"Pen Nib"},{"floor":23,"key":"Gremlin Food"},{"floor":26,"key":"ReplayFunnel"},{"floor":28,"key":"Replay:Bandana"}],"event_choices":[{"damage_healed":0.0,"max_hp_gain":0.0,"max_hp_loss":0.0,"gold_gain":0.0,"event_name":"Accursed Blacksmith","player_choice":"Rummage","floor":7.0,"gold_loss":0.0,"damage_taken":0.0,"relics_obtained":["WarpedTongs"],"cards_obtained":["Pain"]},{"cards_removed":["Survivor"],"damage_healed":0.0,"max_hp_gain":0.0,"max_hp_loss":0.0,"gold_gain":0.0,"event_name":"Bonfire Elementals","player_choice":"Offered Basic","floor":19.0,"gold_loss":0.0,"damage_taken":0.0},{"damage_healed":0,"gold_gain":0,"player_choice":"Joined the Cult","damage_taken":6,"max_hp_gain":0,"max_hp_loss":0,"event_name":"Nest","floor":21,"gold_loss":0,"cards_obtained":["RitualDagger"]},{"damage_healed":0,"gold_gain":0,"player_choice":"Traded Relic","damage_taken":0,"relics_obtained":["Nloth\u0027s Gift"],"max_hp_gain":0,"max_hp_loss":0,"event_name":"N\u0027loth","floor":24,"relics_lost":["WarpedTongs"],"gold_loss":0}],"is_beta":false,"boss_relics":[{"not_picked":["Replay:Bronze Core","Black Star"],"picked":"TheCursedMod:BlackMagicAdvanced"}],"items_purged_floors":[],"is_endless":false,"potions_floor_spawned":[2,5,13,18,29],"killed_by":"Book of Stabbing","ascension_level":0}}