{"host":"ex6y92ceh6h0mo7k","time":1611650699,"event":{"mods":["BaseMod","Minty Spire (QoL Compilation)","Quick Restart","StSLib","SuperFastMode"],"gold_per_floor":[110,130,155,169,189,224,224,256,256,275,275,275,275,304,304,304,304],"floor_reached":16,"language":"ENG","playtime":633,"items_purged":[],"score":240,"play_id":"2ff5ef9d-9998-420c-94d9-90df8599a754","local_time":"20210126164459","is_ascension_mode":true,"campfire_choices":[{"data":"Sunder","floor":7.0,"key":"SMITH"},{"floor":12,"key":"REST"},{"data":"Buffer","floor":15,"key":"SMITH"}],"circlet_count":0,"master_deck":["AscendersBane","Strike_B","Strike_B","Strike_B","Defend_B","Defend_B","Defend_B","Defend_B","Zap","Dualcast","Auto Shields","Streamline","Sunder+1","Cold Snap","Electrodynamics","Buffer+1","Conserve Battery","Cold Snap"],"relics":["Cracked Core","Juzu Bracelet","Pear","Ornamental Fan","Akabeko","Kunai","MealTicket"],"acts_visited":["Exordium"],"potions_floor_usage":[8,14],"damage_taken":[{"damage":2.0,"enemies":"Cultist","floor":1.0,"turns":4.0},{"damage":3.0,"enemies":"Jaw Worm","floor":2.0,"turns":4.0},{"damage":0.0,"enemies":"2 Louse","floor":4.0,"turns":2.0},{"damage":10.0,"enemies":"Gremlin Gang","floor":5.0,"turns":4.0},{"damage":40.0,"enemies":"Lagavulin","floor":6.0,"turns":8.0},{"damage":15,"enemies":"3 Sentries","floor":8,"turns":8},{"damage":0,"enemies":"3 Louse","floor":10,"turns":3},{"damage":8,"enemies":"Gremlin Nob","floor":14,"turns":3},{"damage":23,"enemies":"Hexaghost","floor":16,"turns":11}],"seed_played":"-7336152322122829082","potions_obtained":[{"floor":1.0,"key":"AttackPotion"},{"floor":5.0,"key":"SteroidPotion"},{"floor":8,"key":"LiquidMemories"}],"is_trial":false,"path_per_floor":["M","M","T","M","M","E","R","E","T","M","?","R","T","E","R","B"],"character_chosen":"DEFECT","items_purchased":[],"campfire_rested":1,"item_purchase_floors":[],"current_hp_per_floor":[69,66,66,66,56,26,26,11,11,11,4,30,30,22,22,0,0],"gold":304,"neow_bonus":"TEN_PERCENT_HP_BONUS","is_daily":false,"chose_seed":false,"campfire_upgraded":2,"win_rate":0.0,"timestamp":1611650699,"path_taken":["M","M","?","M","M","E","R","E","T","M","?","R","?","E","R","BOSS"],"items_purchased_type":[],"build_version":"2020-12-22","purchased_purges":0,"victory":false,"max_hp_per_floor":[78,78,78,78,78,88,88,88,88,88,88,88,88,88,88,88,88],"card_choices":[{"not_picked":["Scrape","Capacitor"],"picked":"Auto Shields","floor":1.0},{"not_picked":["Darkness","Redo"],"picked":"Streamline","floor":2.0},{"not_picked":["Steam","Go for the Eyes"],"picked":"Sunder","floor":4.0},{"not_picked":["Streamline","Undo"],"picked":"Cold Snap","floor":5.0},{"not_picked":["Self Repair","Leap"],"picked":"Electrodynamics","floor":6.0},{"not_picked":["Heatsinks","Sweeping Beam"],"picked":"Buffer","floor":8},{"not_picked":["Sweeping Beam","Stack"],"picked":"Conserve Battery","floor":10},{"not_picked":["Go for the Eyes","Turbo"],"picked":"Cold Snap","floor":14}],"player_experience":926059,"relics_obtained":[{"floor":3.0,"key":"Juzu Bracelet"},{"floor":6.0,"key":"Pear"},{"floor":8,"key":"Ornamental Fan"},{"floor":9,"key":"Akabeko"},{"floor":13,"key":"Kunai"},{"floor":14,"key":"MealTicket"}],"event_choices":[{"cards_removed":["Strike_B"],"damage_healed":0,"gold_gain":0,"player_choice":"Card Removal","damage_taken":7,"max_hp_gain":0,"max_hp_loss":0,"event_name":"Golden Wing","floor":11,"gold_loss":0}],"is_beta":false,"boss_relics":[],"items_purged_floors":[],"is_endless":false,"potions_floor_spawned":[1,5,8],"killed_by":"Hexaghost","ascension_level":20}}