{"host":"i0avyit1s6jb1siw","time":1611690674,"event":{"mods":["BaseMod","DeckTracker","Dota2Spire","Highlight Path","Minty Spire (QoL Compilation)","Quick Restart","StSLib","SuperFastMode"],"gold_per_floor":[112,124,124,144,3,22,22,40,40,50,75,75,110,110,35,62,124,124,201,201,219,230,230,242,85,85,119,119,145,168,183,193,118,39,74,74,147,147,162,187,187,27,46,78,90,124,149,180,195,207,50,82,98,98,98,98,98,98,98,17,46,46],"floor_reached":63,"language":"ENG","playtime":2080,"items_purged":["Strike_G"],"score":3498,"play_id":"4b09c8db-1fcb-4cd3-9e40-6fa61d839500","local_time":"20210126205114","is_ascension_mode":true,"campfire_choices":[{"data":"Apotheosis","floor":7,"key":"SMITH"},{"data":"Adrenaline","floor":9,"key":"SMITH"},{"data":"Well Laid Plans","floor":18,"key":"SMITH"},{"data":"Accuracy","floor":26,"key":"SMITH"},{"floor":28,"key":"RECALL"},{"data":"Calculated Gamble","floor":36,"key":"SMITH"},{"data":"Adrenaline","floor":54,"key":"SMITH"},{"data":"After Image","floor":55,"key":"SMITH"},{"data":"A Thousand Cuts","floor":59,"key":"SMITH"}],"circlet_count":0,"master_deck":["AscendersBane","Defend_G","Defend_G+1","Defend_G","Defend_G","Survivor","Neutralize","Apotheosis+1","Cloak And Dagger","Bouncing Flask","PiercingWail","Accuracy+1","Blade Dance","Adrenaline+1","Well Laid Plans+1","Cloak And Dagger","Backflip","Adrenaline+1","Tactician+1","Crippling Poison+1","Escape Plan","Calculated Gamble+1","Blade Dance+1","Venomology","Reflex+1","Calculated Gamble+1","Dodge and Roll+1","A Thousand Cuts+1","After Image+1","Terror+1","Caltrops"],"relics":["Ring of the Snake","Blood Vial","HornCleat","Pantograph","Orichalcum","Oddly Smooth Stone","Dota2Spire:DrumOfEndurance","Astrolabe","Lantern","Mercury Hourglass","Pear","War Paint","Dota2Spire:RefresherOrb","Gambling Chip","InkBottle","Strawberry","Juzu Bracelet","Dota2Spire:MaskOfMadness","Toy Ornithopter","Dota2Spire:MonkeyKingBar","StoneCalendar"],"acts_visited":["Exordium","TheCity","TheBeyond","TheEnding"],"potions_floor_usage":[13,16,35,37,39,43,44,48,49,56,61,61,61,62,62,62],"damage_taken":[{"damage":1,"enemies":"Jaw Worm","floor":1,"turns":4},{"damage":1,"enemies":"2 Louse","floor":2,"turns":4},{"damage":0,"enemies":"Small Slimes","floor":4,"turns":4},{"damage":3,"enemies":"Blue Slaver","floor":6,"turns":3},{"damage":2,"enemies":"Looter","floor":8,"turns":3},{"damage":10,"enemies":"Exordium Wildlife","floor":10,"turns":4},{"damage":0,"enemies":"Gremlin Nob","floor":13,"turns":2},{"damage":2,"enemies":"3 Sentries","floor":16,"turns":5},{"damage":1,"enemies":"3 Sentries","floor":17,"turns":8},{"damage":20,"enemies":"Slime Boss","floor":19,"turns":6},{"damage":2,"enemies":"Spheric Guardian","floor":21,"turns":4},{"damage":2,"enemies":"Shell Parasite","floor":22,"turns":3},{"damage":0,"enemies":"Snake Plant","floor":24,"turns":5},{"damage":0,"enemies":"Slavers","floor":27,"turns":5},{"damage":0,"enemies":"Gremlin Leader","floor":29,"turns":3},{"damage":0,"enemies":"Snecko","floor":31,"turns":3},{"damage":2,"enemies":"Shelled Parasite and Fungi","floor":32,"turns":4},{"damage":3,"enemies":"Slavers","floor":35,"turns":5},{"damage":0,"enemies":"Automaton","floor":37,"turns":6},{"damage":0,"enemies":"3 Shapes","floor":39,"turns":1},{"damage":0,"enemies":"Mind Bloom Boss Battle","floor":40,"turns":5},{"damage":0,"enemies":"3 Darklings","floor":43,"turns":2},{"damage":0,"enemies":"Reptomancer","floor":44,"turns":3},{"damage":0,"enemies":"Jaw Worm Horde","floor":45,"turns":2},{"damage":0,"enemies":"Giant Head","floor":46,"turns":3},{"damage":0,"enemies":"Nemesis","floor":48,"turns":5},{"damage":0,"enemies":"Transient","floor":49,"turns":6},{"damage":0,"enemies":"Spire Growth","floor":50,"turns":3},{"damage":0,"enemies":"Giant Head","floor":52,"turns":4},{"damage":0,"enemies":"Sphere and 2 Shapes","floor":53,"turns":2},{"damage":10,"enemies":"Awakened One","floor":56,"turns":6},{"damage":0,"enemies":"Donu and Deca","floor":57,"turns":5},{"damage":20,"enemies":"Shield and Spear","floor":61,"turns":5},{"damage":42,"enemies":"The Heart","floor":62,"turns":7}],"seed_played":"6929341293742261830","potions_obtained":[{"floor":1,"key":"PowerPotion"},{"floor":4,"key":"ColorlessPotion"},{"floor":8,"key":"SkillPotion"},{"floor":16,"key":"SpeedPotion"},{"floor":21,"key":"Strength Potion"},{"floor":49,"key":"EntropicBrew"},{"floor":53,"key":"Fruit Juice"},{"floor":61,"key":"Strength Potion"}],"is_trial":false,"path_per_floor":["M","M","?","M","$","M","R","M","R","M","T","T","E","?","$","E","?","R","B",null,"M","M","?","M","$","R","E","R","E","T","M","M","?","$","E","R","B",null,"M","?","?","$","M","E","M","E","T","E","M","M","$","E","M","R","R","B","B",null,"R","$","E","B",null],"character_chosen":"THE_SILENT","items_purchased":["Accuracy","Blade Dance","Lantern","Reflex","A Thousand Cuts","Toy Ornithopter","Caltrops"],"campfire_rested":0,"item_purchase_floors":[5,5,25,34,42,51,60],"current_hp_per_floor":[58,57,50,50,50,47,47,45,45,35,35,35,37,32,32,32,33,33,40,55,55,55,55,57,57,57,59,59,70,70,70,68,68,68,67,67,70,70,70,70,70,70,70,70,70,77,77,77,77,77,77,77,77,77,77,72,82,82,82,82,72,60],"gold":46,"neow_bonus":"RANDOM_COLORLESS_2","is_daily":false,"chose_seed":false,"campfire_upgraded":8,"win_rate":0.0,"timestamp":1611690674,"path_taken":["M","M","?","M","$","M","R","M","R","M","T","T","E","?","$","E","?","R","BOSS","M","M","?","M","$","R","E","R","E","T","M","M","?","?","E","R","BOSS","M","?","?","$","M","E","M","E","T","E","M","M","$","E","M","R","R","BOSS","BOSS","R","$","E","BOSS"],"items_purchased_type":["Card","Card","Relic","Card","Card","Relic","Card"],"build_version":"2020-12-22","purchased_purges":1,"victory":true,"max_hp_per_floor":[60,60,60,60,60,60,60,60,60,60,60,60,60,60,60,60,60,60,60,60,60,60,60,60,60,60,60,60,70,70,70,70,70,70,70,70,70,70,70,70,70,70,70,70,70,77,77,77,77,77,77,77,77,77,77,82,82,82,82,82,82,82],"card_choices":[{"not_picked":["The Bomb","Sadistic Nature"],"picked":"Apotheosis","floor":0},{"not_picked":["Prepared","Expertise"],"picked":"Cloak And Dagger","floor":1},{"not_picked":["Dagger Throw","Sucker Punch"],"picked":"Bouncing Flask","floor":2},{"not_picked":["Cloak And Dagger","Prepared"],"picked":"PiercingWail","floor":4},{"not_picked":["Acrobatics","Underhanded Strike","Sucker Punch"],"picked":"SKIP","floor":6},{"not_picked":["Choke","Slice"],"picked":"Adrenaline","floor":8},{"not_picked":["Flying Knee","Cloak And Dagger"],"picked":"Well Laid Plans","floor":10},{"not_picked":["Tactician","Endless Agony","Dagger Throw"],"picked":"SKIP","floor":13},{"not_picked":["Escape Plan","Setup"],"picked":"Cloak And Dagger","floor":16},{"not_picked":["Outmaneuver","Cloak And Dagger"],"picked":"Backflip","floor":17},{"not_picked":["Grand Finale","Glass Knife"],"picked":"Adrenaline","floor":19},{"not_picked":["Backflip","Dash+1"],"picked":"Escape Plan","floor":21},{"not_picked":["Backflip","Catalyst"],"picked":"Calculated Gamble","floor":22},{"not_picked":["Eviscerate","Dodge and Roll","Backflip"],"picked":"SKIP","floor":24},{"not_picked":["All Out Attack","Dagger Throw","Dash"],"picked":"SKIP","floor":27},{"not_picked":["Poisoned Stab+1","Well Laid Plans"],"picked":"Blade Dance+1","floor":29},{"not_picked":["Crippling Poison","Bouncing Flask+1","Prepared"],"picked":"SKIP","floor":31},{"not_picked":["Deflect","Cloak And Dagger"],"picked":"Venomology","floor":32},{"not_picked":["Flying Knee","Underhanded Strike"],"picked":"Calculated Gamble+1","floor":35},{"not_picked":["Backflip","Deadly Poison"],"picked":"Dodge and Roll+1","floor":39},{"not_picked":["Eviscerate","Poisoned Stab","Bane+1"],"picked":"SKIP","floor":43},{"not_picked":["All Out Attack","Distraction+1","Outmaneuver+1"],"picked":"SKIP","floor":44},{"not_picked":["Tools of the Trade","Dagger Spray+1","Prepared"],"picked":"SKIP","floor":45},{"not_picked":["Predator","All Out Attack"],"picked":"After Image","floor":46},{"not_picked":["Bane+1","Poisoned Stab","Expertise"],"picked":"SKIP","floor":48},{"not_picked":["Cloak And Dagger","Bane"],"picked":"Terror+1","floor":49},{"not_picked":["Sucker Punch","Prepared","PiercingWail"],"picked":"SKIP","floor":50},{"not_picked":["Deadly Poison","Underhanded Strike+1","Venomology"],"picked":"SKIP","floor":52},{"not_picked":["Quick Slash+1","Heel Hook","Riddle With Holes"],"picked":"SKIP","floor":53},{"not_picked":["Eviscerate","All Out Attack","Cloak And Dagger"],"picked":"SKIP","floor":61}],"player_experience":2354564,"relics_obtained":[{"floor":11,"key":"Blood Vial"},{"floor":12,"key":"HornCleat"},{"floor":13,"key":"Pantograph"},{"floor":16,"key":"Oddly Smooth Stone"},{"floor":17,"key":"Dota2Spire:DrumOfEndurance"},{"floor":27,"key":"Mercury Hourglass"},{"floor":29,"key":"Pear"},{"floor":35,"key":"War Paint"},{"floor":40,"key":"Gambling Chip"},{"floor":44,"key":"InkBottle"},{"floor":46,"key":"Strawberry"},{"floor":47,"key":"Juzu Bracelet"},{"floor":48,"key":"Dota2Spire:MaskOfMadness"},{"floor":52,"key":"Dota2Spire:MonkeyKingBar"},{"floor":61,"key":"StoneCalendar"}],"event_choices":[{"cards_removed":["Strike_G"],"damage_healed":0,"gold_gain":0,"player_choice":"Card Removal","damage_taken":7,"max_hp_gain":0,"max_hp_loss":0,"event_name":"Golden Wing","floor":3,"gold_loss":0},{"damage_healed":0,"gold_gain":0,"player_choice":"Success","damage_taken":5,"relics_obtained":["Orichalcum"],"max_hp_gain":0,"max_hp_loss":0,"event_name":"Scrap Ooze","floor":14,"gold_loss":0},{"damage_healed":0,"gold_gain":0,"player_choice":"Searched \u00271\u0027 times","damage_taken":0,"max_hp_gain":0,"max_hp_loss":0,"event_name":"Dead Adventurer","floor":17,"gold_loss":0},{"damage_healed":0,"gold_gain":0,"player_choice":"Ignored","damage_taken":0,"max_hp_gain":0,"max_hp_loss":0,"event_name":"The Mausoleum","floor":23,"gold_loss":0},{"cards_removed":["Defend_G"],"damage_healed":0,"gold_gain":0,"player_choice":"Gave Gold","damage_taken":0,"max_hp_gain":0,"max_hp_loss":0,"event_name":"Beggar","floor":33,"gold_loss":75},{"damage_healed":0,"gold_gain":0,"player_choice":"Fight","damage_taken":0,"max_hp_gain":0,"max_hp_loss":0,"event_name":"MindBloom","floor":40,"gold_loss":0},{"cards_removed":["Cloak And Dagger"],"damage_healed":0,"gold_gain":0,"player_choice":"Removed Skill","damage_taken":0,"max_hp_gain":0,"max_hp_loss":0,"event_name":"Falling","floor":41,"gold_loss":0}],"is_beta":false,"boss_relics":[{"not_picked":["Empty Cage","Dota2Spire:Bloodstone"],"picked":"Astrolabe"},{"not_picked":["Velvet Choker","Fusion Hammer"],"picked":"Dota2Spire:RefresherOrb"}],"items_purged_floors":[15],"is_endless":false,"potions_floor_spawned":[1,4,8,16,21,27,44,46,48,49,53,61],"ascension_level":20}}