{"host":"kmq7aw60w430zvtx","time":1611673005,"event":{"mods":["BaseMod","Downfall","GifTheSpireLib","Hermit","Hubris","Minty Spire (QoL Compilation)","StSLib","The Construct","The Cursed","The Hierophant","The Jungle","The Necromancer","The Runesmith"],"gold_per_floor":[117,117,136,148,162,162,187,187,187,201,201,201,234,247,247,351,351,361,378,3,3,3,33,33,44,125,140,24,35,46,73,73,178,178,195,242,292,1,11,43,43,78,104,104,119,149,164,164,164,164,164,164,38,73,73],"floor_reached":56,"language":"ENG","playtime":4113,"items_purged":["Strike_G"],"score":1742,"play_id":"c36aa641-b45f-4665-a335-3151fa617e1b","local_time":"20210126155645","is_ascension_mode":true,"campfire_choices":[{"floor":6,"key":"RECALL"},{"data":"After Image","floor":8,"key":"SMITH"},{"data":"Blade Dance","floor":11,"key":"SMITH"},{"data":"hubris:SlightOfHand","floor":15,"key":"SMITH"},{"data":"Adrenaline","floor":24,"key":"SMITH"},{"data":"Finisher","floor":32,"key":"SMITH"},{"data":"Blade Dance","floor":41,"key":"SMITH"},{"data":"Adrenaline","floor":44,"key":"SMITH"},{"data":"Blade Dance","floor":49,"key":"SMITH"},{"data":"Cloak And Dagger","floor":52,"key":"SMITH"}],"circlet_count":0,"master_deck":["Strike_G","Strike_G","Strike_G","Strike_G","Defend_G","Defend_G","Defend_G","Defend_G","Defend_G","Survivor+1","Neutralize","Dash+1","Dagger Spray","Infinite Blades","Deflect+1","After Image+1","Blade Dance+1","Choke+1","hubris:SlightOfHand+1","After Image","PiercingWail","Endless Agony+1","Adrenaline+1","Slimebound:CheckThePlaybook","Blade Dance+1","Footwork","Adrenaline+1","Finesse","Cloak And Dagger+1","Cloak And Dagger+1","Finisher+1","Escape Plan","Glass Knife","hubris:SlightOfHand+1","Backflip+1","Terror+1","Backstab+1","Outmaneuver+1","Leg Sweep+1","Escape Plan","Finisher+1","Blade Dance+1","Phantasmal Killer"],"relics":["Ring of the Snake","Centennial Puzzle","construct:FoamFinger","Eternal Feather","hubris:SlimyHat","Question Card","hubris:VirtuousBlindfold","Vajra","GremlinMask","MealTicket","Bag of Preparation","hubris:ScarierMask","Gambling Chip","hubris:Zylophone","Calipers","Nunchaku","hubris:ToyBattleship","War Paint","Snake Skull","InkBottle"],"acts_visited":["Exordium","TheCity","TheBeyond","TheEnding"],"potions_floor_usage":[7,7,13,16,16,33,33,33,50,50,50,55,55],"damage_taken":[{"damage":0,"enemies":"Jaw Worm","floor":1,"turns":5},{"damage":0,"enemies":"Cultist","floor":3,"turns":4},{"damage":0,"enemies":"2 Louse","floor":4,"turns":2},{"damage":4,"enemies":"Large Slime","floor":5,"turns":7},{"damage":12,"enemies":"Gremlin Nob","floor":7,"turns":4},{"damage":8,"enemies":"Exordium Thugs","floor":10,"turns":4},{"damage":1,"enemies":"Lagavulin","floor":13,"turns":6},{"damage":0,"enemies":"Looter","floor":14,"turns":3},{"damage":13,"enemies":"Slime Boss","floor":16,"turns":11},{"damage":3,"enemies":"Shell Parasite","floor":18,"turns":4},{"damage":1,"enemies":"Spheric Guardian","floor":19,"turns":6},{"damage":11,"enemies":"Slavers","floor":23,"turns":4},{"damage":0,"enemies":"Centurion and Healer","floor":25,"turns":5},{"damage":0,"enemies":"Snecko","floor":27,"turns":2},{"damage":9,"enemies":"Snake Plant","floor":29,"turns":6},{"damage":0,"enemies":"3 Cultists","floor":30,"turns":6},{"damage":0,"enemies":"Book of Stabbing","floor":31,"turns":5},{"damage":26,"enemies":"Collector","floor":33,"turns":8},{"damage":0,"enemies":"Orb Walker","floor":35,"turns":3},{"damage":0,"enemies":"2 Orb Walkers","floor":36,"turns":2},{"damage":1,"enemies":"Mind Bloom Boss Battle","floor":37,"turns":7},{"damage":0,"enemies":"3 Darklings","floor":39,"turns":4},{"damage":0,"enemies":"Giant Head","floor":40,"turns":7},{"damage":0,"enemies":"Reptomancer","floor":42,"turns":7},{"damage":0,"enemies":"Spire Growth","floor":45,"turns":4},{"damage":0,"enemies":"Nemesis","floor":46,"turns":9},{"damage":0,"enemies":"Sphere and 2 Shapes","floor":47,"turns":3},{"damage":8,"enemies":"Donu and Deca","floor":50,"turns":9},{"damage":0,"enemies":"Shield and Spear","floor":54,"turns":3},{"damage":1,"enemies":"The Heart","floor":55,"turns":8}],"seed_played":"-6789653495781098086","potions_obtained":[{"floor":3,"key":"Strength Potion"},{"floor":4,"key":"Block Potion"},{"floor":5,"key":"PowerPotion"},{"floor":10,"key":"Swift Potion"},{"floor":13,"key":"Block Potion"},{"floor":23,"key":"PowerPotion"},{"floor":25,"key":"Dexterity Potion"},{"floor":29,"key":"Dexterity Potion"},{"floor":31,"key":"CunningPotion"},{"floor":33,"key":"Poison Potion"},{"floor":36,"key":"Weak Potion"},{"floor":37,"key":"hexamod:SoulburnPotion"},{"floor":42,"key":"EssenceOfSteel"}],"is_trial":false,"path_per_floor":["M","?","M","M","M","R","E","R","T","M","R","?","E","M","R","B",null,"M","M","$","?","?","E","R","M","T","M","$","M","M","E","R","B",null,"M","?","?","$","M","E","R","E","T","R","M","E","M","?","R","B",null,"R","$","E","B",null],"character_chosen":"THE_SILENT","items_purchased":["Vajra","Adrenaline","Finesse","Cloak And Dagger","Calipers","Strength Potion","DistilledChaos"],"campfire_rested":0,"item_purchase_floors":[20,20,28,28,38,53,53],"current_hp_per_floor":[63,63,63,63,59,59,47,47,47,39,48,41,40,40,52,39,62,59,58,58,58,58,47,62,62,62,62,63,54,54,54,63,37,57,57,57,56,63,63,63,63,63,63,63,63,63,63,63,63,55,61,63,63,63,62],"gold":73,"neow_bonus":"RANDOM_COMMON_RELIC","is_daily":false,"chose_seed":false,"campfire_upgraded":9,"win_rate":0.0,"timestamp":1611673005,"path_taken":["M","?","M","M","M","R","E","R","T","?","R","?","E","M","R","BOSS","M","M","$","?","?","E","R","M","T","?","$","M","?","E","R","BOSS","M","?","?","$","M","E","R","E","T","R","?","E","M","?","R","BOSS","R","$","E","BOSS"],"items_purchased_type":["Relic","Card","Card","Card","Relic","Potion","Potion"],"build_version":"2020-12-22","purchased_purges":1,"victory":true,"max_hp_per_floor":[70,70,70,70,70,70,70,70,70,70,70,70,70,70,70,70,70,70,70,70,63,63,63,63,63,63,63,63,63,63,63,63,63,63,63,63,63,63,63,63,63,63,63,63,63,63,63,63,63,63,63,63,63,63,63],"card_choices":[{"not_picked":["Slice","Sucker Punch"],"picked":"Dash","floor":1},{"not_picked":["Skewer","Quick Slash"],"picked":"Dagger Spray","floor":3},{"not_picked":["Expertise","Cloak And Dagger"],"picked":"Infinite Blades","floor":4},{"not_picked":["Slice","Dagger Spray"],"picked":"Deflect","floor":5},{"not_picked":["hubris:SlightOfHand","hubris:Counter"],"picked":"After Image","floor":7},{"not_picked":["PiercingWail","Bouncing Flask"],"picked":"Blade Dance","floor":10},{"not_picked":["Dagger Spray","Deadly Poison"],"picked":"Choke","floor":13},{"not_picked":["hubris:Counter","Eviscerate","Grand Finale"],"picked":"hubris:SlightOfHand","floor":14},{"not_picked":["Night Terror","Bullet Time","Glass Knife"],"picked":"After Image","floor":16},{"not_picked":["Outmaneuver","Quick Slash","Expertise"],"picked":"PiercingWail","floor":18},{"not_picked":["Deadly Poison","Poisoned Stab","Tactician"],"picked":"Endless Agony+1","floor":19},{"not_picked":["Slice","Footwork+1","Predator"],"picked":"Blade Dance","floor":23},{"not_picked":["Quick Slash","Crippling Poison","Outmaneuver"],"picked":"Footwork","floor":25},{"not_picked":["Poisoned Stab","Backflip","Deadly Poison"],"picked":"Adrenaline","floor":27},{"not_picked":["Dagger Spray","hubris:SlightOfHand","PiercingWail"],"picked":"Cloak And Dagger+1","floor":29},{"not_picked":["Crippling Poison","Skewer","Slice+1"],"picked":"Finisher","floor":30},{"not_picked":["Quick Slash","PiercingWail+1","Prepared+1"],"picked":"Escape Plan","floor":31},{"not_picked":["Grand Finale","Night Terror","Unload"],"picked":"Glass Knife","floor":33},{"not_picked":["Deadly Poison","Quick Slash+1","Bane"],"picked":"hubris:SlightOfHand+1","floor":35},{"not_picked":["Dodge and Roll","Catalyst+1","Dagger Throw+1"],"picked":"Backflip+1","floor":36},{"not_picked":["Underhanded Strike","Prepared","Sucker Punch"],"picked":"Terror+1","floor":37},{"not_picked":["hubris:Counter","Grand Finale","Skewer"],"picked":"Backstab+1","floor":39},{"not_picked":["Caltrops","Deadly Poison","Sucker Punch+1"],"picked":"Outmaneuver+1","floor":40},{"not_picked":["Blade Dance+1","Cloak And Dagger+1","hubris:SlightOfHand"],"picked":"Leg Sweep+1","floor":42},{"not_picked":["Bouncing Flask","Backflip+1","Concentrate+1"],"picked":"Escape Plan","floor":45},{"not_picked":["Blur","Bouncing Flask","Eviscerate"],"picked":"Finisher+1","floor":46},{"not_picked":["All Out Attack","Deflect+1","Slice+1"],"picked":"Blade Dance","floor":47},{"not_picked":["Poisoned Stab","hubris:SlightOfHand","Dagger Spray"],"picked":"Phantasmal Killer","floor":54}],"player_experience":308494,"relics_obtained":[{"floor":7,"key":"construct:FoamFinger"},{"floor":9,"key":"Eternal Feather"},{"floor":13,"key":"Question Card"},{"floor":23,"key":"MealTicket"},{"floor":31,"key":"Bag of Preparation"},{"floor":36,"key":"Gambling Chip"},{"floor":37,"key":"hubris:Zylophone"},{"floor":40,"key":"Nunchaku"},{"floor":42,"key":"hubris:ToyBattleship"},{"floor":43,"key":"War Paint"},{"floor":46,"key":"Snake Skull"},{"floor":54,"key":"InkBottle"}],"event_choices":[{"damage_healed":0,"gold_gain":0,"player_choice":"Upgraded","damage_taken":0,"max_hp_gain":0,"max_hp_loss":0,"event_name":"Upgrade Shrine","floor":2,"gold_loss":0,"cards_upgraded":["Dash"]},{"damage_healed":0,"gold_gain":0,"player_choice":"Success","damage_taken":7,"relics_obtained":["hubris:SlimyHat"],"max_hp_gain":0,"max_hp_loss":0,"event_name":"Scrap Ooze","floor":12,"gold_loss":0},{"damage_healed":0,"gold_gain":0,"player_choice":"Trade","damage_taken":0,"relics_obtained":["GremlinMask"],"max_hp_gain":0,"max_hp_loss":0,"event_name":"FaceTrader","floor":22,"gold_loss":0},{"damage_healed":0,"gold_gain":0,"player_choice":"Fight","damage_taken":0,"max_hp_gain":0,"max_hp_loss":0,"event_name":"Mysterious Sphere","floor":36,"gold_loss":0},{"damage_healed":0,"gold_gain":0,"player_choice":"Fight","damage_taken":0,"max_hp_gain":0,"max_hp_loss":0,"event_name":"MindBloom","floor":37,"gold_loss":0}],"is_beta":false,"boss_relics":[{"not_picked":["hubris:HollowSoul","construct:WeddingRing"],"picked":"hubris:VirtuousBlindfold"},{"not_picked":["Astrolabe","Busted Crown"],"picked":"hubris:ScarierMask"}],"items_purged_floors":[20],"is_endless":false,"potions_floor_spawned":[3,4,5,10,13,23,25,29,31,33,36,37,40,42],"ascension_level":7}}