{"host":"Krakhan","time":1611627348,"event":{"mods":["AchievementEnabler","BaseMod","Colored Map","Colored Powertips","Faster Ascension Climbing","Highlight Path","Minty Spire (QoL Compilation)","Rare Cards Sparkle","Relic Stats","StSLib"],"gold_per_floor":[119,137,147,147,147,147,180,180,205,224,25,45,80,99,99,99,99],"floor_reached":16,"language":"ENG","playtime":796,"items_purged":[],"score":274,"play_id":"34eed530-068f-457b-afd0-e4a079a1b923","local_time":"20210125211548","is_ascension_mode":true,"campfire_choices":[{"data":"CutThroughFate","floor":6.0,"key":"SMITH"},{"data":"FlyingSleeves","floor":8.0,"key":"SMITH"},{"data":"Apotheosis","floor":15.0,"key":"SMITH"}],"circlet_count":0,"master_deck":["AscendersBane","Strike_P+1","Strike_P","Strike_P","Strike_P","Defend_P+1","Defend_P","Defend_P","Eruption+1","Vigilance+1","FlyingSleeves+1","CutThroughFate+1","FlurryOfBlows+1","FearNoEvil","BowlingBash","Apotheosis+1","MentalFortress","Evaluate","FlurryOfBlows"],"relics":["Sozu","War Paint","Whetstone","Centennial Puzzle"],"acts_visited":["Exordium"],"potions_floor_usage":[],"damage_taken":[{"damage":4.0,"enemies":"Small Slimes","floor":1.0,"turns":4.0},{"damage":11.0,"enemies":"2 Louse","floor":2.0,"turns":3.0},{"damage":0.0,"enemies":"Jaw Worm","floor":3.0,"turns":3.0},{"damage":7.0,"enemies":"Lagavulin","floor":7.0,"turns":5.0},{"damage":0.0,"enemies":"Large Slime","floor":10.0,"turns":3.0},{"damage":6.0,"enemies":"2 Fungi Beasts","floor":12.0,"turns":3.0},{"damage":0.0,"enemies":"Gremlin Nob","floor":13.0,"turns":3.0},{"damage":0.0,"enemies":"3 Louse","floor":14.0,"turns":3.0},{"damage":28,"enemies":"The Guardian","floor":16,"turns":8}],"seed_played":"5169206641457339937","potions_obtained":[],"is_trial":false,"path_per_floor":["M","M","M","?","?","R","E","R","T","M","$","M","E","M","R","B"],"character_chosen":"WATCHER","items_purchased":["Apotheosis"],"campfire_rested":0,"item_purchase_floors":[11],"current_hp_per_floor":[57,46,46,39,39,39,32,32,32,32,32,26,26,26,26,0,0],"gold":99,"neow_bonus":"BOSS_RELIC","is_daily":false,"chose_seed":false,"campfire_upgraded":3,"win_rate":0.0,"timestamp":1611627348,"path_taken":["M","M","M","?","?","R","E","R","T","?","$","M","E","M","R","BOSS"],"items_purchased_type":["Card"],"build_version":"2020-12-18","purchased_purges":0,"victory":false,"max_hp_per_floor":[68,68,68,68,68,68,68,68,68,68,68,68,68,68,68,68,68],"relic_stats":{"Sozu":2,"Centennial Puzzle":[3],"counters":[9,35],"Whetstone":["FlurryOfBlows","Strike_P"],"War Paint":["Defend_P","Vigilance"],"obtain_stats":[{"Sozu":0,"Centennial Puzzle":13,"Whetstone":9,"PureWater":0,"War Paint":7},{"Sozu":0,"Centennial Puzzle":7,"Whetstone":4,"PureWater":0,"War Paint":4},{"Sozu":0,"Centennial Puzzle":24,"Whetstone":15,"PureWater":0,"War Paint":15}]},"card_choices":[{"not_picked":["Consecrate","ReachHeaven"],"picked":"FlyingSleeves","floor":1.0},{"not_picked":["ThirdEye","FlyingSleeves"],"picked":"CutThroughFate","floor":2.0},{"not_picked":["Meditate","SandsOfTime"],"picked":"FlurryOfBlows","floor":3.0},{"not_picked":["Prostrate","PathToVictory"],"picked":"FearNoEvil","floor":7.0},{"not_picked":["Evaluate","DeusExMachina"],"picked":"BowlingBash","floor":10.0},{"not_picked":["CutThroughFate","Fasting2"],"picked":"MentalFortress","floor":12.0},{"not_picked":["FollowUp","SashWhip"],"picked":"Evaluate","floor":13.0},{"not_picked":["Evaluate","ClearTheMind"],"picked":"FlurryOfBlows","floor":14.0}],"player_experience":1365929,"relics_obtained":[{"floor":7.0,"key":"War Paint"},{"floor":9.0,"key":"Whetstone"},{"floor":13.0,"key":"Centennial Puzzle"}],"event_choices":[{"cards_removed":["Defend_P"],"damage_healed":0.0,"max_hp_gain":0.0,"max_hp_loss":0.0,"gold_gain":0.0,"event_name":"Golden Wing","player_choice":"Card Removal","floor":4.0,"gold_loss":0.0,"damage_taken":7.0},{"damage_healed":0.0,"max_hp_gain":0.0,"max_hp_loss":0.0,"gold_gain":0.0,"event_name":"Living Wall","player_choice":"Grow","floor":5.0,"gold_loss":0.0,"damage_taken":0.0,"cards_upgraded":["Eruption"]}],"is_beta":true,"boss_relics":[],"items_purged_floors":[],"is_endless":false,"potions_floor_spawned":[7,12],"killed_by":"The Guardian","ascension_level":20}}