{"host":"qwp6882a7gaon7u5","time":1611678756,"event":{"mods":["ATMod(阿瑾Mod)","Act Like it!","BaseMod","BetterRewards","CapriCore","Gensokyo","Minty Spire (QoL Compilation)","Red Circlet Mod","Relic Filter Mod","Replay The Spire","RumiaBox-露米娅的神秘盒子","Spicy Shops","StSLib","The Immortal","【功能Mod】混沌之环修复补丁","【遗物卡牌】REMEMod","篝火指南"],"gold_per_floor":[184,359,415,415,459,525,525,568,593,668,668,737,737,853,853,1006,1006,1104,1151,1201,1226,1357,1412,1412,1514,1551,1638,1650,1525,1588,1609,1621,2223,2235,2391,2702,2714,2839,2851,2931,2943,3004,3016,3132,3585,3597,3656,2706,1431,1468],"floor_reached":51,"language":"ZHS","playtime":2376,"items_purged":["MokouMod:Strike","MokouMod:Defend","MokouMod:Strike","MokouMod:Defend","MokouMod:Strike","MokouMod:Defend","MokouMod:Strike"],"score":932,"play_id":"1a377fbf-5832-46c9-a052-dd9b93adbab8","local_time":"20210127003236","is_ascension_mode":false,"campfire_choices":[{"floor":7,"key":"DIG"},{"floor":11,"key":"DIG"},{"floor":13,"key":"DIG"},{"floor":15,"key":"DIG"},{"floor":24,"key":"DIG"},{"floor":32,"key":"DIG"},{"floor":41,"key":"DIG"}],"circlet_count":0,"master_deck":["MokouMod:Strike+1","MokouMod:Defend","MokouMod:HeatSpark","AT_FamilyPortrait+1","MokouMod:BurningHiddenBullet+1","MokouMod:ScorchedEarth","MokouMod:Sear","Finesse","MokouMod:SearingBlow+3","MokouMod:Wildfire","MokouMod:FujiyamaVolcano","MokouMod:ResonanceReactor+1","MokouMod:ScorchingColumn+1","MokouMod:SpontaneousHumanCombustion","MokouMod:Afterburner+1","Poison Darts","MokouMod:Wildfire+1","MokouMod:HeartofFire","MokouMod:IndiscriminateIgnition"],"relics":["MokouMod:PhoenixFeather","REME_ComplimentaryCards","AT_ATBox","MagicDraw4","Boot","Vajra","Girya","Guide Book","Singing Bowl","GodSword7","Shovel","ClockworkSouvenir","Lee\u0027s Waffle","REME_ArchaeologicalTools","Replay:Towering Pillar of Hats","SecretRecord","StrikeDummy","Sling","AT_TimeSand","Omamori","Bag of Marbles","HandDrill","Blood Vial","CeramicFish","AT_MibuBalloonWealth","Strange Spoon","OrangePellets","MealTicket","Tiny Chest","Replay:Rubber Ducky","Happy Flower","TungstenRod","Du-Vu Doll","AT_ForceNature","HornCleat","Medical Kit","MagicDraw1","ReplayTheSpireMod:CursedCoin","AT_Kusabimaru","GodSword5","Iron Hammer","PreservedInsect","Turnip","Pen Nib","AT_ChloranthyRing","White Beast Statue","StoneCalendar","CaptainsWheel","Bag of Preparation","Whetstone","MawBank","Toy Ornithopter","Dead Branch","Lantern","Potion Belt","Black Star","Replay:Bottled Flurry","ReplayTheSpireMod:Lightbulb","Akabeko","Nunchaku","Gambling Chip","Ornamental Fan","Ginger","Calipers","Old Coin","REME_PuzzleBoxRelic","PlanX","Juzu Bracelet","AT_SpeedBoots","Oddly Smooth Stone","Chameleon Ring","Blue Doll","Pet Ghost","Chemical X"],"acts_visited":["Exordium","Exordium","TheBeyond"],"potions_floor_usage":[0,16,16,22,23,27,30,33,35,38,38,45],"damage_taken":[{"damage":6,"enemies":"Small Slimes","floor":1,"turns":2},{"damage":0,"enemies":"Cultist","floor":3,"turns":1},{"damage":0,"enemies":"Jaw Worm","floor":5,"turns":1},{"damage":8,"enemies":"Replay:BlueRogue","floor":6,"turns":2},{"damage":3,"enemies":"Blue Slaver","floor":8,"turns":2},{"damage":0,"enemies":"Large Slime","floor":10,"turns":2},{"damage":0,"enemies":"Lagavulin","floor":12,"turns":2},{"damage":0,"enemies":"Gremlin Gang","floor":14,"turns":1},{"damage":10,"enemies":"The Guardian","floor":16,"turns":4},{"damage":0,"enemies":"Gensokyo:3_Dogs","floor":18,"turns":3},{"damage":6,"enemies":"Gensokyo:AngelMirror","floor":19,"turns":2},{"damage":20,"enemies":"Gensokyo:Wraith","floor":20,"turns":3},{"damage":0,"enemies":"Gensokyo:Wraith","floor":22,"turns":3},{"damage":29,"enemies":"Gensokyo:Tenshi","floor":23,"turns":2},{"damage":0,"enemies":"Gensokyo:Reisen","floor":25,"turns":2},{"damage":0,"enemies":"Gensokyo:Slime_Group","floor":27,"turns":2},{"damage":0,"enemies":"Gensokyo:Swordslinger","floor":30,"turns":3},{"damage":5,"enemies":"Gensokyo:Kaguya","floor":33,"turns":4},{"damage":0,"enemies":"3 Darklings","floor":35,"turns":1},{"damage":0,"enemies":"3 Shapes","floor":36,"turns":1},{"damage":7,"enemies":"Sphere and 2 Shapes","floor":38,"turns":4},{"damage":0,"enemies":"R_Hoarder","floor":40,"turns":3},{"damage":0,"enemies":"Maw","floor":42,"turns":3},{"damage":0,"enemies":"2 Orb Walkers","floor":44,"turns":1},{"damage":0,"enemies":"Reptomancer","floor":45,"turns":2},{"damage":0,"enemies":"Transient","floor":47,"turns":5},{"damage":11,"enemies":"Replay:Hell Engine","floor":50,"turns":2}],"seed_played":"648274268760822044","potions_obtained":[{"floor":1,"key":"SpeedPotion"},{"floor":14,"key":"Strength Potion"},{"floor":16,"key":"SpeedPotion"},{"floor":19,"key":"LiquidBronze"},{"floor":22,"key":"LiquidMemories"},{"floor":23,"key":"FearPotion"},{"floor":25,"key":"ColorlessPotion"},{"floor":27,"key":"SkillPotion"},{"floor":30,"key":"Reflective Coating"},{"floor":33,"key":"Block Potion"},{"floor":35,"key":"REME_GoldPotion"},{"floor":36,"key":"SkillPotion"},{"floor":40,"key":"PowerPotion"},{"floor":42,"key":"BlessingOfTheForge"},{"floor":44,"key":"PowerPotion"},{"floor":45,"key":"LiquidBronze"}],"is_trial":false,"path_per_floor":["M","?","M","?","M","E","R","M","T","M","R","E","R","M","R","B",null,"M","M","M","T","?","E","R","E","T","M","?","COS","M","?","R","B",null,"M","M","T","M","?","E","R","M","T","?","E","T","M","$","R","B",null],"character_chosen":"MKU","items_purchased":["MagicDraw4","MokouMod:ScorchedEarth","MokouMod:Sear","Boot","Vajra","Girya","Guide Book","Singing Bowl","GodSword7","Shovel","ClockworkSouvenir","Lee\u0027s Waffle","Finesse","REME_ArchaeologicalTools","Replay:Towering Pillar of Hats","SecretRecord","StrikeDummy","Sling","AT_TimeSand","MokouMod:SearingBlow","MokouMod:Wildfire","Omamori","Bag of Marbles","HandDrill","Fruit Juice","Blood Vial","MokouMod:FujiyamaVolcano","CeramicFish","AT_MibuBalloonWealth","Strange Spoon","OrangePellets","MealTicket","Tiny Chest","Replay:Rubber Ducky","Happy Flower","PowerPotion","TungstenRod","Du-Vu Doll","AT_ForceNature","HornCleat","Medical Kit","MagicDraw1","ReplayTheSpireMod:CursedCoin","AT_Kusabimaru","Adrenaline Potion","PlanX","Juzu Bracelet","AT_SpeedBoots","MokouMod:HeartofFire","MokouMod:IndiscriminateIgnition","Oddly Smooth Stone","Chameleon Ring","Blue Doll","Pet Ghost","Chemical X"],"campfire_rested":0,"item_purchase_floors":[0,0,0,0,0,0,0,0,0,0,0,0,0,0,0,0,0,0,0,0,0,0,0,0,0,0,0,0,0,0,0,0,0,0,0,0,0,0,0,0,0,0,0,0,0,48,48,48,48,48,49,49,49,49,49],"current_hp_per_floor":[83,83,85,85,89,85,85,86,86,90,90,92,92,96,96,88,99,101,97,79,79,83,58,58,62,62,72,72,72,82,82,82,87,107,109,111,111,112,112,115,115,115,115,117,119,119,121,121,121,110],"gold":1468,"neow_bonus":"","is_daily":false,"chose_seed":false,"campfire_upgraded":0,"win_rate":0.0,"timestamp":1611678756,"path_taken":["M","?","M","?","M","E","R","M","T","?","R","E","R","M","R","BOSS","M","M","M","?","?","E","R","E","T","M","?","COS","M","?","R","BOSS","M","M","?","?","?","E","R","M","T","?","E","?","M","?","R","BOSS"],"items_purchased_type":["Relic","Card","Card","Relic","Relic","Relic","Relic","Relic","Relic","Relic","Relic","Relic","Card","Relic","Relic","Relic","Relic","Relic","Relic","Card","Card","Relic","Relic","Relic","Potion","Relic","Card","Relic","Relic","Relic","Relic","Relic","Relic","Relic","Relic","Potion","Relic","Relic","Relic","Relic","Relic","Relic","Relic","Relic","Potion","Relic","Relic","Relic","Card","Card","Relic","Relic","Relic","Relic","Relic"],"build_version":"2020-12-22","purchased_purges":7,"victory":true,"max_hp_per_floor":[89,89,89,89,91,93,93,95,95,97,97,97,97,99,99,99,99,101,103,103,103,105,107,107,109,109,111,103,103,105,105,105,107,107,109,111,111,113,113,115,115,115,115,117,119,119,121,121,121,121],"card_choices":[{"not_picked":["MokouMod:IndiscriminateIgnition","MokouMod:FlickeringFlame","MokouMod:BurningDraft"],"picked":"Singing Bowl","floor":1},{"not_picked":["MokouMod:InfernalWave","MokouMod:IcarusDive"],"picked":"MokouMod:ResonanceReactor","floor":3},{"not_picked":["MokouMod:ScorchedEarth","MokouMod:IcarusDive","MokouMod:TemporalFireSeal"],"picked":"Singing Bowl","floor":5},{"not_picked":["MokouMod:IgnitionBlast","MokouMod:BlazingComet","MokouMod:DanceofFlames"],"picked":"Singing Bowl","floor":6},{"not_picked":["MokouMod:TemporalFireSeal","MokouMod:WarmUp","MokouMod:BlazingComet"],"picked":"Singing Bowl","floor":8},{"not_picked":["MokouMod:Scorch","MokouMod:Ember","MokouMod:ThermalPressure"],"picked":"Singing Bowl","floor":10},{"not_picked":["MokouMod:UncontrollableSolarReaction","MokouMod:SubterraneanCore"],"picked":"MokouMod:ScorchingColumn","floor":12},{"not_picked":["MokouMod:FujiyamaVolcano","MokouMod:Ember","MokouMod:Overheat"],"picked":"Singing Bowl","floor":14},{"not_picked":["MokouMod:SearingBlow","MokouMod:BurningHiddenBullet"],"picked":"MokouMod:SpontaneousHumanCombustion","floor":16},{"not_picked":["MokouMod:FlareStarter+1","MokouMod:Firecracker+1","MokouMod:Singe"],"picked":"Singing Bowl","floor":18},{"not_picked":["MokouMod:FlareStarter","MokouMod:Cataclysm","MokouMod:ResonanceReactor"],"picked":"Singing Bowl","floor":19},{"not_picked":["MokouMod:FujiyamaVolcano","MokouMod:Wildfire+1"],"picked":"MokouMod:Afterburner+1","floor":20},{"not_picked":["MokouMod:Overheat","MokouMod:TemporalFireSeal","MokouMod:EternalBurstReactor"],"picked":"Singing Bowl","floor":22},{"not_picked":["MokouMod:IndiscriminateIgnition","MokouMod:HeatCyclone","MokouMod:Scorch"],"picked":"Singing Bowl","floor":23},{"not_picked":["MokouMod:ScorchingColumn","MokouMod:Afterburner","MokouMod:SpontaneousHumanCombustion"],"picked":"Singing Bowl","floor":25},{"not_picked":["MokouMod:FlickeringFlame","MokouMod:RoaringFlare","MokouMod:Ember"],"picked":"Singing Bowl","floor":27},{"not_picked":["MokouMod:IgneousBlow","MokouMod:RisingSunBarrier+1","MokouMod:ResoluteFlare"],"picked":"Singing Bowl","floor":30},{"not_picked":["MokouMod:Extinguish","MokouMod:EnchantingBambooForest","MokouMod:BurningHiddenBullet"],"picked":"Singing Bowl","floor":33},{"not_picked":["MokouMod:FlamingFireTalons+1","MokouMod:FlareStarter+1","MokouMod:Cataclysm"],"picked":"Singing Bowl","floor":35},{"not_picked":["MokouMod:Trailblazer+1","MokouMod:Singe","MokouMod:Stoke"],"picked":"Singing Bowl","floor":36},{"not_picked":["MokouMod:ScorchedEarth+1","MokouMod:CrimsonArmoury+1","MokouMod:IgneousBlow+1"],"picked":"Singing Bowl","floor":38},{"not_picked":["MokouMod:Sear+1","MokouMod:Overheat","MokouMod:Singe+1"],"picked":"Singing Bowl","floor":40},{"not_picked":["MokouMod:ResoluteFlare+1","MokouMod:EternalBurstReactor+1"],"picked":"MokouMod:Wildfire+1","floor":42},{"not_picked":["MokouMod:Ember+1","MokouMod:CrimsonArmoury","MokouMod:EternalBurstReactor+1"],"picked":"Singing Bowl","floor":44},{"not_picked":["MokouMod:Burn","MokouMod:EternalBurstReactor","MokouMod:FlickeringFlame+1"],"picked":"Singing Bowl","floor":45},{"not_picked":["MokouMod:Ember","MokouMod:PhoenixFeathers+1","MokouMod:Wildfire+1"],"picked":"Singing Bowl","floor":47}],"player_experience":173837,"relics_obtained":[{"floor":6,"key":"GodSword5"},{"floor":7,"key":"Iron Hammer"},{"floor":9,"key":"PreservedInsect"},{"floor":11,"key":"Turnip"},{"floor":12,"key":"Pen Nib"},{"floor":13,"key":"AT_ChloranthyRing"},{"floor":15,"key":"White Beast Statue"},{"floor":22,"key":"StoneCalendar"},{"floor":22,"key":"CaptainsWheel"},{"floor":23,"key":"Bag of Preparation"},{"floor":24,"key":"Whetstone"},{"floor":25,"key":"MawBank"},{"floor":26,"key":"Toy Ornithopter"},{"floor":32,"key":"Lantern"},{"floor":37,"key":"Replay:Bottled Flurry"},{"floor":40,"key":"ReplayTheSpireMod:Lightbulb"},{"floor":40,"key":"Akabeko"},{"floor":41,"key":"Nunchaku"},{"floor":43,"key":"Ornamental Fan"},{"floor":44,"key":"Ginger"},{"floor":45,"key":"Calipers"},{"floor":45,"key":"Old Coin"},{"floor":46,"key":"REME_PuzzleBoxRelic"}],"event_choices":[{"damage_healed":0,"gold_gain":175,"player_choice":"AGREE","damage_taken":0,"max_hp_gain":0,"max_hp_loss":0,"event_name":"Liars Game","floor":2,"gold_loss":0,"cards_obtained":["Doubt"]},{"damage_healed":0,"gold_gain":0,"player_choice":"Upgraded","damage_taken":0,"max_hp_gain":0,"max_hp_loss":0,"event_name":"Upgrade Shrine","floor":4,"gold_loss":0,"cards_upgraded":["MokouMod:ResonanceReactor"]},{"damage_healed":0,"gold_gain":0,"player_choice":"Ignored","damage_taken":0,"max_hp_gain":0,"max_hp_loss":0,"event_name":"Tomb of Lord Red Mask","floor":39,"gold_loss":0},{"damage_healed":0,"gold_gain":0,"player_choice":"Fight","damage_taken":0,"max_hp_gain":0,"max_hp_loss":0,"event_name":"Mysterious Sphere","floor":44,"gold_loss":0}],"is_beta":false,"boss_relics":[{"not_picked":["Ectoplasm","Replay:Drink Me","Runic Dome"]},{"not_picked":["Calling Bell","Cursed Key"],"picked":"Black Star"}],"items_purged_floors":[0,0,0,0,48,49,49],"is_endless":false,"potions_floor_spawned":[1,3,14,16,18,19,20,22,23,25,27,30,33,35,36,38,40,42,44,45,47],"ascension_level":0}}