{"host":"3e3mwsgb9gfqiuxm","time":1611662473,"event":{"mods":["Act Like it!","BaseMod","Colored Map","Colored Powertips","Downfall","Gensokyo","Googly Eyes","Hermit","Marisa????????","Minty Spire (QoL Compilation)","Replay The Spire","StSLib","The Animator","The Bug Knight","The Cursed","The Servant 0.9.4"],"gold_per_floor":[111,49,59,91,124,124,124,165,165,211,211,211,211,261,261,261,261],"floor_reached":16,"language":"ENG","playtime":421,"items_purged":[],"score":124,"play_id":"83903237-215e-4e79-a05a-c2229865fcf6","local_time":"20210126070113","is_ascension_mode":true,"campfire_choices":[{"data":"MysteriousBeam","floor":6.0,"key":"SMITH"},{"data":"MagicChant","floor":13.0,"key":"SMITH"},{"data":"Singularity","floor":15.0,"key":"SMITH"}],"circlet_count":0,"master_deck":["Strike_MRS","Strike_MRS+1","Strike_MRS","Defend_MRS","Defend_MRS","Defend_MRS","MasterSpark","UpSweep","MysteriousBeam+1","WitchOfGreed","ShootingEcho+1","Singularity+1","Acceleration","MagicChant+1","GalacticHalo"],"relics":["MiniHakkero","NeowsBlessing","Meat on the Bone","Lantern","Replay:WaspNest","WingedGreaves","Bag of Preparation"],"acts_visited":["Exordium"],"potions_floor_usage":[16,16,16],"damage_taken":[{"damage":0.0,"enemies":"Jaw Worm","floor":1.0,"turns":1.0},{"damage":0.0,"enemies":"Cultist","floor":3.0,"turns":1.0},{"damage":0.0,"enemies":"2 Louse","floor":4.0,"turns":1.0},{"damage":0.0,"enemies":"2 Fungi Beasts","floor":5.0,"turns":2.0},{"damage":10.0,"enemies":"HollowMod:MossKnight","floor":8.0,"turns":5.0},{"damage":18.0,"enemies":"3 Sentries","floor":10.0,"turns":3.0},{"damage":14.0,"enemies":"Gremlin Nob","floor":14.0,"turns":3.0},{"damage":25,"enemies":"Fading Forest","floor":16,"turns":7}],"seed_played":"-8453155665184718436","potions_obtained":[{"floor":4.0,"key":"sneckomod:MuddlingPotion"},{"floor":4.0,"key":"sneckomod:MuddlingPotion"},{"floor":5.0,"key":"Ancient Potion"},{"floor":8.0,"key":"DistilledChaos"},{"floor":8.0,"key":"Dexterity Potion"},{"floor":10.0,"key":"hexamod:SoulburnPotion"},{"floor":14.0,"key":"FearPotion"},{"floor":14.0,"key":"EntropicBrew"}],"is_trial":false,"path_per_floor":["M","?","M","M","M","R","?","E","T","E","?","?","R","E","R","B"],"character_chosen":"MARISA","items_purchased":[],"campfire_rested":0,"item_purchase_floors":[],"current_hp_per_floor":[75,75,75,75,75,75,75,65,65,47,32,32,32,30,30,15,15],"gold":261,"neow_bonus":"THREE_ENEMY_KILL","is_daily":false,"chose_seed":false,"campfire_upgraded":3,"win_rate":0.0,"timestamp":1611662473,"path_taken":["M","?","M","?","M","R","?","E","T","E","?","?","R","E","R","BOSS"],"items_purchased_type":[],"build_version":"2020-12-22","purchased_purges":0,"victory":false,"max_hp_per_floor":[75,75,75,75,75,75,75,75,75,75,75,75,75,75,75,75,75],"card_choices":[{"not_picked":["DoubleSpark","ManaConvection"],"picked":"MysteriousBeam","floor":1.0},{"not_picked":["StarlightTyphoon","ShootingEcho"],"picked":"WitchOfGreed","floor":3.0},{"not_picked":["IllusionStar","EarthLightRay"],"picked":"ShootingEcho","floor":4.0},{"not_picked":["OneTimeOff","GrandCross","IllusionStar"],"picked":"SKIP","floor":5.0},{"not_picked":["PowerUp","DC"],"picked":"Acceleration","floor":8.0},{"not_picked":["WitchLeyline","EarthLightRay"],"picked":"MagicChant","floor":10.0},{"not_picked":["DC","DragonMeteor"],"picked":"GalacticHalo","floor":14.0}],"player_experience":1331533,"relics_obtained":[{"floor":8.0,"key":"Lantern"},{"floor":9.0,"key":"Replay:WaspNest"},{"floor":10.0,"key":"WingedGreaves"},{"floor":14.0,"key":"Bag of Preparation"}],"event_choices":[{"damage_healed":0.0,"max_hp_gain":0.0,"max_hp_loss":0.0,"gold_gain":0.0,"event_name":"WeMeetAgain","player_choice":"Paid Gold","floor":2.0,"gold_loss":62.0,"damage_taken":0.0,"relics_obtained":["Meat on the Bone"]},{"damage_healed":0.0,"max_hp_gain":0.0,"max_hp_loss":0.0,"gold_gain":0.0,"cards_transformed":["Strike_MRS"],"event_name":"Living Wall","player_choice":"Change","floor":7.0,"gold_loss":0.0,"damage_taken":0.0,"cards_obtained":["Singularity"]},{"damage_healed":0.0,"max_hp_gain":0.0,"max_hp_loss":0.0,"gold_gain":0.0,"event_name":"Shining Light","player_choice":"Entered Light","floor":11.0,"gold_loss":0.0,"damage_taken":15.0,"cards_upgraded":["Strike_MRS","ShootingEcho"]}],"is_beta":false,"boss_relics":[],"items_purged_floors":[],"is_endless":false,"potions_floor_spawned":[4,8,14],"killed_by":"Fading Forest","ascension_level":1}}