{"host":"gjfulft9y42c2y2c","time":1611665297,"event":{"mods":["AchievementEnabler","BaseMod","Colored Map","DeckTracker","Keyboard Shortcuts","Minty Spire (QoL Compilation)","Permanent Neow","StSLib","SuperFastMode","everything is the same but u backflip on backflip"],"gold_per_floor":[109,127,127,140,153,182,182,209,280,298,298,298,31,47,47,171,171,194,44,64,164,188,188,188,188],"floor_reached":24,"language":"KOR","playtime":1004,"items_purged":["Strike_G"],"score":374,"play_id":"3f62700b-d156-490b-8f98-4847c5cbd49c","local_time":"20210126214817","is_ascension_mode":true,"campfire_choices":[{"floor":7,"key":"REST"},{"data":"Masterful Stab","floor":11,"key":"SMITH"},{"data":"Prepared","floor":15,"key":"SMITH"},{"data":"Acrobatics","floor":23,"key":"SMITH"}],"circlet_count":0,"master_deck":["Strike_G","Strike_G","Strike_G","Strike_G","Defend_G","Defend_G","Defend_G","Defend_G","Defend_G","Survivor","Neutralize","PiercingWail","Endless Agony","Masterful Stab+1","Cloak And Dagger","Deflect","Blur","Quick Slash","Well Laid Plans","Corpse Explosion","Blade Dance","Backflip","Deadly Poison","Prepared+1","Bullet Time","Footwork+1","Catalyst+1","Acrobatics+1"],"relics":["Ring of the Snake","Ginger","Meat on the Bone","Turnip","Bottled Flame","Golden Idol","Orrery","Snecko Eye","Lantern"],"acts_visited":["Exordium","TheCity"],"potions_floor_usage":[8,8,16,24,24],"damage_taken":[{"damage":0,"enemies":"Jaw Worm","floor":1,"turns":5},{"damage":0,"enemies":"2 Louse","floor":2,"turns":3},{"damage":0,"enemies":"Cultist","floor":4,"turns":4},{"damage":3,"enemies":"Blue Slaver","floor":5,"turns":3},{"damage":45,"enemies":"Gremlin Nob","floor":6,"turns":5},{"damage":21,"enemies":"3 Sentries","floor":8,"turns":9},{"damage":0,"enemies":"Looter","floor":10,"turns":3},{"damage":3,"enemies":"Exordium Thugs","floor":14,"turns":4},{"damage":0,"enemies":"The Guardian","floor":16,"turns":11},{"damage":15,"enemies":"Chosen","floor":18,"turns":6},{"damage":0,"enemies":"3 Byrds","floor":20,"turns":3},{"damage":9,"enemies":"Cultist and Chosen","floor":22,"turns":6},{"damage":37,"enemies":"Book of Stabbing","floor":24,"turns":6}],"seed_played":"-2517432895707624448","potions_obtained":[{"floor":2,"key":"Dexterity Potion"},{"floor":6,"key":"Strength Potion"},{"floor":8,"key":"EssenceOfSteel"},{"floor":10,"key":"Block Potion"},{"floor":16,"key":"SpeedPotion"},{"floor":18,"key":"FearPotion"}],"is_trial":false,"path_per_floor":["M","M","?","M","M","E","R","E","T","M","R","?","$","M","R","B",null,"M","$","M","?","M","R","E"],"character_chosen":"THE_SILENT","items_purchased":["Well Laid Plans","Orrery","Lantern"],"campfire_rested":1,"item_purchase_floors":[13,13,19],"current_hp_per_floor":[63,63,63,63,60,15,36,27,27,39,39,39,39,36,36,36,58,43,43,43,43,34,34,0,0],"gold":188,"neow_bonus":"ONE_RARE_RELIC","is_daily":false,"chose_seed":false,"campfire_upgraded":3,"win_rate":0.0,"timestamp":1611665297,"path_taken":["M","M","?","M","M","E","R","E","T","M","R","?","$","M","R","BOSS","M","$","M","?","M","R","E"],"items_purchased_type":["Card","Relic","Relic"],"build_version":"2020-12-22","purchased_purges":1,"victory":false,"max_hp_per_floor":[70,70,70,70,70,70,70,70,70,70,70,65,65,65,65,65,65,65,65,65,65,65,65,65,65],"card_choices":[{"not_picked":["Tactician","Expertise"],"picked":"PiercingWail","floor":1},{"not_picked":["Distraction","All Out Attack"],"picked":"Endless Agony","floor":2},{"not_picked":["Choke","Caltrops"],"picked":"Masterful Stab","floor":4},{"not_picked":["Finisher","Deflect"],"picked":"Cloak And Dagger","floor":5},{"not_picked":["Predator","Distraction"],"picked":"Deflect","floor":6},{"not_picked":["Heel Hook","Eviscerate"],"picked":"Blur","floor":8},{"not_picked":["Flying Knee","Storm of Steel"],"picked":"Quick Slash","floor":10},{"not_picked":["Dagger Throw","Infinite Blades"],"picked":"Corpse Explosion","floor":13},{"not_picked":["PiercingWail","Tools of the Trade"],"picked":"Blade Dance","floor":13},{"not_picked":["Deflect","Leg Sweep"],"picked":"Backflip","floor":13},{"not_picked":["Outmaneuver","Sucker Punch"],"picked":"Deadly Poison","floor":13},{"not_picked":["Dagger Spray","Expertise"],"picked":"Prepared","floor":14},{"not_picked":["Malaise","Envenom"],"picked":"Bullet Time","floor":16},{"not_picked":["Choke+1","Dagger Spray"],"picked":"Footwork+1","floor":18},{"not_picked":["Skewer","Prepared"],"picked":"Catalyst+1","floor":20},{"not_picked":["Footwork+1","Deflect"],"picked":"Acrobatics","floor":22}],"player_experience":272765,"relics_obtained":[{"floor":6,"key":"Meat on the Bone"},{"floor":8,"key":"Turnip"},{"floor":9,"key":"Bottled Flame"}],"event_choices":[{"cards_removed":["Doubt"],"damage_healed":0,"gold_gain":0,"player_choice":"Forget","damage_taken":0,"max_hp_gain":0,"max_hp_loss":0,"event_name":"Living Wall","floor":3,"gold_loss":0},{"damage_healed":0,"gold_gain":0,"player_choice":"Lose Max HP","damage_taken":0,"relics_obtained":["Golden Idol"],"max_hp_gain":0,"max_hp_loss":5,"event_name":"Golden Idol","floor":12,"gold_loss":0},{"damage_healed":0,"gold_gain":100,"player_choice":"Pray","damage_taken":0,"max_hp_gain":0,"max_hp_loss":0,"event_name":"Golden Shrine","floor":21,"gold_loss":0}],"is_beta":false,"boss_relics":[{"not_picked":["Black Star","SacredBark"],"picked":"Snecko Eye"}],"items_purged_floors":[13],"is_endless":false,"potions_floor_spawned":[2,6,8,10,16,18],"killed_by":"Book of Stabbing","ascension_level":9}}