{"host":"bpkhhmvsfrvlto2l","time":1611672949,"event":{"mods":["2.2 Compatiblity","AchievementEnabler","Act Like it!","AlwaysNeverKeys","Aspiration","BaseMod","Better Silent Start","Challenge The Spire","Colored Map","Colored Powertips","Custom Start","Energized Spire","Friendly Minions","GifTheSpireLib","Halation","Hubris","Infinite Spire","Ironclad Rager","Mimic Mod","Minty Spire (QoL Compilation)","Permanent Neow","Quick Restart","Random Character Button","Relic Sorter","Replay The Spire","Spikes Relics","StSLib","Stuff the Spire","Swap Starting Deck Mod","Trackpad"],"gold_per_floor":[112,112,127,127,127,127,139,167,167,167,187,201,215,241,241,341,341,360,373,220,233,253,280,280,309,343,363,363,363,363,388,388,487,537,552,552,247,247,260,260,289,302,326,326,426,443,219,219,219,219],"floor_reached":51,"language":"ENG","playtime":1352,"items_purged":[],"score":1263,"play_id":"0e0d7e73-21c3-4b16-90ad-88ba0719bc83","local_time":"20210126095549","is_ascension_mode":true,"campfire_choices":[{"floor":6,"key":"REST"},{"data":"Gash","floor":10,"key":"SMITH"},{"floor":15,"key":"REST"},{"data":"Rip and Tear","floor":24,"key":"SMITH"},{"data":"Gash","floor":28,"key":"SMITH"},{"floor":32,"key":"REST"},{"data":"Gash","floor":40,"key":"SMITH"},{"data":"Gash","floor":44,"key":"SMITH"},{"data":"Gash","floor":49,"key":"SMITH"}],"circlet_count":0,"master_deck":["AscendersBane","Gash+1","Gash+1","Gash+1","Gash+1","Rip and Tear+1","Reprogram+1","Steam","Steam+1","Steam+1","Steam+1","Gash+1","Gash+1","Gash+1","Reprogram+1"],"relics":["Cracked Core","Pantograph","SpikesRelics:ToyHorsey","Nunchaku","aspiration:PoetsPen_weak","Membership Card","StuffTheSpire:Wildfire","infinitespire:CheckeredPen","hubris:TenFootPole","Tiny House","BicycleWheel","ClockworkSouvenir","halation:Diary","Replay:Mystery Machine","infinitespire:Freezer","hubris:Spice","DollysMirror"],"acts_visited":["Exordium","TheCity","TheBeyond"],"potions_floor_usage":[8,14,16,16,21,23,33,34],"damage_taken":[{"damage":0,"enemies":"Small Slimes","floor":1,"turns":3},{"damage":0,"enemies":"2 Louse","floor":3,"turns":2},{"damage":0,"enemies":"Cultist","floor":7,"turns":3},{"damage":10,"enemies":"Lagavulin","floor":8,"turns":4},{"damage":4,"enemies":"Lots of Slimes","floor":11,"turns":3},{"damage":0,"enemies":"3 Louse","floor":12,"turns":3},{"damage":0,"enemies":"Gremlin Gang","floor":13,"turns":3},{"damage":5,"enemies":"Gremlin Nob","floor":14,"turns":3},{"damage":0,"enemies":"Slime Boss","floor":16,"turns":6},{"damage":6,"enemies":"Shell Parasite","floor":18,"turns":3},{"damage":4,"enemies":"2 Thieves","floor":19,"turns":3},{"damage":3,"enemies":"Snecko","floor":21,"turns":4},{"damage":0,"enemies":"Cultist and Chosen","floor":22,"turns":3},{"damage":26,"enemies":"Slavers","floor":23,"turns":4},{"damage":14,"enemies":"Book of Stabbing","floor":25,"turns":3},{"damage":0,"enemies":"Shelled Parasite and Fungi","floor":26,"turns":3},{"damage":0,"enemies":"Shelled Parasite and Fungi","floor":27,"turns":2},{"damage":6,"enemies":"Collector","floor":33,"turns":4},{"damage":2,"enemies":"3 Darklings","floor":35,"turns":3},{"damage":0,"enemies":"3 Shapes","floor":39,"turns":3},{"damage":14,"enemies":"Nemesis","floor":41,"turns":3},{"damage":0,"enemies":"Sphere and 2 Shapes","floor":42,"turns":2},{"damage":0,"enemies":"Spire Growth","floor":46,"turns":2},{"damage":16,"enemies":"Donu and Deca","floor":50,"turns":4}],"seed_played":"1869882418213503095","potions_obtained":[{"floor":3,"key":"SkillPotion"},{"floor":8,"key":"AttackPotion"},{"floor":11,"key":"Languid Potion"},{"floor":14,"key":"LiquidMemories"},{"floor":18,"key":"Block Potion"},{"floor":21,"key":"Block Potion"},{"floor":25,"key":"AttackPotion"},{"floor":34,"key":"Fruit Juice"},{"floor":39,"key":"AttackPotion"},{"floor":46,"key":"ColorlessPotion"}],"is_trial":false,"path_per_floor":["M","?","M","?","?","R","M","E","T","R","M","M","M","E","R","B",null,"M","M","$","M","M","E","R","E","MIM","M","R","$","?","T","R","B",null,"M","?","$","AVR","M","R","E","M","T","R","?","M","$","?","R","B",null],"character_chosen":"DEFECT","items_purchased":["Membership Card","BicycleWheel","ClockworkSouvenir","infinitespire:BlackPotion","hubris:Spice","DollysMirror"],"campfire_rested":3,"item_purchase_floors":[20,37,37,37,47,47],"current_hp_per_floor":[34,19,19,19,19,41,41,31,31,31,27,27,27,22,44,69,74,68,64,64,61,61,35,35,21,21,21,21,21,21,21,43,62,82,80,80,80,80,80,80,66,66,66,66,66,66,74,74,74,77],"gold":219,"neow_bonus":"","is_daily":false,"chose_seed":false,"campfire_upgraded":6,"win_rate":0.0,"timestamp":1611672949,"path_taken":["M","?","M","?","?","R","?","E","T","R","M","M","M","E","R","BOSS","M","M","$","?","M","E","R","E","MIM","?","R","?","?","?","R","BOSS","M","?","?","AVR","M","R","E","M","T","R","?","?","$","?","R","BOSS"],"items_purchased_type":["Relic","Relic","Relic","Potion","Relic","Relic"],"build_version":"2020-12-22","purchased_purges":0,"victory":true,"max_hp_per_floor":[75,75,75,75,75,75,75,75,75,75,75,75,75,75,75,75,75,75,75,75,75,75,75,75,75,75,75,75,75,75,75,75,75,85,85,85,85,85,85,85,85,85,85,85,85,85,93,93,93,93],"card_choices":[{"not_picked":["White Noise","Turbo"],"picked":"Gash","floor":7},{"not_picked":["All For One","ReplaySolidLightProjector"],"picked":"Gash","floor":25},{"not_picked":["Barrage","StuffTheSpire:LoadUp+1"],"picked":"Gash+1","floor":42}],"player_experience":120458,"relics_obtained":[{"floor":8,"key":"Pantograph"},{"floor":9,"key":"SpikesRelics:ToyHorsey"},{"floor":14,"key":"Nunchaku"},{"floor":25,"key":"StuffTheSpire:Wildfire"},{"floor":26,"key":"infinitespire:CheckeredPen"},{"floor":31,"key":"hubris:TenFootPole"},{"floor":41,"key":"Replay:Mystery Machine"},{"floor":43,"key":"infinitespire:Freezer"}],"event_choices":[{"damage_healed":0,"gold_gain":0,"player_choice":"Entered Light","damage_taken":15,"max_hp_gain":0,"max_hp_loss":0,"event_name":"Shining Light","floor":2,"gold_loss":0,"cards_upgraded":["Steam","Steam"]},{"damage_healed":0,"gold_gain":0,"player_choice":"Forge","damage_taken":0,"max_hp_gain":0,"max_hp_loss":0,"event_name":"Accursed Blacksmith","floor":5,"gold_loss":0,"cards_upgraded":["Reprogram"]},{"damage_healed":0,"gold_gain":0,"player_choice":"Upgraded","damage_taken":0,"max_hp_gain":0,"max_hp_loss":0,"event_name":"Upgrade Shrine","floor":36,"gold_loss":0,"cards_upgraded":["Gash"]},{"damage_healed":0,"gold_gain":100,"player_choice":"Pray","damage_taken":0,"max_hp_gain":0,"max_hp_loss":0,"event_name":"Golden Shrine","floor":45,"gold_loss":0}],"is_beta":false,"boss_relics":[{"not_picked":["hubris:TerracottaHorce","StuffTheSpire:RunicHypercube"],"picked":"aspiration:PoetsPen_weak"},{"not_picked":["hubris:HollowSoul","halation:Risk"],"picked":"Tiny House"}],"items_purged_floors":[],"is_endless":false,"potions_floor_spawned":[3,8,11,14,18,21,25,39,46],"ascension_level":10}}