{"host":"n605f8gctjc87d7h","time":1611647780,"event":{"mods":["Aspiration","Bard","BaseMod","Better Match","Better Note","Better Skull","Better Third Choice","Conspire","Halation","Hermit","Infinite Spire","Minty Spire (QoL Compilation)","Replay The Spire","Retaliation","Shade Mod","Spicy Shops","StS++","StSLib","The IronCluck"],"gold_per_floor":[117,117,136,116,134,168,91,91,163,182,182,211,211,221,221,319,319,331,76,76,95,95,122,135,135,135,135,150,150,150,150,167,467,467,567,567,580,599,272,322,404,404,422,422,422,422,434,445,445,460,460,460,460],"floor_reached":52,"language":"ENG","playtime":3814,"items_purged":["Strike_P"],"score":717,"play_id":"9ac50fec-1dd3-441b-aaeb-e085b38e4794","local_time":"20210125235620","is_ascension_mode":true,"campfire_choices":[{"data":"BattleHymn","floor":8.0,"key":"SMITH"},{"floor":11.0,"key":"REST"},{"data":"FlyingSleeves","floor":13.0,"key":"SMITH"},{"floor":15.0,"key":"DIG"},{"floor":25.0,"key":"REST"},{"floor":34.0,"key":"REST"},{"floor":42.0,"key":"REST"},{"floor":44.0,"key":"REST"},{"floor":51,"key":"REST"}],"circlet_count":0,"master_deck":["Strike_P","Strike_P","Defend_P","Defend_P","Eruption","Vigilance","FlurryOfBlows","ForeignInfluence","Steam","Halt","WheelKick","Establishment+1","BattleHymn+1","ClearTheMind","FlyingSleeves+1","SpiritShield","CurseOfTheBell","SandsOfTime","DeceiveReality","Protect+1","Replay:BluntJabs+1","Evaluate+1","FlyingSleeves+1","Replay:ManipulateFuture+1","BattleHymn","Parasite","Crescendo"],"relics":["HolyWater","MealTicket","conspire:BottledYoYo","infinitespire:Beetle Shell","Shovel","Calling Bell","Pear","Simple Rune","infinitespire:CursedDice","PreservedInsect","infinitespire:CheckeredPen","halation:BottledLove","Old Coin","Mercury Hourglass","Turnip","Dream Catcher","Garlic"],"acts_visited":["Exordium","TheCity","TheBeyond"],"potions_floor_usage":[],"damage_taken":[{"damage":2.0,"enemies":"Jaw Worm","floor":1.0,"turns":3.0},{"damage":0.0,"enemies":"Cultist","floor":3.0,"turns":3.0},{"damage":0.0,"enemies":"2 Louse","floor":5.0,"turns":3.0},{"damage":17.0,"enemies":"Gremlin Nob","floor":6.0,"turns":5.0},{"damage":10.0,"enemies":"Exordium Thugs","floor":10.0,"turns":6.0},{"damage":7.0,"enemies":"Replay:BlueRogue","floor":12.0,"turns":5.0},{"damage":0.0,"enemies":"Large Slime","floor":14.0,"turns":2.0},{"damage":0.0,"enemies":"Fading Forest","floor":16.0,"turns":11.0},{"damage":3.0,"enemies":"Shell Parasite","floor":18.0,"turns":5.0},{"damage":13.0,"enemies":"3 Byrds","floor":21.0,"turns":6.0},{"damage":46.0,"enemies":"Slavers","floor":23.0,"turns":5.0},{"damage":0.0,"enemies":"3 Cultists","floor":24.0,"turns":5.0},{"damage":3.0,"enemies":"Snecko","floor":28.0,"turns":6.0},{"damage":17.0,"enemies":"Centurion and Healer","floor":32.0,"turns":5.0},{"damage":69.0,"enemies":"Collector","floor":35.0,"turns":10.0},{"damage":9.0,"enemies":"3 Darklings","floor":37.0,"turns":11.0},{"damage":4.0,"enemies":"Orb Walker","floor":38.0,"turns":5.0},{"damage":9.0,"enemies":"Mind Bloom Boss Battle","floor":40.0,"turns":10.0},{"damage":33.0,"enemies":"Sphere and 2 Shapes","floor":43.0,"turns":4.0},{"damage":25.0,"enemies":"3 Darklings","floor":47.0,"turns":6.0},{"damage":28.0,"enemies":"Transient","floor":48.0,"turns":5.0},{"damage":16,"enemies":"Writhing Mass","floor":50,"turns":7},{"damage":35,"enemies":"conspire:OrnateMirror","floor":52,"turns":5}],"seed_played":"7331619871905055341","potions_obtained":[{"floor":4.0,"key":"StSpp:ScatteredWeakPotion"},{"floor":10.0,"key":"SpeedPotion"},{"floor":12.0,"key":"BlessingOfTheForge"},{"floor":16.0,"key":"StSpp:InhibitionPotion"},{"floor":23.0,"key":"PowerPotion"},{"floor":24.0,"key":"Strength Potion"},{"floor":35.0,"key":"Adrenaline Potion"},{"floor":37.0,"key":"FearPotion"},{"floor":38.0,"key":"SneckoOil"},{"floor":41.0,"key":"FairyPotion"},{"floor":41.0,"key":"AttackPotion"},{"floor":43.0,"key":"Explosive Potion"}],"is_trial":false,"path_per_floor":["M","?","M","?","M","E","$","R","T","M","R","E","R","M","R","B",null,"M","$","?","M","?","E","M","R","T","?","M","$","PTL","PTL","M","AVR","R","B",null,"M","M","$","?","?","R","M","R","T","?","M","M","T","M","R","B"],"character_chosen":"WATCHER","items_purchased":["BattleHymn","SandsOfTime","PreservedInsect","Mercury Hourglass"],"campfire_rested":6,"item_purchase_floors":[7,19,19,39],"current_hp_per_floor":[63,63,63,63,63,46,61,61,61,51,72,65,65,65,65,65,80,77,82,82,69,69,23,23,47,47,47,44,59,59,59,42,42,66,29,69,60,56,71,62,30,54,21,45,45,45,20,24,24,8,32,0,0],"gold":460,"neow_bonus":"REMOVE_CARD","is_daily":false,"chose_seed":false,"campfire_upgraded":2,"win_rate":0.0,"timestamp":1611647780,"path_taken":["M","?","M","?","M","E","$","R","T","M","R","E","R","M","R","BOSS","M","$","?","M","?","E","?","R","T","?","M","?","PTL","PTL","M","AVR","R","BOSS","M","?","$","?","?","R","M","R","T","?","M","?","?","M","R","BOSS"],"items_purchased_type":["Card","Card","Relic","Relic"],"build_version":"2020-12-22","purchased_purges":1,"victory":false,"max_hp_per_floor":[72,72,72,72,72,72,72,72,72,72,72,72,72,72,72,72,82,82,82,82,82,82,82,82,82,82,82,82,82,82,82,82,82,82,82,82,82,82,82,82,82,82,82,82,82,82,82,82,82,82,82,82,82],"card_choices":[{"not_picked":["Replay:Anticipation","CutThroughFate"],"picked":"FlurryOfBlows","floor":1.0},{"not_picked":["Consecrate","LikeWater"],"picked":"Halt","floor":3.0},{"not_picked":["CutThroughFate","ClearTheMind"],"picked":"WheelKick","floor":5.0},{"not_picked":["StSpp:TimeDodge","MentalFortress"],"picked":"Establishment","floor":6.0},{"not_picked":["Collect","StSpp:Renounce"],"picked":"ClearTheMind","floor":10.0},{"not_picked":["StSpp:LatentStrike","Pray"],"picked":"FlyingSleeves","floor":12.0},{"not_picked":["StSpp:Renounce","DevaForm","Replay:BluntJabs"],"picked":"SKIP","floor":14.0},{"not_picked":["Blasphemy","Judgement"],"picked":"SpiritShield","floor":16.0},{"not_picked":["CutThroughFate","StSpp:Renounce","Wallop+1"],"picked":"SKIP","floor":18.0},{"not_picked":["CutThroughFate","StSpp:Renounce","Wallop+1"],"picked":"SKIP","floor":18.0},{"not_picked":["Replay:AtTheReady","Replay:ManipulateFuture"],"picked":"DeceiveReality","floor":21.0},{"not_picked":["StSpp:Renounce+1","WaveOfTheHand"],"picked":"Protect+1","floor":23.0},{"not_picked":["ReachHeaven+1","CrushJoints","BowlingBash+1"],"picked":"SKIP","floor":24.0},{"not_picked":["Replay:ManipulateFuture","EmptyBody","StSpp:TimeDodge"],"picked":"SKIP","floor":28.0},{"not_picked":["Tantrum","StSpp:Chanting","StSpp:LatentStrike+1"],"picked":"SKIP","floor":32.0},{"not_picked":["StSpp:Renounce","EmptyFist+1"],"picked":"Replay:BluntJabs+1","floor":37.0},{"not_picked":["PathToVictory","StSpp:LatentStrike"],"picked":"Evaluate+1","floor":38.0},{"not_picked":["PathToVictory","DeusExMachina"],"picked":"FlyingSleeves+1","floor":41.0},{"not_picked":["Pray","PathToVictory+1","Replay:BluntJabs"],"picked":"SKIP","floor":43.0},{"not_picked":["ForeignInfluence","FlurryOfBlows+1"],"picked":"Replay:ManipulateFuture+1","floor":44.0},{"not_picked":["FollowUp","Replay:Anticipation+1"],"picked":"BattleHymn","floor":47.0},{"not_picked":["Evaluate","Fasting2+1","SashWhip"],"picked":"SKIP","floor":48.0},{"not_picked":["StSpp:LatentStrike+1","ClearTheMind+1","ThirdEye"],"picked":"SKIP","floor":50},{"not_picked":["Establishment","StSpp:Renounce"],"picked":"Crescendo","floor":51}],"player_experience":647382,"relics_obtained":[{"floor":6.0,"key":"MealTicket"},{"floor":9.0,"key":"conspire:BottledYoYo"},{"floor":12.0,"key":"infinitespire:Beetle Shell"},{"floor":15.0,"key":"Shovel"},{"floor":17.0,"key":"Pear"},{"floor":17.0,"key":"Simple Rune"},{"floor":17.0,"key":"infinitespire:CursedDice"},{"floor":23.0,"key":"infinitespire:CheckeredPen"},{"floor":26.0,"key":"halation:BottledLove"},{"floor":40.0,"key":"Turnip"},{"floor":41.0,"key":"Dream Catcher"},{"floor":45.0,"key":"Garlic"}],"event_choices":[{"damage_healed":0.0,"max_hp_gain":0.0,"max_hp_loss":0.0,"gold_gain":0.0,"event_name":"The Woman in Blue","player_choice":"Bought 1 Potion","floor":4.0,"gold_loss":0.0,"damage_taken":0.0},{"damage_healed":0.0,"max_hp_gain":0.0,"max_hp_loss":0.0,"gold_gain":0.0,"event_name":"conspire:Investor","player_choice":"Leave","floor":20.0,"gold_loss":0.0,"damage_taken":0.0},{"damage_healed":0.0,"max_hp_gain":0.0,"max_hp_loss":0.0,"gold_gain":0.0,"event_name":"Transmorgrifier","player_choice":"Ignored","floor":22.0,"gold_loss":0.0,"damage_taken":0.0},{"damage_healed":0.0,"max_hp_gain":0.0,"max_hp_loss":0.0,"gold_gain":0.0,"event_name":"Cursed Tome","player_choice":"Ignored","floor":27.0,"gold_loss":0.0,"damage_taken":0.0},{"damage_healed":0.0,"max_hp_gain":0.0,"max_hp_loss":0.0,"gold_gain":0.0,"event_name":"MindBloom","player_choice":"Fight","floor":40.0,"gold_loss":0.0,"damage_taken":0.0},{"damage_healed":0.0,"max_hp_gain":0.0,"max_hp_loss":0.0,"gold_gain":0.0,"event_name":"Accursed Blacksmith","player_choice":"Forge","floor":46.0,"gold_loss":0.0,"damage_taken":0.0,"cards_upgraded":["Establishment"]}],"is_beta":false,"boss_relics":[{"not_picked":["Abe\u0027s Treasure","Empty Cage"],"picked":"Calling Bell"},{"not_picked":["Velvet Choker","aspiration:RitualDagger"],"picked":"HolyWater"}],"items_purged_floors":[39],"is_endless":false,"potions_floor_spawned":[10,12,16,23,24,35,37,38,43],"killed_by":"conspire:OrnateMirror","ascension_level":6}}