{"host":"lip44byzewa3adv8","time":1611621827,"event":{"mods":["BaseMod","Curses Come First","Minty Spire (QoL Compilation)","Relic Sorter","Relic Stats","StSLib","Synergy Search"],"gold_per_floor":[118,131,131,144,156,156,184,184,211,228,244,260,300,260,260,364,364,376,9,31,55,79,79,113,135,135,135,60,60,60,60],"floor_reached":30,"language":"ENG","playtime":1263,"items_purged":["Strike_R"],"score":343,"play_id":"6fccb238-5dd5-4287-a4ad-8b2b82a24fd7","local_time":"20210125194347","is_ascension_mode":true,"campfire_choices":[{"data":"Clothesline","floor":6.0,"key":"SMITH"},{"floor":15,"key":"REST"},{"floor":23,"key":"REST"}],"circlet_count":0,"master_deck":["Strike_R","Strike_R","Defend_R","Defend_R","Defend_R","Bash+1","Clothesline+1","Dark Embrace","Entrench","Carnage","Reaper","Carnage","Clothesline","Sever Soul","Flame Barrier","Bludgeon","Carnage+1"],"relics":["Snecko Eye","Bronze Scales","Centennial Puzzle","Empty Cage","Incense Burner","Prayer Wheel","Eternal Feather","Nloth\u0027s Gift"],"acts_visited":["Exordium","TheCity"],"potions_floor_usage":[12,16,16,16,24,30],"damage_taken":[{"damage":1.0,"enemies":"Small Slimes","floor":1.0,"turns":5.0},{"damage":0.0,"enemies":"Cultist","floor":2.0,"turns":3.0},{"damage":2.0,"enemies":"2 Louse","floor":4.0,"turns":2.0},{"damage":3.0,"enemies":"Lots of Slimes","floor":5.0,"turns":4.0},{"damage":20.0,"enemies":"Lagavulin","floor":7.0,"turns":6.0},{"damage":4.0,"enemies":"2 Fungi Beasts","floor":10.0,"turns":4.0},{"damage":10,"enemies":"3 Louse","floor":11,"turns":2},{"damage":10,"enemies":"Exordium Thugs","floor":12,"turns":3},{"damage":20,"enemies":"Gremlin Nob","floor":13,"turns":4},{"damage":24,"enemies":"The Guardian","floor":16,"turns":9},{"damage":3,"enemies":"Chosen","floor":18,"turns":2},{"damage":9,"enemies":"Shell Parasite","floor":20,"turns":2},{"damage":31,"enemies":"Snake Plant","floor":21,"turns":3},{"damage":3,"enemies":"Cultist and Chosen","floor":22,"turns":3},{"damage":46,"enemies":"Slavers","floor":24,"turns":3},{"damage":15,"enemies":"Centurion and Healer","floor":25,"turns":4},{"damage":15,"enemies":"Snake Plant","floor":30,"turns":1}],"seed_played":"-2244745917320793056","potions_obtained":[{"floor":1.0,"key":"Block Potion"},{"floor":2.0,"key":"AttackPotion"},{"floor":4.0,"key":"SpeedPotion"},{"floor":7.0,"key":"Energy Potion"},{"floor":14,"key":"ColorlessPotion"},{"floor":14,"key":"CultistPotion"},{"floor":14,"key":"AttackPotion"},{"floor":21,"key":"DistilledChaos"},{"floor":24,"key":"EssenceOfSteel"}],"is_trial":false,"path_per_floor":["M","M","?","M","M","R","E","?","T","M","M","M","E","?","R","B",null,"M","$","M","M","M","R","E","M","T","?","$","?","M"],"character_chosen":"IRONCLAD","items_purchased":["Incense Burner","Carnage"],"campfire_rested":2,"item_purchase_floors":[19,19],"current_hp_per_floor":[71,71,71,69,66,66,46,46,46,42,32,22,2,2,26,2,61,64,64,59,32,37,61,29,22,22,7,7,7,0,0],"gold":60,"neow_bonus":"BOSS_RELIC","is_daily":false,"chose_seed":false,"campfire_upgraded":1,"win_rate":0.0,"timestamp":1611621827,"path_taken":["M","M","?","M","?","R","E","?","T","?","M","M","E","?","R","BOSS","M","$","M","?","M","R","E","M","T","?","$","?","M"],"items_purchased_type":["Relic","Card"],"build_version":"2020-12-22","purchased_purges":1,"victory":false,"max_hp_per_floor":[80,80,80,80,80,80,80,80,80,80,80,80,80,80,80,80,80,80,80,80,80,80,80,80,80,80,85,85,85,85,85],"relic_stats":{"Centennial Puzzle":[24],"counters":[17,60],"Bronze Scales":[113],"Snecko Eye":[103,114,125,110],"Prayer Wheel":1,"Eternal Feather":0,"Nloth\u0027s Gift":0,"obtain_stats":[{"Centennial Puzzle":13,"Bronze Scales":7,"CeramicFish":9,"Snecko Eye":0,"Prayer Wheel":24,"Eternal Feather":26,"Incense Burner":19,"Nloth\u0027s Gift":29,"Empty Cage":17,"Burning Blood":0},{"Centennial Puzzle":9,"Bronze Scales":5,"CeramicFish":5,"Snecko Eye":0,"Prayer Wheel":15,"Eternal Feather":16,"Incense Burner":11,"Nloth\u0027s Gift":16,"Empty Cage":10,"Burning Blood":0},{"Centennial Puzzle":33,"Bronze Scales":20,"CeramicFish":20,"Snecko Eye":0,"Prayer Wheel":55,"Eternal Feather":59,"Incense Burner":44,"Nloth\u0027s Gift":59,"Empty Cage":42,"Burning Blood":0}]},"card_choices":[{"not_picked":["Body Slam","Sentinel","Iron Wave"],"picked":"SKIP","floor":1.0},{"not_picked":["Searing Blow","Headbutt","Shrug It Off"],"picked":"SKIP","floor":2.0},{"not_picked":["Twin Strike","Sever Soul"],"picked":"Clothesline","floor":4.0},{"not_picked":["Clothesline","Clash"],"picked":"Dark Embrace","floor":5.0},{"not_picked":["Perfected Strike","True Grit"],"picked":"Entrench","floor":7.0},{"not_picked":["Combust","Iron Wave","Intimidate"],"picked":"SKIP","floor":10.0},{"not_picked":["True Grit","Sword Boomerang","Pommel Strike"],"picked":"SKIP","floor":11},{"not_picked":["Exhume","Cleave","Flex"],"picked":"SKIP","floor":12},{"not_picked":["Havoc","Cleave"],"picked":"Carnage","floor":13},{"not_picked":["Limit Break","Juggernaut"],"picked":"Reaper","floor":16},{"not_picked":["Clash","Fire Breathing","Cleave"],"picked":"SKIP","floor":18},{"not_picked":["Dropkick","Wild Strike"],"picked":"Clothesline","floor":20},{"not_picked":["Clash+1","Second Wind"],"picked":"Sever Soul","floor":21},{"not_picked":["Shockwave","Cleave"],"picked":"Flame Barrier","floor":22},{"not_picked":["Armaments","Pommel Strike"],"picked":"Bludgeon","floor":24},{"not_picked":["True Grit+1","Combust"],"picked":"Carnage+1","floor":25},{"not_picked":["Second Wind+1","Perfected Strike","Iron Wave"],"picked":"SKIP","floor":25}],"player_experience":764396,"relics_obtained":[{"floor":7.0,"key":"Bronze Scales"},{"floor":9.0,"key":"CeramicFish"},{"floor":13,"key":"Centennial Puzzle"},{"floor":24,"key":"Prayer Wheel"},{"floor":26,"key":"Eternal Feather"}],"event_choices":[{"damage_healed":0.0,"max_hp_gain":0.0,"max_hp_loss":0.0,"gold_gain":0.0,"event_name":"Upgrade Shrine","player_choice":"Upgraded","floor":3.0,"gold_loss":0.0,"damage_taken":0.0,"cards_upgraded":["Bash"]},{"cards_removed":["Strike_R"],"damage_healed":0.0,"max_hp_gain":0.0,"max_hp_loss":0.0,"gold_gain":0.0,"event_name":"Purifier","player_choice":"Purged","floor":8.0,"gold_loss":0.0,"damage_taken":0.0},{"damage_healed":0,"gold_gain":0,"player_choice":"Bought 3 Potions","damage_taken":0,"max_hp_gain":0,"max_hp_loss":0,"event_name":"The Woman in Blue","floor":14,"gold_loss":0},{"damage_healed":0,"gold_gain":0,"player_choice":"Shed Blood","damage_taken":20,"max_hp_gain":5,"max_hp_loss":0,"event_name":"Forgotten Altar","floor":27,"gold_loss":0},{"damage_healed":0,"gold_gain":0,"player_choice":"Traded Relic","damage_taken":0,"relics_obtained":["Nloth\u0027s Gift"],"max_hp_gain":0,"max_hp_loss":0,"event_name":"N\u0027loth","floor":29,"relics_lost":["CeramicFish"],"gold_loss":0}],"is_beta":false,"boss_relics":[{"not_picked":["Runic Cube","Runic Dome"],"picked":"Empty Cage"}],"items_purged_floors":[28],"is_endless":false,"potions_floor_spawned":[1,2,4,7,21,24],"killed_by":"Snake Plant","ascension_level":6}}