{"host":"bxn2em57qlx5u4i0","time":1611639883,"event":{"mods":["BaseMod","Colored Map","Colored Powertips","Highlight Path","Minty Spire (QoL Compilation)","Random Character Button","Relic Sorter","Relic Stats","StSLib","SuperFastMode"],"gold_per_floor":[112,112,112,112,127,165,206,242,265,265,599,622,665,40,40,139,139,163,163,163,201,151,182,213,254,277,310,354,366,409,457,469,570,582,619,177,177,190,224,257,300,344,344,383,423,462,496,192,192,192,192,192,192,11,49,49],"floor_reached":57,"language":"ENG","playtime":2439,"items_purged":["Pommel Strike","Heavy Blade","Iron Wave"],"score":4319,"play_id":"edbd72be-7bd7-483b-9dda-4e0a4c8c5dbe","local_time":"20210126004443","daily_mods":["SealedDeck","Heirloom","Flight","DeadlyEvents","Elite Swarm","Lethality"],"is_ascension_mode":true,"campfire_choices":[{"floor":10.0,"key":"REST"},{"data":"1","floor":15.0,"key":"LIFT"},{"data":"2","floor":29,"key":"LIFT"},{"data":"3","floor":32,"key":"LIFT"},{"floor":49,"key":"RECALL"},{"data":"Offering","floor":53,"key":"SMITH"}],"circlet_count":0,"master_deck":["AscendersBane","Flame Barrier+1","Heavy Blade","Pommel Strike","Heavy Blade+1","Armaments+1","Sword Boomerang","Pommel Strike+1","Thunderclap","Limit Break+1","Berserk","Feed","Barricade","Offering","Shrug It Off","Limit Break","Reaper","Offering+1","Feed","Corruption","Impervious","Limit Break","Dark Embrace","Exhume+1","Impervious+1","Impervious+1","Exhume+1","Finesse+1","Madness+1","Shrug It Off+1","Exhume+1"],"relics":["Burning Blood","Mango","Golden Idol","Smiling Mask","Toy Ornithopter","StoneCalendar","MealTicket","Old Coin","Magic Flower","Girya","Meat on the Bone","Coffee Dripper","Sundial","Ice Cream","Happy Flower","Champion Belt","Gambling Chip","War Paint","MawBank","Thread and Needle","Letter Opener","Black Star","Toxic Egg 2","Sling","Ancient Tea Set","Whetstone","Bottled Tornado","Shovel","Nunchaku","Pocketwatch","Bottled Lightning","Dead Branch","Torii","Gremlin Horn","PreservedInsect","TungstenRod","InkBottle","Bottled Flame","HornCleat","Singing Bowl","Turnip","Pantograph","ClockworkSouvenir","Ornamental Fan","Bag of Preparation"],"acts_visited":["Exordium","TheCity","TheBeyond","TheEnding"],"potions_floor_usage":[16,30,31,35,56,56],"damage_taken":[{"damage":0.0,"enemies":"Jaw Worm","floor":1.0,"turns":2.0},{"damage":0.0,"enemies":"2 Louse","floor":5.0,"turns":1.0},{"damage":41.0,"enemies":"Lagavulin","floor":6.0,"turns":6.0},{"damage":9.0,"enemies":"3 Sentries","floor":7.0,"turns":4.0},{"damage":23.0,"enemies":"Lagavulin","floor":8.0,"turns":5.0},{"damage":21.0,"enemies":"3 Sentries","floor":11.0,"turns":4.0},{"damage":6.0,"enemies":"Small Slimes","floor":12.0,"turns":2.0},{"damage":9.0,"enemies":"Gremlin Nob","floor":13.0,"turns":3.0},{"damage":52,"enemies":"Hexaghost","floor":16,"turns":7},{"damage":6,"enemies":"Spheric Guardian","floor":18,"turns":2},{"damage":24,"enemies":"Slavers","floor":21,"turns":2},{"damage":6,"enemies":"Gremlin Leader","floor":23,"turns":4},{"damage":32,"enemies":"Book of Stabbing","floor":24,"turns":3},{"damage":12,"enemies":"Gremlin Leader","floor":25,"turns":3},{"damage":12,"enemies":"Slavers","floor":27,"turns":2},{"damage":25,"enemies":"Gremlin Leader","floor":28,"turns":2},{"damage":20,"enemies":"Slavers","floor":30,"turns":3},{"damage":12,"enemies":"Book of Stabbing","floor":31,"turns":2},{"damage":40,"enemies":"Automaton","floor":33,"turns":3},{"damage":28,"enemies":"3 Darklings","floor":35,"turns":4},{"damage":12,"enemies":"Orb Walker","floor":38,"turns":1},{"damage":12,"enemies":"Reptomancer","floor":39,"turns":1},{"damage":33,"enemies":"Nemesis","floor":40,"turns":3},{"damage":18,"enemies":"Reptomancer","floor":41,"turns":2},{"damage":12,"enemies":"Nemesis","floor":42,"turns":3},{"damage":12,"enemies":"Reptomancer","floor":44,"turns":1},{"damage":15,"enemies":"Nemesis","floor":45,"turns":1},{"damage":20,"enemies":"Giant Head","floor":46,"turns":2},{"damage":15,"enemies":"Nemesis","floor":47,"turns":3},{"damage":10,"enemies":"Time Eater","floor":50,"turns":3},{"damage":15,"enemies":"Donu and Deca","floor":51,"turns":2},{"damage":15,"enemies":"Shield and Spear","floor":55,"turns":1},{"damage":32,"enemies":"The Heart","floor":56,"turns":6}],"seed_played":"-7163123357111506294","potions_obtained":[{"floor":1.0,"key":"Energy Potion"},{"floor":7.0,"key":"BlessingOfTheForge"},{"floor":11.0,"key":"EntropicBrew"},{"floor":21,"key":"Block Potion"},{"floor":28,"key":"DistilledChaos"},{"floor":30,"key":"DistilledChaos"},{"floor":33,"key":"DuplicationPotion"},{"floor":35,"key":"ElixirPotion"},{"floor":38,"key":"Block Potion"},{"floor":39,"key":"HeartOfIron"}],"is_trial":true,"path_per_floor":["M","?","?","$","M","E","E","E","T","R","E","M","E","$","R","B",null,"M","?","T","E","$","E","E","E","T","E","E","R","E","E","R","B",null,"M","$","?","M","E","E","E","E","T","E","E","E","E","$","R","B","B",null,"R","$","E","B",null],"character_chosen":"IRONCLAD","items_purchased":["Girya","Meat on the Bone","Toxic Egg 2","Sling","ClockworkSouvenir","Finesse+1","Madness+1","Shrug It Off+1"],"campfire_rested":1,"item_purchase_floors":[14,14,36,36,48,48,54,54],"current_hp_per_floor":[88,57,57,57,63,28,25,8,8,34,19,22,34,49,49,56,83,92,92,92,82,97,103,100,103,103,110,113,113,119,122,122,102,119,125,125,125,127,124,132,136,139,139,136,143,145,147,147,147,150,157,157,157,157,162,149],"gold":49,"neow_bonus":"","is_daily":false,"chose_seed":false,"campfire_upgraded":1,"win_rate":0.0,"timestamp":1611639883,"path_taken":["M","?","?","?","?","E","E","E","T","R","E","?","E","$","R","BOSS","M","?","?","?","$","E","E","E","T","E","E","R","E","E","R","BOSS","M","$","?","?","?","E","E","E","T","E","?","E","E","$","R","BOSS","BOSS","R","$","E","BOSS"],"items_purchased_type":["Relic","Relic","Relic","Relic","Relic","Card","Card","Card"],"build_version":"2020-12-22","purchased_purges":3,"victory":true,"max_hp_per_floor":[89,89,89,89,89,89,89,89,89,89,89,92,92,92,92,92,92,96,96,96,99,99,103,103,103,103,110,113,113,119,122,122,125,125,125,125,125,128,128,132,136,139,139,139,143,145,147,147,147,150,157,157,157,157,164,164],"relic_stats":{"Torii":0,"Gremlin Horn":[4,4],"Singing Bowl":4,"Magic Flower":[98],"StoneCalendar":[6],"Bag of Preparation":[2],"Whetstone":["Heavy Blade","Pommel Strike"],"Smiling Mask":150,"Burning Blood":163,"Nunchaku":[5],"Shovel":0,"Sundial":[12],"Gambling Chip":[42],"Pantograph":2,"MealTicket":30,"InkBottle":[14],"Happy Flower":[17],"counters":[33,93],"Golden Idol":282,"Dead Branch":[194],"PreservedInsect":307,"Letter Opener":[319],"War Paint":["Limit Break","Flame Barrier"],"MawBank":96,"Ornamental Fan":[16],"Turnip":[2],"Black Star":9,"Champion Belt":[33],"obtain_stats":[{"Ice Cream":21,"Torii":42,"Gremlin Horn":43,"Singing Bowl":46,"Magic Flower":13,"Mango":0,"StoneCalendar":8,"Bag of Preparation":55,"Whetstone":39,"Bottled Tornado":39,"Smiling Mask":6,"Sling":36,"Ancient Tea Set":37,"Burning Blood":0,"Old Coin":11,"ClockworkSouvenir":48,"Nunchaku":40,"Shovel":40,"HornCleat":46,"Sundial":20,"Gambling Chip":25,"Pantograph":47,"MealTicket":9,"Toxic Egg 2":36,"InkBottle":45,"Girya":14,"Happy Flower":23,"Golden Idol":2,"Dead Branch":42,"Thread and Needle":30,"PreservedInsect":44,"Letter Opener":31,"War Paint":27,"MawBank":28,"Bottled Flame":45,"Ornamental Fan":55,"Turnip":47,"Coffee Dripper":17,"Black Star":34,"Champion Belt":24,"Bottled Lightning":41,"Toy Ornithopter":7,"TungstenRod":44,"Meat on the Bone":14,"Pocketwatch":41},{"Ice Cream":11,"Torii":25,"Gremlin Horn":25,"Singing Bowl":28,"Magic Flower":8,"Mango":0,"StoneCalendar":5,"Bag of Preparation":32,"Whetstone":22,"Bottled Tornado":22,"Smiling Mask":3,"Sling":20,"Ancient Tea Set":20,"Burning Blood":0,"Old Coin":6,"ClockworkSouvenir":29,"Nunchaku":23,"Shovel":23,"HornCleat":28,"Sundial":10,"Gambling Chip":14,"Pantograph":29,"MealTicket":5,"Toxic Egg 2":20,"InkBottle":27,"Girya":8,"Happy Flower":12,"Golden Idol":1,"Dead Branch":25,"Thread and Needle":17,"PreservedInsect":26,"Letter Opener":18,"War Paint":15,"MawBank":16,"Bottled Flame":27,"Ornamental Fan":32,"Turnip":29,"Coffee Dripper":9,"Black Star":19,"Champion Belt":13,"Bottled Lightning":24,"Toy Ornithopter":4,"TungstenRod":26,"Meat on the Bone":8,"Pocketwatch":24},{"Ice Cream":38,"Torii":74,"Gremlin Horn":74,"Singing Bowl":78,"Magic Flower":27,"Mango":0,"StoneCalendar":18,"Bag of Preparation":87,"Whetstone":66,"Bottled Tornado":66,"Smiling Mask":9,"Sling":64,"Ancient Tea Set":64,"Burning Blood":0,"Old Coin":22,"ClockworkSouvenir":81,"Nunchaku":69,"Shovel":69,"HornCleat":78,"Sundial":36,"Gambling Chip":48,"Pantograph":81,"MealTicket":18,"Toxic Egg 2":64,"InkBottle":76,"Girya":27,"Happy Flower":42,"Golden Idol":2,"Dead Branch":74,"Thread and Needle":55,"PreservedInsect":75,"Letter Opener":57,"War Paint":50,"MawBank":52,"Bottled Flame":76,"Ornamental Fan":87,"Turnip":81,"Coffee Dripper":34,"Black Star":60,"Champion Belt":45,"Bottled Lightning":71,"Toy Ornithopter":13,"TungstenRod":75,"Meat on the Bone":27,"Pocketwatch":71}],"Toy Ornithopter":43,"TungstenRod":29,"Meat on the Bone":18,"Pocketwatch":[3]},"card_choices":[{"not_picked":["Perfected Strike","Sever Soul","Warcry"],"picked":"SKIP","floor":1.0},{"not_picked":["Shrug It Off","Wild Strike"],"picked":"Thunderclap","floor":5.0},{"not_picked":["Fiend Fire","Double Tap","Juggernaut"],"picked":"SKIP","floor":6.0},{"not_picked":["Impervious","Barricade"],"picked":"Limit Break","floor":7.0},{"not_picked":["Brutality","Double Tap"],"picked":"Berserk","floor":8.0},{"not_picked":["Berserk","Fiend Fire"],"picked":"Feed","floor":11.0},{"not_picked":["Pummel","Bloodletting","Seeing Red"],"picked":"SKIP","floor":12.0},{"not_picked":["Impervious","Double Tap"],"picked":"Barricade","floor":13.0},{"not_picked":["Juggernaut","Fiend Fire"],"picked":"Offering","floor":16},{"not_picked":["Clash","Twin Strike"],"picked":"Shrug It Off","floor":18},{"not_picked":["Fiend Fire","Berserk"],"picked":"Limit Break","floor":21},{"not_picked":["Offering","Fiend Fire"],"picked":"Reaper","floor":23},{"not_picked":["Immolate","Berserk"],"picked":"Offering","floor":24},{"not_picked":["Immolate","Double Tap"],"picked":"Feed","floor":25},{"not_picked":["Barricade","Bludgeon"],"picked":"Corruption","floor":27},{"not_picked":["Double Tap","Bludgeon","Juggernaut"],"picked":"SKIP","floor":28},{"not_picked":["Juggernaut","Berserk","Bludgeon"],"picked":"SKIP","floor":30},{"not_picked":["Double Tap","Demon Form"],"picked":"Impervious","floor":31},{"not_picked":["Fiend Fire","Barricade"],"picked":"Limit Break","floor":33},{"not_picked":["Pommel Strike+1","Clash","Flex"],"picked":"SKIP","floor":35},{"not_picked":["Clothesline+1","Armaments+1","Dark Embrace"],"picked":"SKIP","floor":38},{"not_picked":["Clothesline+1","Armaments+1"],"picked":"Dark Embrace","floor":38},{"not_picked":["Demon Form","Fiend Fire","Immolate"],"picked":"SKIP","floor":39},{"not_picked":["Double Tap+1","Fiend Fire"],"picked":"Exhume+1","floor":40},{"not_picked":["Demon Form","Immolate","Double Tap+1"],"picked":"SKIP","floor":41},{"not_picked":["Fiend Fire","Juggernaut"],"picked":"Impervious+1","floor":42},{"not_picked":["Barricade","Double Tap+1"],"picked":"Impervious+1","floor":44},{"not_picked":["Brutality","Berserk"],"picked":"Exhume+1","floor":45},{"not_picked":["Brutality","Barricade","Berserk"],"picked":"Singing Bowl","floor":46},{"not_picked":["Juggernaut","Limit Break+1","Fiend Fire"],"picked":"Singing Bowl","floor":47},{"not_picked":["Demon Form","Fiend Fire"],"picked":"Exhume+1","floor":55}],"player_experience":2937540,"relics_obtained":[{"floor":6.0,"key":"Smiling Mask"},{"floor":7.0,"key":"Toy Ornithopter"},{"floor":8.0,"key":"StoneCalendar"},{"floor":9.0,"key":"MealTicket"},{"floor":11.0,"key":"Old Coin"},{"floor":13.0,"key":"Magic Flower"},{"floor":20,"key":"Sundial"},{"floor":21,"key":"Ice Cream"},{"floor":23,"key":"Happy Flower"},{"floor":24,"key":"Champion Belt"},{"floor":25,"key":"Gambling Chip"},{"floor":27,"key":"War Paint"},{"floor":28,"key":"MawBank"},{"floor":30,"key":"Thread and Needle"},{"floor":31,"key":"Letter Opener"},{"floor":37,"key":"Ancient Tea Set"},{"floor":39,"key":"Whetstone"},{"floor":39,"key":"Bottled Tornado"},{"floor":40,"key":"Shovel"},{"floor":40,"key":"Nunchaku"},{"floor":41,"key":"Pocketwatch"},{"floor":41,"key":"Bottled Lightning"},{"floor":42,"key":"Dead Branch"},{"floor":42,"key":"Torii"},{"floor":43,"key":"Gremlin Horn"},{"floor":44,"key":"PreservedInsect"},{"floor":44,"key":"TungstenRod"},{"floor":45,"key":"InkBottle"},{"floor":45,"key":"Bottled Flame"},{"floor":46,"key":"HornCleat"},{"floor":46,"key":"Singing Bowl"},{"floor":47,"key":"Turnip"},{"floor":47,"key":"Pantograph"},{"floor":55,"key":"Ornamental Fan"},{"floor":55,"key":"Bag of Preparation"}],"event_choices":[{"damage_healed":0.0,"max_hp_gain":0.0,"max_hp_loss":0.0,"gold_gain":0.0,"event_name":"Golden Idol","player_choice":"Take Damage","floor":2.0,"gold_loss":0.0,"damage_taken":31.0,"relics_obtained":["Golden Idol"]},{"damage_healed":0.0,"max_hp_gain":0.0,"max_hp_loss":0.0,"gold_gain":0.0,"event_name":"Living Wall","player_choice":"Grow","floor":3.0,"gold_loss":0.0,"damage_taken":0.0,"cards_upgraded":["Armaments"]},{"damage_healed":0,"gold_gain":0,"player_choice":"Ignored","damage_taken":0,"max_hp_gain":0,"max_hp_loss":0,"event_name":"Ghosts","floor":19,"gold_loss":0},{"damage_healed":0,"gold_gain":0,"player_choice":"Relic","damage_taken":0,"max_hp_gain":0,"max_hp_loss":0,"event_name":"Wheel of Change","floor":37,"gold_loss":0}],"is_beta":false,"boss_relics":[{"not_picked":["Snecko Eye","Runic Dome"],"picked":"Coffee Dripper"},{"not_picked":["Astrolabe","Fusion Hammer"],"picked":"Black Star"}],"items_purged_floors":[22,48,54],"is_endless":false,"potions_floor_spawned":[1,7,11,21,28,30,33,35,38,39,40,42,55],"ascension_level":20}}