{"host":"kag8mfq4or8nkqb2","time":1611690857,"event":{"mods":["2.2 Compatiblity","BaseMod","Colored Map","Colored Powertips","Downfall","Minty Spire (QoL Compilation)","Relic Stats","StSLib"],"gold_per_floor":[99,114,389,407,407,114,114,130,160,610,610,629,629,14,29,132,132,132,143,156,231,22,35,35,35,35,35],"floor_reached":25,"language":"ENG","playtime":1636,"items_purged":["Regret","downfall:Malfunctioning","downfall:Icky"],"score":276,"play_id":"504d81f7-7c59-45d8-839b-ba42507a2fe4","local_time":"20210126195417","is_ascension_mode":true,"campfire_choices":[{"data":"hexamod:Float","floor":1,"key":"SMITH"},{"data":"hexamod:EtherealExpedition","floor":11,"key":"SMITH"},{"data":"hexamod:FastForward","floor":13,"key":"SMITH"},{"data":"hexamod:Rewind","floor":18,"key":"SMITH"}],"circlet_count":0,"master_deck":["hexamod:Strike","hexamod:Strike","hexamod:Strike+1","hexamod:Strike","hexamod:Defend","hexamod:Defend","hexamod:Defend","hexamod:Defend","hexamod:Sear+1","hexamod:Float+1","hexamod:TimeWarp","hexamod:GhostShield","hexamod:StepThrough+1","hexamod:EtherealExpedition+1","hexamod:GhostShield","hexamod:HauntingEcho+1","hexamod:RecurringNightmare","downfall:Icky","downfall:Icky","hexamod:FastForward+1","hexamod:Rewind+1","hexamod:UnleashSpirits+1","hexamod:Hexaguard","hexamod:EtherealExpedition","hexamod:GhostOfSpirePast"],"relics":["hexamod:SpiritBrand","Sling","Molten Egg 2","Kunai","Matryoshka","Mercury Hourglass","SlaversCollar","Vajra","Pantograph"],"acts_visited":["Exordium","TheCity"],"potions_floor_usage":[12,16,22,23],"damage_taken":[{"damage":0,"enemies":"Cultist","floor":2,"turns":3},{"damage":18,"enemies":"Jaw Worm","floor":4,"turns":6},{"damage":5,"enemies":"downfall:FleeingMerchant","floor":6,"turns":4},{"damage":0,"enemies":"2 Louse","floor":8,"turns":2},{"damage":10,"enemies":"Gremlin Nob","floor":9,"turns":3},{"damage":8,"enemies":"Exordium Thugs","floor":12,"turns":4},{"damage":5,"enemies":"downfall:FleeingMerchant","floor":14,"turns":4},{"damage":0,"enemies":"Gremlin Gang","floor":15,"turns":3},{"damage":8,"enemies":"IC_STATUS_ARCHETYPE","floor":16,"turns":7},{"damage":7,"enemies":"Chosen","floor":19,"turns":4},{"damage":0,"enemies":"Shell Parasite","floor":20,"turns":4},{"damage":3,"enemies":"downfall:FleeingMerchant","floor":22,"turns":4},{"damage":22,"enemies":"3 Cultists","floor":23,"turns":4},{"damage":42,"enemies":"Cultist and Chosen","floor":25,"turns":6}],"seed_played":"8971239409576010411","potions_obtained":[{"floor":8,"key":"bronze:BurnAndBuffPotion"},{"floor":9,"key":"EssenceOfSteel"},{"floor":12,"key":"Dexterity Potion"},{"floor":16,"key":"Explosive Potion"},{"floor":19,"key":"Block Potion"}],"is_trial":false,"path_per_floor":["R","M","?","M","?","$","T","M","E","?","R","M","R","$","M","B",null,"R","M","M","?","$","M","T","M"],"character_chosen":"THE_SPIRIT","items_purchased":["Sling","hexamod:GhostShield","Matryoshka","Mercury Hourglass","hexamod:EtherealExpedition"],"campfire_rested":0,"item_purchase_floors":[6,6,14,14,22],"current_hp_per_floor":[63,63,63,45,45,40,40,40,30,30,30,22,22,17,17,9,50,50,43,43,63,60,38,38,0,0,0],"gold":35,"neow_bonus":"THREE_RARE_CARDS","is_daily":false,"chose_seed":false,"campfire_upgraded":4,"win_rate":0.0,"timestamp":1611690857,"path_taken":["R","M","?","?","?","$","T","M","E","?","R","M","R","$","M","BOSS","R","M","M","?","$","?","T","?"],"items_purchased_type":["Relic","Card","Relic","Relic","Card"],"build_version":"2020-12-22","purchased_purges":3,"victory":false,"max_hp_per_floor":[63,63,63,63,63,63,63,63,63,63,63,63,63,63,63,63,63,63,63,63,63,63,63,63,63,63,63],"relic_stats":{"counters":[14,56],"Pantograph":0,"Kunai":[11],"obtain_stats":[{"SlaversCollar":17,"Matryoshka":14,"Pantograph":24,"Vajra":24,"Molten Egg 2":7,"Kunai":9,"Sling":6,"hexamod:SpiritBrand":0,"Mercury Hourglass":14},{"SlaversCollar":9,"Matryoshka":7,"Pantograph":13,"Vajra":13,"Molten Egg 2":3,"Kunai":5,"Sling":3,"hexamod:SpiritBrand":0,"Mercury Hourglass":7},{"SlaversCollar":35,"Matryoshka":26,"Pantograph":50,"Vajra":50,"Molten Egg 2":13,"Kunai":18,"Sling":13,"hexamod:SpiritBrand":0,"Mercury Hourglass":26}],"Mercury Hourglass":[102]},"card_choices":[{"not_picked":["hexamod:HexaLevel","hexamod:SearingWound"],"picked":"hexamod:TimeWarp","floor":0},{"not_picked":["hexamod:HeatMetal","hexamod:NightmareGuise"],"picked":"hexamod:GhostShield","floor":2},{"not_picked":["hexamod:BurningTouch","hexamod:DynamicBlow"],"picked":"hexamod:StepThrough","floor":4},{"not_picked":["hexamod:SwordOfDarkness","hexamod:Firestarter"],"picked":"hexamod:EtherealExpedition","floor":6},{"not_picked":["hexamod:SoulSteal","hexamod:Hexaguard"],"picked":"hexamod:HauntingEcho+1","floor":8},{"not_picked":["hexamod:Again","hexamod:DynamicBlow+1"],"picked":"hexamod:RecurringNightmare","floor":9},{"not_picked":["hexamod:SuperheatedStrike+1","hexamod:TurnItUp"],"picked":"hexamod:FastForward","floor":12},{"not_picked":["hexamod:HeatMetal+1","hexamod:SoulSteal","hexamod:FifthSeal"],"picked":"SKIP","floor":14},{"not_picked":["hexamod:HauntingEcho+1","hexamod:SecondSeal"],"picked":"hexamod:Rewind","floor":15},{"not_picked":["hexamod:GiftsFromTheDead","hexamod:FifthSeal"],"picked":"hexamod:UnleashSpirits+1","floor":16},{"not_picked":["hexamod:ShieldOfDarkness","hexamod:NecessarySacrifice+1"],"picked":"hexamod:Hexaguard","floor":19},{"not_picked":["hexamod:PhantomCloak","hexamod:NecessarySacrifice+1","hexamod:ThermalTransfer+1"],"picked":"SKIP","floor":20},{"not_picked":["hexamod:SwordOfDarkness+1","hexamod:FastForward","hexamod:SoulSteal"],"picked":"SKIP","floor":22},{"not_picked":["hexamod:ShieldOfDarkness+1","hexamod:RetreatToShadows"],"picked":"hexamod:GhostOfSpirePast","floor":23}],"player_experience":1069787,"relics_obtained":[{"floor":7,"key":"Molten Egg 2"},{"floor":9,"key":"Kunai"},{"floor":24,"key":"Vajra"},{"floor":24,"key":"Pantograph"}],"event_choices":[],"is_beta":false,"boss_relics":[{"not_picked":["Runic Dome","Black Star"],"picked":"SlaversCollar"}],"items_purged_floors":[6,14,22],"is_endless":false,"potions_floor_spawned":[8,9,12,16,19],"killed_by":"Cultist and Chosen","ascension_level":5}}