{"host":"jumrmhf584hajrnz","time":1611684480,"event":{"mods":["BaseMod","Duelist Mod","GifTheSpireLib","Minty Spire (QoL Compilation)","Quick Restart","Replay The Spire","StSLib"],"gold_per_floor":[137,190,465,480,289,289,301,375,375,375,375],"floor_reached":10,"language":"ENG","playtime":311,"items_purged":["Pain"],"score":112,"play_id":"5e24fc57-743d-454a-a209-19ab669d7234","local_time":"20210126190800","is_ascension_mode":true,"campfire_choices":[{"floor":6,"key":"RECALL"}],"circlet_count":0,"master_deck":["theDuelist:ArchfiendSoldier","theDuelist:ArchfiendSoldier","theDuelist:ArchfiendSoldier","AscendersBane","theDuelist:CastleWalls","theDuelist:CastleWalls","theDuelist:CastleWalls","theDuelist:FiendMegacyber","theDuelist:Sparks","theDuelist:Sparks","theDuelist:SummonedSkull","theDuelist:BerserkerCrush+1","theDuelist:BigFire","Regret","theDuelist:FiendMegacyber","theDuelist:RedSprinter","theDuelist:MsJudge","theDuelist:DrivenDaredevil"],"relics":["theDuelist:MillenniumPuzzle","theDuelist:CardPoolRelic","theDuelist:CardPoolBasicRelic","theDuelist:BoosterPackPoolRelic","theDuelist:CardPoolAddRelic","theDuelist:CardPoolMinusRelic","theDuelist:CardPoolSaveRelic","theDuelist:CardPoolOptionsRelic","NeowsBlessing","theDuelist:BlessingAnubis","Golden Egg"],"acts_visited":["Exordium"],"potions_floor_usage":[],"damage_taken":[{"damage":1,"enemies":"2 Louse","floor":1,"turns":2},{"damage":1,"enemies":"Jaw Worm","floor":4,"turns":1},{"damage":0,"enemies":"Small Slimes","floor":7,"turns":1},{"damage":29,"enemies":"Lagavulin","floor":10,"turns":5}],"seed_played":"2261607942650001529","potions_obtained":[{"floor":1,"key":"Venom Potion"},{"floor":2,"key":"FocusPotion"}],"is_trial":false,"path_per_floor":["M","?","?","M","$","R","M","T","T","E"],"character_chosen":"THE_DUELIST","items_purchased":["theDuelist:RedSprinter","theDuelist:MsJudge"],"campfire_rested":0,"item_purchase_floors":[5,5],"current_hp_per_floor":[62,62,62,61,61,61,61,61,61,32,32],"gold":375,"neow_bonus":"THREE_ENEMY_KILL","is_daily":false,"chose_seed":false,"campfire_upgraded":0,"win_rate":0.0,"timestamp":1611684480,"path_taken":["M","?","?","M","$","R","?","?","T","E"],"items_purchased_type":["Card","Card"],"build_version":"2020-12-22","purchased_purges":1,"victory":false,"max_hp_per_floor":[70,70,70,70,70,70,70,70,70,70,70],"card_choices":[{"not_picked":["theDuelist:FuryFire+1","theDuelist:Hinotama+1","theDuelist:LightningDarts","theDuelist:OneForOne+1"],"picked":"theDuelist:BerserkerCrush+1","floor":1},{"not_picked":["theDuelist:AttackTheMoon","theDuelist:DarklordSuperbia","theDuelist:GauntletWarrior","theDuelist:MudGolem"],"picked":"theDuelist:BigFire","floor":2},{"not_picked":["theDuelist:ArchfiendSoldier","theDuelist:DarkFusion","theDuelist:CyberArchfiend","theDuelist:GrossGhost"],"picked":"theDuelist:FiendMegacyber","floor":4},{"not_picked":["theDuelist:DarkFusion","theDuelist:Zombyra","theDuelist:CheerfulCoffin","theDuelist:FlyingSaucer"],"picked":"theDuelist:DrivenDaredevil","floor":7}],"player_experience":1571136,"relics_obtained":[{"floor":2,"key":"theDuelist:BlessingAnubis"},{"floor":8,"key":"Golden Egg"}],"event_choices":[{"damage_healed":0,"gold_gain":275,"player_choice":"Desecrate","damage_taken":0,"max_hp_gain":0,"max_hp_loss":0,"event_name":"Golden Shrine","floor":3,"gold_loss":0,"cards_obtained":["Regret"]}],"is_beta":false,"boss_relics":[],"items_purged_floors":[5],"is_endless":false,"potions_floor_spawned":[1],"killed_by":"Lagavulin","ascension_level":20}}