{"host":"x3xr1fzypq6qqz5s","time":1611681521,"event":{"mods":["BaseMod","Better Vampires","Colored Powertips","DeckTracker","Highlight Path","Minty Spire (QoL Compilation)","Quick Restart","Rare Cards Sparkle","Relic Stats"],"gold_per_floor":[113,133,208,52,67,101,101,116,142,159,187,214,214,224,224,322,322,335,235,253,273,116,145,145,158,158,178,196,196,213,236,236,331,331,343,361,122,172,190,190,222,222,222,235,48,48,65,83,83,83],"floor_reached":51,"language":"ZHS","playtime":2829,"items_purged":["Strike_G","Strike_G","Masterful Stab","Neutralize"],"score":738,"play_id":"1c10ae5e-3a89-45b5-8b11-c7f96dd14a00","local_time":"20210127011841","is_ascension_mode":false,"campfire_choices":[{"data":"Madness","floor":7.0,"key":"SMITH"},{"floor":13.0,"key":"REST"},{"data":"Flechettes","floor":15.0,"key":"SMITH"},{"data":"Leg Sweep","floor":24.0,"key":"SMITH"},{"data":"Predator","floor":32.0,"key":"SMITH"},{"data":"Bullet Time","floor":40,"key":"SMITH"},{"data":"Footwork","floor":42,"key":"SMITH"},{"data":"Catalyst","floor":49,"key":"SMITH"}],"circlet_count":0,"master_deck":["Defend_G+1","Defend_G","Defend_G+1","Survivor","Predator+1","Madness+1","Flechettes+1","Corpse Explosion","Heel Hook+1","Finisher+1","Backflip+1","Leg Sweep+1","Bullet Time+1","Terror","Catalyst+1","Footwork+1","Catalyst+1","Escape Plan+1","Blur"],"relics":["Ring of the Snake","Tiny Chest","War Paint","Happy Flower","Snake Skull","Astrolabe","TwistedFunnel","Lizard Tail","Mummified Hand","Omamori","Runic Pyramid","Bird Faced Urn","Anchor"],"acts_visited":["TheCity","TheBeyond"],"potions_floor_usage":[48,50],"damage_taken":[{"damage":0.0,"enemies":"2 Louse","floor":1.0,"turns":3.0},{"damage":0.0,"enemies":"Cultist","floor":2.0,"turns":4.0},{"damage":0.0,"enemies":"Jaw Worm","floor":5.0,"turns":4.0},{"damage":6.0,"enemies":"Gremlin Nob","floor":6.0,"turns":5.0},{"damage":0.0,"enemies":"Large Slime","floor":8.0,"turns":7.0},{"damage":6.0,"enemies":"Exordium Thugs","floor":10.0,"turns":5.0},{"damage":11.0,"enemies":"Lagavulin","floor":11.0,"turns":9.0},{"damage":14.0,"enemies":"Exordium Wildlife","floor":14.0,"turns":9.0},{"damage":42.0,"enemies":"Hexaghost","floor":16.0,"turns":13.0},{"damage":0.0,"enemies":"Chosen","floor":18.0,"turns":3.0},{"damage":0.0,"enemies":"Spheric Guardian","floor":20.0,"turns":2.0},{"damage":0.0,"enemies":"Snecko","floor":21.0,"turns":4.0},{"damage":2.0,"enemies":"Gremlin Leader","floor":23.0,"turns":4.0},{"damage":11.0,"enemies":"Sentry and Sphere","floor":25.0,"turns":5.0},{"damage":0.0,"enemies":"Centurion and Healer","floor":27.0,"turns":2.0},{"damage":0.0,"enemies":"3 Cultists","floor":28.0,"turns":3.0},{"damage":1.0,"enemies":"Snecko","floor":30.0,"turns":4.0},{"damage":38,"enemies":"Automaton","floor":33,"turns":7},{"damage":0,"enemies":"Orb Walker","floor":35,"turns":3},{"damage":0,"enemies":"3 Shapes","floor":36,"turns":4},{"damage":0,"enemies":"Mind Bloom Boss Battle","floor":38,"turns":5},{"damage":0,"enemies":"Jaw Worm Horde","floor":39,"turns":2},{"damage":0,"enemies":"Giant Head","floor":41,"turns":6},{"damage":0,"enemies":"Transient","floor":44,"turns":5},{"damage":0,"enemies":"Maw","floor":47,"turns":5},{"damage":12,"enemies":"Writhing Mass","floor":48,"turns":4},{"damage":13,"enemies":"Awakened One","floor":50,"turns":12}],"seed_played":"-6475164523775123473","potions_obtained":[{"floor":2.0,"key":"DuplicationPotion"},{"floor":5.0,"key":"PowerPotion"},{"floor":10.0,"key":"SneckoOil"},{"floor":14.0,"key":"Strength Potion"},{"floor":16.0,"key":"Block Potion"},{"floor":20.0,"key":"SpeedPotion"},{"floor":21.0,"key":"Energy Potion"},{"floor":30.0,"key":"SneckoOil"},{"floor":46,"key":"SneckoOil"},{"floor":46,"key":"SneckoOil"},{"floor":48,"key":"Strength Potion"}],"is_trial":false,"path_per_floor":["M","M","?","$","M","E","R","M","T","M","E","T","R","M","R","B",null,"M","$","M","M","$","E","R","M","T","M","M","?","M","T","R","B",null,"M","M","$","?","M","R","E","R","T","M","$","?","M","M","R","B",null],"character_chosen":"THE_SILENT","items_purchased":["Madness","TwistedFunnel","Catalyst","Footwork","Blur"],"campfire_rested":1,"item_purchase_floors":[4,22,37,37,45],"current_hp_per_floor":[70,70,63,63,63,57,57,57,57,51,40,40,61,47,47,5,70,70,70,70,70,70,68,68,57,57,57,57,57,56,56,56,18,70,70,70,70,70,70,70,70,70,70,70,70,70,70,60,60,49],"gold":83,"neow_bonus":"REMOVE_CARD","is_daily":false,"chose_seed":false,"campfire_upgraded":7,"win_rate":0.0,"timestamp":1611681521,"path_taken":["M","M","?","?","M","E","R","M","T","?","E","?","R","M","R","BOSS","M","$","M","M","$","E","R","M","T","M","M","?","M","?","R","BOSS","M","M","$","?","M","R","E","R","T","M","$","?","?","M","R","BOSS"],"items_purchased_type":["Card","Relic","Card","Card","Card"],"build_version":"2020-12-22","purchased_purges":4,"victory":true,"max_hp_per_floor":[70,70,70,70,70,70,70,70,70,70,70,70,70,70,70,70,70,70,70,70,70,70,70,70,70,70,70,70,70,70,70,70,70,70,70,70,70,70,70,70,70,70,70,70,70,70,70,70,70,70],"relic_stats":{"Lizard Tail":0,"Happy Flower":[34],"counters":[27,139],"Mummified Hand":[3],"Astrolabe":["Heel Hook","Finisher","Backflip"],"Bird Faced Urn":[4],"Tiny Chest":1,"Snake Skull":[63],"War Paint":["Defend_G","Defend_G"],"obtain_stats":[{"TwistedFunnel":22,"Happy Flower":11,"Astrolabe":17,"Snake Skull":12,"Omamori":31,"War Paint":9,"Lizard Tail":23,"Anchor":41,"Mummified Hand":26,"Bird Faced Urn":38,"Tiny Chest":6,"Ring of the Snake":0,"Runic Pyramid":34},{"TwistedFunnel":12,"Happy Flower":7,"Astrolabe":9,"Snake Skull":7,"Omamori":17,"War Paint":5,"Lizard Tail":13,"Anchor":23,"Mummified Hand":14,"Bird Faced Urn":21,"Tiny Chest":4,"Ring of the Snake":0,"Runic Pyramid":18},{"TwistedFunnel":68,"Happy Flower":37,"Astrolabe":59,"Snake Skull":37,"Omamori":86,"War Paint":23,"Lizard Tail":72,"Anchor":113,"Mummified Hand":77,"Bird Faced Urn":105,"Tiny Chest":16,"Ring of the Snake":0,"Runic Pyramid":93}],"Ring of the Snake":[54]},"card_choices":[{"not_picked":["Blade Dance","Dagger Spray","Outmaneuver"],"picked":"SKIP","floor":1.0},{"not_picked":["Tactician","Poisoned Stab"],"picked":"Predator","floor":2.0},{"not_picked":["Dagger Throw","Cloak And Dagger","Deadly Poison"],"picked":"SKIP","floor":5.0},{"not_picked":["Acrobatics","Infinite Blades","Bane"],"picked":"SKIP","floor":6.0},{"not_picked":["Quick Slash","Cloak And Dagger","Infinite Blades"],"picked":"SKIP","floor":8.0},{"not_picked":["Finisher","Eviscerate"],"picked":"Masterful Stab","floor":10.0},{"not_picked":["Choke","Slice","Eviscerate"],"picked":"SKIP","floor":11.0},{"not_picked":["Slice","Dagger Spray"],"picked":"Flechettes","floor":14.0},{"not_picked":["Doppelganger","Night Terror"],"picked":"Corpse Explosion","floor":16.0},{"not_picked":["Backstab","Calculated Gamble","Predator+1"],"picked":"SKIP","floor":18.0},{"not_picked":["Sucker Punch","Calculated Gamble+1"],"picked":"Leg Sweep","floor":20.0},{"not_picked":["Blade Dance","Dagger Throw","Flying Knee"],"picked":"SKIP","floor":21.0},{"not_picked":["Calculated Gamble","Infinite Blades","Unload"],"picked":"SKIP","floor":23.0},{"not_picked":["Riddle With Holes+1","Acrobatics","Skewer+1"],"picked":"SKIP","floor":25.0},{"not_picked":["Predator","Flying Knee","Heel Hook"],"picked":"SKIP","floor":27.0},{"not_picked":["Backstab+1","Prepared","Accuracy"],"picked":"SKIP","floor":28.0},{"not_picked":["Deadly Poison","Dodge and Roll"],"picked":"Bullet Time","floor":30.0},{"not_picked":["Concentrate","Sucker Punch+1"],"picked":"Terror","floor":35},{"not_picked":["Outmaneuver","Poisoned Stab+1","Sucker Punch+1"],"picked":"SKIP","floor":36},{"not_picked":["Dagger Throw","Outmaneuver+1"],"picked":"Catalyst+1","floor":39},{"not_picked":["Outmaneuver+1","Accuracy+1"],"picked":"Escape Plan+1","floor":41},{"not_picked":["Backflip","Infinite Blades+1","Quick Slash"],"picked":"SKIP","floor":44},{"not_picked":["Masterful Stab+1","Escape Plan+1","Distraction+1"],"picked":"SKIP","floor":47},{"not_picked":["Acrobatics","Prepared+1","Grand Finale"],"picked":"SKIP","floor":48}],"player_experience":640253,"relics_obtained":[{"floor":6.0,"key":"Tiny Chest"},{"floor":9.0,"key":"War Paint"},{"floor":11.0,"key":"Happy Flower"},{"floor":12.0,"key":"Snake Skull"},{"floor":23.0,"key":"Lizard Tail"},{"floor":26.0,"key":"Mummified Hand"},{"floor":31.0,"key":"Omamori"},{"floor":38,"key":"Bird Faced Urn"},{"floor":41,"key":"Anchor"}],"event_choices":[{"damage_healed":0.0,"max_hp_gain":0.0,"max_hp_loss":0.0,"gold_gain":75.0,"event_name":"FaceTrader","player_choice":"Touch","floor":3.0,"gold_loss":0.0,"damage_taken":7.0},{"cards_removed":["Strike_G"],"damage_healed":0.0,"max_hp_gain":0.0,"max_hp_loss":0.0,"gold_gain":0.0,"event_name":"Purifier","player_choice":"Purged","floor":29.0,"gold_loss":0.0,"damage_taken":0.0},{"damage_healed":0,"gold_gain":0,"player_choice":"Fight","damage_taken":0,"max_hp_gain":0,"max_hp_loss":0,"event_name":"MindBloom","floor":38,"gold_loss":0},{"damage_healed":0,"gold_gain":0,"player_choice":"Got Potions","damage_taken":0,"max_hp_gain":0,"max_hp_loss":0,"event_name":"Lab","floor":46,"gold_loss":0}],"is_beta":false,"boss_relics":[{"not_picked":["Tiny House","Snecko Eye"],"picked":"Astrolabe"},{"not_picked":["Busted Crown","WristBlade"],"picked":"Runic Pyramid"}],"items_purged_floors":[4,19,37,45],"is_endless":false,"potions_floor_spawned":[2,5,10,14,16,20,21,23,30,38,41,47,48],"ascension_level":0}}