{"host":"2ica2wc1gg7guzbw","time":1611679287,"event":{"mods":["BaseMod","Colored Map","Minty Spire (QoL Compilation)","Replay The Spire","Shop Mod","StSLib"],"gold_per_floor":[118,130,147,112,128,156,156,156,204,219,219,231,245,270,270,344,344,363,379,392,392,392],"floor_reached":21,"language":"RUS","playtime":815,"items_purged":[],"score":390,"play_id":"180af44d-5f37-4f3e-acf9-82d6d23377ce","local_time":"20210126204127","is_ascension_mode":true,"campfire_choices":[{"data":"Apotheosis","floor":7,"key":"SMITH"},{"floor":11,"key":"REST"},{"floor":15,"key":"RECALL"}],"circlet_count":0,"master_deck":["AscendersBane","Strike_B","Strike_B","Strike_B","Strike_B","Defend_B","Defend_B","Defend_B","Defend_B","Zap","Dualcast","Apotheosis+1","Ball Lightning","Leap","Capacitor","Cold Snap","Fission+1","Go for the Eyes","Seek","Skim","Buffer","White Noise","Sweeping Beam"],"relics":["Cracked Core","Meat on the Bone","Omamori","Blood Vial","Black Star"],"acts_visited":["Exordium","TheCity"],"potions_floor_usage":[10,12,14,19],"damage_taken":[{"damage":12.0,"enemies":"Small Slimes","floor":1.0,"turns":5.0},{"damage":0.0,"enemies":"Cultist","floor":2.0,"turns":4.0},{"damage":7.0,"enemies":"Jaw Worm","floor":3.0,"turns":4.0},{"damage":3.0,"enemies":"Looter","floor":5.0,"turns":3.0},{"damage":41,"enemies":"3 Sentries","floor":6,"turns":9},{"damage":1,"enemies":"Exordium Wildlife","floor":10,"turns":4},{"damage":10,"enemies":"Lots of Slimes","floor":12,"turns":3},{"damage":6,"enemies":"Gremlin Gang","floor":13,"turns":4},{"damage":7,"enemies":"Lagavulin","floor":14,"turns":6},{"damage":28,"enemies":"The Guardian","floor":16,"turns":11},{"damage":0,"enemies":"Spheric Guardian","floor":18,"turns":3},{"damage":0,"enemies":"Shell Parasite","floor":19,"turns":5},{"damage":34,"enemies":"Shelled Parasite and Fungi","floor":20,"turns":8},{"damage":24,"enemies":"Snake Plant","floor":21,"turns":3}],"seed_played":"8912822930151711298","potions_obtained":[{"floor":2.0,"key":"EssenceOfDarkness"},{"floor":5.0,"key":"Block Potion"},{"floor":13,"key":"Weak Potion"},{"floor":18,"key":"Block Potion"}],"is_trial":false,"path_per_floor":["M","M","M","?","M","E","R","?","T","M","R","M","M","E","R","B",null,"M","M","M","M"],"character_chosen":"DEFECT","items_purchased":[],"campfire_rested":1,"item_purchase_floors":[],"current_hp_per_floor":[52,52,45,61,58,17,17,17,17,28,47,37,43,36,36,22,54,56,58,38,16,16],"gold":392,"neow_bonus":"RANDOM_COLORLESS_2","is_daily":false,"chose_seed":false,"campfire_upgraded":1,"win_rate":0.0,"timestamp":1611679287,"path_taken":["M","M","M","?","M","E","R","?","T","M","R","M","M","E","R","BOSS","M","M","M","M"],"items_purchased_type":[],"build_version":"2020-12-22","purchased_purges":0,"victory":false,"max_hp_per_floor":[64,64,64,64,64,64,64,64,64,64,64,64,64,64,64,64,64,64,64,64,64,64],"card_choices":[{"not_picked":["Mayhem","Sadistic Nature"],"picked":"Apotheosis","floor":0.0},{"not_picked":["ReplaySort","Compile Driver"],"picked":"Ball Lightning","floor":1.0},{"not_picked":["Go for the Eyes","Rebound"],"picked":"Leap","floor":2.0},{"not_picked":["Genetic Algorithm","Barrage"],"picked":"Capacitor","floor":3.0},{"not_picked":["Ball Lightning","Coolheaded"],"picked":"Cold Snap","floor":5.0},{"not_picked":["Rebound","Barrage"],"picked":"Fission","floor":6},{"not_picked":["ReplayGash","Steam"],"picked":"Go for the Eyes","floor":10},{"not_picked":["ReplayTheSpireMod:Repulse","Rebound","Steam"],"picked":"SKIP","floor":12},{"not_picked":["Coolheaded","Panic Button"],"picked":"Seek","floor":13},{"not_picked":["Storm","Aggregate"],"picked":"Skim","floor":14},{"not_picked":["Thunder Strike","Multi-Cast"],"picked":"Buffer","floor":16},{"not_picked":["Gash+1","Panic Button"],"picked":"White Noise","floor":18},{"not_picked":["Stack","Rebound","Consume"],"picked":"SKIP","floor":19},{"not_picked":["Redo","Tempest"],"picked":"Sweeping Beam","floor":20}],"player_experience":934210,"relics_obtained":[{"floor":6,"key":"Meat on the Bone"},{"floor":9,"key":"Omamori"},{"floor":14,"key":"Blood Vial"}],"event_choices":[{"damage_healed":16.0,"max_hp_gain":0.0,"max_hp_loss":0.0,"gold_gain":0.0,"event_name":"The Cleric","player_choice":"Healed","floor":4.0,"gold_loss":35.0,"damage_taken":0.0},{"damage_healed":0,"gold_gain":0,"player_choice":"Forge","damage_taken":0,"max_hp_gain":0,"max_hp_loss":0,"event_name":"Accursed Blacksmith","floor":8,"gold_loss":0,"cards_upgraded":["Fission"]}],"is_beta":false,"boss_relics":[{"not_picked":["Honey Jar","Coffee Dripper"],"picked":"Black Star"}],"items_purged_floors":[],"is_endless":false,"potions_floor_spawned":[2,5,6,13,18],"killed_by":"Snake Plant","ascension_level":20}}