{"host":"snn1c4qsf0fj7fzf","time":1611633757,"event":{"mods":["AchievementEnabler","Aspiration","Astrologer","BaseMod","Colored Powertips","Downfall","Hermit","Infinite Spire","Lobotomy","Marisa????????","Minty Spire (QoL Compilation)","Random Character Button","Rare Cards Sparkle","Reimu??????","Reliquary","Replay The Spire","Shop Mod","Spire Arcade","StSLib","The Administrix","The Cursed","The Gatherer","The Hierophant","The Poker Player","The Runesmith","Wandering Minibosses"],"gold_per_floor":[111,111,122,47,62,96,110,266,266,295,295,295,306,55,55,163,163,231,248,256,256],"floor_reached":20,"language":"ENG","playtime":1191,"items_purged":["Defend_P","Strike_P"],"score":211,"play_id":"49efc194-50f3-4949-abca-d154295263ba","local_time":"20210126120237","is_ascension_mode":false,"campfire_choices":[{"data":"Tantrum","floor":12,"key":"SMITH"},{"data":"Pray","floor":15,"key":"SMITH"}],"circlet_count":0,"master_deck":["Strike_P","Strike_P","Strike_P","Defend_P","Defend_P","Defend_P","Eruption+1","Vigilance+1","Tantrum+1","BowlingBash","FlyingSleeves","Perseverance","Pray+1","Replay:Vibes","InnerPeace","FollowUp","DevaForm","EmptyFist","Consecrate"],"relics":["HolyWater","aspiration:Nostalgia","Cracked Core","infinitespire:Midas Blood","Pantograph","Blue Candle","HandDrill"],"acts_visited":["Exordium","TheCity"],"potions_floor_usage":[8,8,10,16,16],"damage_taken":[{"damage":0,"enemies":"Small Slimes","floor":1,"turns":3},{"damage":0,"enemies":"Cultist","floor":3,"turns":2},{"damage":0,"enemies":"Jaw Worm","floor":5,"turns":2},{"damage":5,"enemies":"Gremlin Nob","floor":6,"turns":3},{"damage":11,"enemies":"Blue Slaver","floor":7,"turns":3},{"damage":0,"enemies":"Red Slaver","floor":8,"turns":6},{"damage":12,"enemies":"3 Sentries","floor":10,"turns":2},{"damage":0,"enemies":"Looter","floor":13,"turns":2},{"damage":34,"enemies":"Hexaghost","floor":16,"turns":5},{"damage":29,"enemies":"Spheric Guardian","floor":18,"turns":5},{"damage":25,"enemies":"2 Thieves","floor":19,"turns":3},{"damage":21,"enemies":"Shelled Parasite and Fungi","floor":20,"turns":2}],"seed_played":"1275308475182690384","potions_obtained":[{"floor":6,"key":"BottledMiracle"},{"floor":7,"key":"AttackPotion"},{"floor":8,"key":"Death Potion"},{"floor":10,"key":"GrandPatriotsElixir:ReiMu"},{"floor":13,"key":"DistilledChaos"},{"floor":18,"key":"Toxic Potion"}],"is_trial":false,"path_per_floor":["M","?","M","$","M","E","M","M","T","E","?","R","M","$","R","B",null,"M","M","M"],"character_chosen":"WATCHER","items_purchased":["HandDrill"],"campfire_rested":0,"item_purchase_floors":[14],"current_hp_per_floor":[72,72,72,72,72,67,56,56,56,44,44,44,44,44,44,35,72,43,18,0,0],"gold":256,"neow_bonus":"NOSTALGIA","is_daily":false,"chose_seed":false,"campfire_upgraded":2,"win_rate":0.0,"timestamp":1611633757,"path_taken":["M","?","M","$","M","E","M","?","T","E","?","R","M","$","R","BOSS","M","M","M"],"items_purchased_type":["Relic"],"build_version":"2020-12-22","purchased_purges":2,"victory":false,"max_hp_per_floor":[72,72,72,72,72,72,72,72,72,72,72,72,72,72,72,72,72,72,72,72,72],"card_choices":[{"not_picked":["WindmillStrike","Weave"],"picked":"Tantrum","floor":1},{"not_picked":["FlurryOfBlows","PathToVictory"],"picked":"BowlingBash","floor":3},{"not_picked":["Replay:AtTheReady","WreathOfFlame"],"picked":"FlyingSleeves","floor":5},{"not_picked":["ThirdEye","Replay:AllIn"],"picked":"Perseverance","floor":6},{"not_picked":["EmptyBody","FlurryOfBlows"],"picked":"Pray","floor":7},{"not_picked":["CarveReality","BowlingBash"],"picked":"Replay:Vibes","floor":8},{"not_picked":["Replay:Cycle","Crescendo"],"picked":"InnerPeace","floor":10},{"not_picked":["JustLucky","Protect"],"picked":"FollowUp","floor":13},{"not_picked":["DeusExMachina","ConjureBlade"],"picked":"DevaForm","floor":16},{"not_picked":["EmptyBody","ThirdEye"],"picked":"EmptyFist","floor":18},{"not_picked":["Nirvana+1","Worship"],"picked":"Consecrate","floor":19}],"player_experience":328474,"relics_obtained":[{"floor":6,"key":"infinitespire:Midas Blood"},{"floor":9,"key":"Pantograph"},{"floor":10,"key":"Blue Candle"}],"event_choices":[{"damage_healed":0,"gold_gain":0,"player_choice":"Upgraded","damage_taken":0,"max_hp_gain":0,"max_hp_loss":0,"event_name":"Upgrade Shrine","floor":2,"gold_loss":0,"cards_upgraded":["Eruption"]}],"is_beta":false,"boss_relics":[{"not_picked":["Replay:Bronze Core","Runesmith:UraniumAnvil"],"picked":"HolyWater"}],"items_purged_floors":[4,14],"is_endless":false,"potions_floor_spawned":[6,7,8,10,13,18],"killed_by":"Shelled Parasite and Fungi","ascension_level":0}}