{"host":"t7mx8yfj1no5p62f","time":1611637973,"event":{"mods":["BaseMod","Colored Map","Colored Powertips","Minty Spire (QoL Compilation)","Relic Stats","StSLib"],"gold_per_floor":[10,10,33,53,67,67,103,103,156,156,183,232,307,307,307,412,412,434,434,458,503,503,503,546,16,16,43,93,134,158,358,358,461,461,481,505,545,545,567,567,602,602,611,611,611,102,122,167,167,167,167,167,167,50,97,97,97],"floor_reached":56,"language":"ENG","playtime":3415,"items_purged":["Bite","Pain"],"score":2077,"play_id":"92a12304-f4ee-4349-8db3-76f55801c897","local_time":"20210126001253","is_ascension_mode":true,"campfire_choices":[{"data":"Crippling Poison","floor":6.0,"key":"SMITH"},{"data":"Envenom","floor":8.0,"key":"SMITH"},{"data":"Blade Dance","floor":10.0,"key":"SMITH"},{"data":"Bouncing Flask","floor":15.0,"key":"SMITH"},{"floor":23.0,"key":"REST"},{"data":"Noxious Fumes","floor":32.0,"key":"SMITH"},{"data":"Burst","floor":40.0,"key":"SMITH"},{"data":"Footwork","floor":42.0,"key":"SMITH"},{"data":"Acrobatics","floor":44.0,"key":"SMITH"},{"floor":49.0,"key":"RECALL"},{"data":"Neutralize","floor":53.0,"key":"SMITH"}],"circlet_count":0,"master_deck":["AscendersBane","Defend_G","Defend_G+1","Defend_G","Survivor","Neutralize+1","Backstab","Skewer","Dash","Crippling Poison+1","Blade Dance+1","Envenom+1","Backflip","Bouncing Flask+1","Adrenaline","Cloak And Dagger+1","Footwork+1","Bite","Bite","Bite","PiercingWail","Acrobatics+1","Noxious Fumes+1","Acrobatics","PiercingWail","Burst+1","Backflip","PiercingWail","Adrenaline","Catalyst+1","PanicButton+1","Noxious Fumes","Blur+1"],"relics":["Ring of the Snake","Golden Idol","Mummified Hand","CeramicFish","Orichalcum","Cursed Key","Enchiridion","Unceasing Top","Eternal Feather","Akabeko","Red Mask","Empty Cage","Torii","Toxic Egg 2","Bag of Marbles","Chemical X","Mercury Hourglass","Oddly Smooth Stone"],"acts_visited":["TheCity","TheBeyond","TheEnding"],"potions_floor_usage":[55,56],"damage_taken":[{"damage":0.0,"enemies":"2 Louse","floor":1.0,"turns":2.0},{"damage":0.0,"enemies":"Jaw Worm","floor":3.0,"turns":2.0},{"damage":0.0,"enemies":"Small Slimes","floor":4.0,"turns":3.0},{"damage":1.0,"enemies":"3 Louse","floor":5.0,"turns":2.0},{"damage":16.0,"enemies":"Lagavulin","floor":7.0,"turns":8.0},{"damage":5.0,"enemies":"Red Slaver","floor":11.0,"turns":2.0},{"damage":4.0,"enemies":"3 Sentries","floor":12.0,"turns":6.0},{"damage":2.0,"enemies":"Hexaghost","floor":16.0,"turns":7.0},{"damage":13.0,"enemies":"Chosen","floor":18.0,"turns":4.0},{"damage":8.0,"enemies":"2 Thieves","floor":20.0,"turns":4.0},{"damage":6.0,"enemies":"Book of Stabbing","floor":24.0,"turns":4.0},{"damage":6.0,"enemies":"Cultist and Chosen","floor":27.0,"turns":5.0},{"damage":12.0,"enemies":"Slavers","floor":28.0,"turns":6.0},{"damage":2.0,"enemies":"Masked Bandits","floor":29.0,"turns":4.0},{"damage":0.0,"enemies":"Centurion and Healer","floor":30.0,"turns":8.0},{"damage":0.0,"enemies":"Champ","floor":33.0,"turns":9.0},{"damage":21.0,"enemies":"3 Darklings","floor":35.0,"turns":12.0},{"damage":0.0,"enemies":"3 Shapes","floor":36.0,"turns":5.0},{"damage":0.0,"enemies":"Mind Bloom Boss Battle","floor":37.0,"turns":6.0},{"damage":10.0,"enemies":"Jaw Worm Horde","floor":39.0,"turns":4.0},{"damage":34.0,"enemies":"Giant Head","floor":41.0,"turns":8.0},{"damage":12.0,"enemies":"Maw","floor":47.0,"turns":5.0},{"damage":28.0,"enemies":"Nemesis","floor":48.0,"turns":7.0},{"damage":10.0,"enemies":"Time Eater","floor":50.0,"turns":7.0},{"damage":23.0,"enemies":"Donu and Deca","floor":51.0,"turns":11.0},{"damage":7,"enemies":"Shield and Spear","floor":55,"turns":6},{"damage":62,"enemies":"The Heart","floor":56,"turns":8}],"seed_played":"-744520690734924353","potions_obtained":[{"floor":3.0,"key":"CunningPotion"},{"floor":4.0,"key":"Dexterity Potion"},{"floor":11.0,"key":"BlessingOfTheForge"},{"floor":27.0,"key":"GhostInAJar"},{"floor":28.0,"key":"CultistPotion"},{"floor":33.0,"key":"Poison Potion"},{"floor":36.0,"key":"SteroidPotion"},{"floor":38.0,"key":"Fruit Juice"},{"floor":47.0,"key":"Swift Potion"}],"is_trial":false,"path_per_floor":["M","?","M","M","M","R","E","R","T","R","M","E","?","?","R","B",null,"M","?","M","?","?","R","E","$","T","M","E","?","M","?","R","B",null,"M","M","?","?","M","R","E","R","T","R","?","$","M","E","R","B","B",null,"R","$","E","B"],"character_chosen":"THE_SILENT","items_purchased":["Acrobatics","Noxious Fumes","Eternal Feather","GamblersBrew","Bag of Marbles","Chemical X","GamblersBrew","PanicButton+1","Noxious Fumes"],"campfire_rested":1,"item_purchase_floors":[25,25,25,25,46,46,46,54,54],"current_hp_per_floor":[59,59,59,59,58,58,42,42,42,42,37,33,22,4,4,2,46,33,33,25,25,4,16,16,16,16,14,12,18,36,36,42,42,42,42,42,42,42,34,42,12,30,30,42,42,47,39,17,35,27,16,39,47,47,43,0,0],"gold":97,"neow_bonus":"TRANSFORM_TWO_CARDS","is_daily":false,"chose_seed":false,"campfire_upgraded":9,"win_rate":0.0,"timestamp":1611637973,"path_taken":["M","?","M","M","M","R","E","R","T","R","M","E","?","?","R","BOSS","M","?","M","?","?","R","E","$","T","M","E","?","M","?","R","BOSS","M","M","?","?","?","R","E","R","T","R","?","?","M","E","R","BOSS","BOSS","R","$","E","BOSS"],"items_purchased_type":["Card","Card","Relic","Potion","Relic","Relic","Potion","Card","Card"],"build_version":"2020-12-22","purchased_purges":2,"victory":false,"max_hp_per_floor":[66,60,60,60,60,60,60,60,60,60,60,60,60,60,60,60,60,60,60,60,42,42,42,42,42,42,42,42,42,42,42,42,42,42,42,42,42,42,42,42,42,42,42,42,42,47,47,47,47,47,47,47,47,47,47,47,47],"relic_stats":{"Torii":25,"counters":[27,155],"Golden Idol":186,"CeramicFish":225,"Eternal Feather":70,"Orichalcum":[186],"Cursed Key":1,"Mercury Hourglass":[78],"Mummified Hand":[89],"Chemical X":[11],"obtain_stats":[{"Torii":37,"Golden Idol":2,"CeramicFish":9,"Enchiridion":22,"Oddly Smooth Stone":55,"Eternal Feather":25,"Orichalcum":12,"Cursed Key":17,"Empty Cage":34,"Akabeko":28,"Mercury Hourglass":48,"Mummified Hand":7,"Red Mask":29,"Bag of Marbles":46,"Chemical X":46,"Toxic Egg 2":41,"Unceasing Top":24,"Ring of the Snake":0},{"Torii":19,"Golden Idol":1,"CeramicFish":5,"Enchiridion":10,"Oddly Smooth Stone":26,"Eternal Feather":11,"Orichalcum":7,"Cursed Key":8,"Empty Cage":16,"Akabeko":13,"Mercury Hourglass":23,"Mummified Hand":5,"Red Mask":14,"Bag of Marbles":21,"Chemical X":21,"Toxic Egg 2":21,"Unceasing Top":11,"Ring of the Snake":0},{"Torii":99,"Golden Idol":2,"CeramicFish":17,"Enchiridion":40,"Oddly Smooth Stone":147,"Eternal Feather":44,"Orichalcum":25,"Cursed Key":32,"Empty Cage":76,"Akabeko":55,"Mercury Hourglass":123,"Mummified Hand":17,"Red Mask":59,"Bag of Marbles":111,"Chemical X":111,"Toxic Egg 2":111,"Unceasing Top":44,"Ring of the Snake":0}],"Unceasing Top":[5],"Ring of the Snake":[54]},"card_choices":[{"not_picked":["Poisoned Stab","Backflip"],"picked":"Dash","floor":1.0},{"not_picked":["Quick Slash","Catalyst"],"picked":"Crippling Poison","floor":3.0},{"not_picked":["Backflip","Underhanded Strike"],"picked":"Blade Dance","floor":4.0},{"not_picked":["Dagger Throw","Infinite Blades","Catalyst"],"picked":"SKIP","floor":5.0},{"not_picked":["Masterful Stab","Acrobatics"],"picked":"Envenom","floor":7.0},{"not_picked":["Blade Dance","Quick Slash"],"picked":"Backflip","floor":11.0},{"not_picked":["Tactician","Cloak And Dagger"],"picked":"Bouncing Flask","floor":12.0},{"not_picked":["Grand Finale","Venomology"],"picked":"Adrenaline","floor":16.0},{"not_picked":["Setup","Finisher"],"picked":"Cloak And Dagger+1","floor":18.0},{"not_picked":["Masterful Stab+1","Setup"],"picked":"Footwork","floor":20.0},{"not_picked":["Underhanded Strike","Flying Knee"],"picked":"PiercingWail","floor":24.0},{"not_picked":["Riddle With Holes","Finisher"],"picked":"Acrobatics","floor":27.0},{"not_picked":["Choke","Flechettes"],"picked":"Infinite Blades","floor":28.0},{"not_picked":["Sucker Punch","Bane+1"],"picked":"PiercingWail","floor":30.0},{"not_picked":["Night Terror","Tools of the Trade"],"picked":"Burst","floor":33.0},{"not_picked":["Cloak And Dagger+1","Skewer+1","Setup"],"picked":"SKIP","floor":35.0},{"not_picked":["Outmaneuver","Riddle With Holes+1"],"picked":"Backflip","floor":36.0},{"not_picked":["Acrobatics","Caltrops"],"picked":"PiercingWail","floor":37.0},{"not_picked":["Deflect","Backflip"],"picked":"Adrenaline","floor":39.0},{"not_picked":["Glass Knife","Burst+1","Backstab"],"picked":"SKIP","floor":41.0},{"not_picked":["Deflect+1","Flying Knee","Blade Dance+1"],"picked":"SKIP","floor":47.0},{"not_picked":["Acrobatics+1","Finisher+1"],"picked":"Catalyst+1","floor":48.0},{"not_picked":["Flechettes+1","Concentrate+1"],"picked":"Blur+1","floor":55}],"player_experience":1864010,"relics_obtained":[{"floor":7.0,"key":"Mummified Hand"},{"floor":9.0,"key":"CeramicFish"},{"floor":12.0,"key":"Orichalcum"},{"floor":22.0,"key":"Enchiridion"},{"floor":24.0,"key":"Unceasing Top"},{"floor":28.0,"key":"Akabeko"},{"floor":29.0,"key":"Red Mask"},{"floor":37.0,"key":"Torii"},{"floor":41.0,"key":"Toxic Egg 2"},{"floor":48.0,"key":"Mercury Hourglass"},{"floor":55,"key":"Oddly Smooth Stone"}],"event_choices":[{"damage_healed":0.0,"max_hp_gain":0.0,"max_hp_loss":6.0,"gold_gain":0.0,"event_name":"Golden Idol","player_choice":"Lose Max HP","floor":2.0,"gold_loss":0.0,"damage_taken":0.0,"relics_obtained":["Golden Idol"]},{"damage_healed":0.0,"max_hp_gain":0.0,"max_hp_loss":0.0,"gold_gain":75.0,"event_name":"World of Goop","player_choice":"Gather Gold","floor":13.0,"gold_loss":0.0,"damage_taken":11.0},{"damage_healed":0.0,"max_hp_gain":0.0,"max_hp_loss":0.0,"gold_gain":0.0,"event_name":"Shining Light","player_choice":"Entered Light","floor":14.0,"gold_loss":0.0,"damage_taken":18.0,"cards_upgraded":["Strike_G","Defend_G"]},{"damage_healed":0.0,"max_hp_gain":0.0,"max_hp_loss":0.0,"gold_gain":0.0,"event_name":"The Mausoleum","player_choice":"Ignored","floor":19.0,"gold_loss":0.0,"damage_taken":0.0},{"damage_healed":0.0,"max_hp_gain":0.0,"max_hp_loss":18.0,"gold_gain":0.0,"event_name":"Vampires","player_choice":"Became a vampire","floor":21.0,"gold_loss":0.0,"damage_taken":0.0,"cards_obtained":["Bite","Bite","Bite","Bite","Bite"]},{"damage_healed":0.0,"max_hp_gain":0.0,"max_hp_loss":0.0,"gold_gain":0.0,"event_name":"Cursed Tome","player_choice":"Obtained Book","floor":22.0,"gold_loss":0.0,"damage_taken":21.0},{"damage_healed":0.0,"max_hp_gain":0.0,"max_hp_loss":0.0,"gold_gain":0.0,"event_name":"Masked Bandits","player_choice":"Fought Bandits","floor":29.0,"gold_loss":0.0,"damage_taken":0.0},{"damage_healed":0.0,"max_hp_gain":0.0,"max_hp_loss":0.0,"gold_gain":250.0,"event_name":"The Joust","player_choice":"Bet on Owner","floor":31.0,"gold_loss":50.0,"damage_taken":0.0},{"damage_healed":0.0,"max_hp_gain":0.0,"max_hp_loss":0.0,"gold_gain":0.0,"event_name":"MindBloom","player_choice":"Fight","floor":37.0,"gold_loss":0.0,"damage_taken":0.0},{"damage_healed":0.0,"max_hp_gain":0.0,"max_hp_loss":0.0,"gold_gain":0.0,"event_name":"Lab","player_choice":"Got Potions","floor":38.0,"gold_loss":0.0,"damage_taken":0.0},{"cards_removed":["Infinite Blades"],"damage_healed":0.0,"max_hp_gain":0.0,"max_hp_loss":0.0,"gold_gain":0.0,"event_name":"Falling","player_choice":"Removed Power","floor":45.0,"gold_loss":0.0,"damage_taken":0.0}],"is_beta":false,"boss_relics":[{"not_picked":["Calling Bell","Runic Dome"],"picked":"Cursed Key"},{"not_picked":["SacredBark","Philosopher\u0027s Stone"],"picked":"Empty Cage"}],"items_purged_floors":[25,46],"is_endless":false,"potions_floor_spawned":[3,4,11,27,28,30,33,36,47],"killed_by":"The Heart","ascension_level":20}}