{"host":"gln8pem4hnwuntpa","time":1611704835,"event":{"mods":["BaseMod","Lobotomy","Minty Spire (QoL Compilation)","Quick Restart","Replay The Spire","StSLib"],"gold_per_floor":[119,119,136,136,136,136,149,149,223,223,254,266,266,286,286,390,390,402,402,413,428,438,470,482,494,494],"floor_reached":25,"language":"ZHS","playtime":820,"items_purged":[],"score":236,"play_id":"765b7238-16a3-4806-bb35-a1e8b3bdf655","local_time":"20210127074715","is_ascension_mode":true,"campfire_choices":[{"floor":6,"key":"RECALL"},{"data":"Strike_R","floor":8,"key":"SMITH"},{"data":"Strike_R","floor":10,"key":"SMITH"},{"data":"Strike_R","floor":15,"key":"SMITH"},{"floor":24,"key":"REST"}],"circlet_count":0,"master_deck":["Strike_R+1","Strike_R+1","Strike_R+1","Strike_R","Strike_R","Defend_R","Defend_R","Defend_R","Defend_R+1","Bash+1","LittleHelper","Amnesia","Scorched"],"relics":["Burning Blood","CogitoBucket","Ring of Fury","Ring of Searing","Divine Protection","MealTicket","HellTrain","Black Star","AspirationHeart","MawBank","Anchor"],"acts_visited":["Exordium","TheCity"],"potions_floor_usage":[11,11,16,21,21,23],"damage_taken":[{"damage":2,"enemies":"Small Slimes","floor":1,"turns":5},{"damage":6,"enemies":"2 Louse","floor":3,"turns":3},{"damage":7,"enemies":"Cultist","floor":7,"turns":4},{"damage":19,"enemies":"Lagavulin","floor":11,"turns":4},{"damage":0,"enemies":"Gremlin Gang","floor":12,"turns":1},{"damage":13,"enemies":"Blue Slaver","floor":13,"turns":2},{"damage":1,"enemies":"Lots of Slimes","floor":14,"turns":2},{"damage":45,"enemies":"Hexaghost","floor":16,"turns":5},{"damage":8,"enemies":"Spheric Guardian","floor":18,"turns":3},{"damage":27,"enemies":"2 Thieves","floor":20,"turns":3},{"damage":28,"enemies":"Centurion and Healer","floor":21,"turns":3},{"damage":2,"enemies":"Cultist and Chosen","floor":22,"turns":4},{"damage":49,"enemies":"Book of Stabbing","floor":23,"turns":5},{"damage":53,"enemies":"Slavers","floor":25,"turns":3}],"seed_played":"-6106926511377189359","potions_obtained":[{"floor":3,"key":"Regen Potion"},{"floor":5,"key":"Block Potion"},{"floor":5,"key":"LiquidBronze"},{"floor":7,"key":"BloodPotion"},{"floor":12,"key":"Dexterity Potion"},{"floor":13,"key":"LiquidMemories"},{"floor":14,"key":"Adrenaline Potion"},{"floor":18,"key":"SkillPotion"},{"floor":22,"key":"Swift Potion"}],"is_trial":false,"path_per_floor":["M","?","M","?","?","R","M","R","T","R","E","M","M","M","R","B",null,"M","?","M","M","M","E","R","E"],"character_chosen":"IRONCLAD","items_purchased":[],"campfire_rested":1,"item_purchase_floors":[],"current_hp_per_floor":[80,64,64,64,64,64,63,63,63,63,62,68,61,66,66,27,80,78,80,59,47,51,26,53,0,0],"gold":494,"neow_bonus":"","is_daily":false,"chose_seed":false,"campfire_upgraded":3,"win_rate":0.0,"timestamp":1611704835,"path_taken":["M","?","M","?","?","R","M","R","T","R","E","M","M","?","R","BOSS","M","?","M","M","M","E","R","E"],"items_purchased_type":[],"build_version":"2020-12-22","purchased_purges":0,"victory":false,"max_hp_per_floor":[80,80,80,80,80,80,80,80,80,80,80,80,80,80,80,80,80,80,80,80,90,90,90,90,90,90],"card_choices":[{"not_picked":["Mercenary","VoidDream"],"picked":"LittleHelper","floor":1},{"not_picked":["Carnage","Iron Wave","Pommel Strike"],"picked":"SKIP","floor":1},{"not_picked":["Carnage","Iron Wave","Pommel Strike"],"picked":"SKIP","floor":1},{"not_picked":["Clothesline","Sever Soul","Body Slam"],"picked":"SKIP","floor":3},{"not_picked":["MeatLantern","CrumblingArmor"],"picked":"Scorched","floor":7},{"not_picked":["Replay:Many Hands","Anger","Clothesline"],"picked":"SKIP","floor":7},{"not_picked":["Hemokinesis","Flame Barrier","Intimidate"],"picked":"SKIP","floor":11},{"not_picked":["Reckless Charge","Perfected Strike","Metallicize"],"picked":"SKIP","floor":12},{"not_picked":["Blood for Blood","Havoc","Entrench"],"picked":"SKIP","floor":13},{"not_picked":["Clothesline","ReplayTheSpireMod:Stacked","Heavy Blade"],"picked":"SKIP","floor":14},{"not_picked":["Shockwave","Perfected Strike","Intimidate"],"picked":"SKIP","floor":18},{"not_picked":["Armaments","Flex","Corruption"],"picked":"SKIP","floor":20},{"not_picked":["VoidDream","CherryBlossoms","OldLady"],"picked":"Singing Bowl","floor":21},{"not_picked":["Shockwave","Disarm","Cleave"],"picked":"SKIP","floor":21},{"not_picked":["Havoc","Rupture+1","Flame Barrier+1"],"picked":"SKIP","floor":22},{"not_picked":["Blood for Blood","True Grit","Pummel"],"picked":"SKIP","floor":23}],"player_experience":115715,"relics_obtained":[{"floor":4,"key":"Ring of Fury"},{"floor":4,"key":"Ring of Searing"},{"floor":9,"key":"Divine Protection"},{"floor":11,"key":"MealTicket"},{"floor":23,"key":"MawBank"},{"floor":23,"key":"Anchor"}],"event_choices":[{"damage_healed":0,"gold_gain":0,"player_choice":"Entered Light","damage_taken":16,"max_hp_gain":0,"max_hp_loss":0,"event_name":"Shining Light","floor":2,"gold_loss":0,"cards_upgraded":["Bash","Defend_R"]},{"damage_healed":0,"gold_gain":0,"player_choice":"Got Potions","damage_taken":0,"max_hp_gain":0,"max_hp_loss":0,"event_name":"Lab","floor":5,"gold_loss":0},{"damage_healed":2,"gold_gain":0,"player_choice":"Full Heal","damage_taken":0,"max_hp_gain":0,"max_hp_loss":0,"event_name":"Wheel of Change","floor":19,"gold_loss":0}],"is_beta":false,"boss_relics":[{"not_picked":["Snecko Eye","Cursed Key"],"picked":"Black Star"}],"items_purged_floors":[],"is_endless":false,"potions_floor_spawned":[3,7,12,13,14,18,22],"killed_by":"Slavers","ascension_level":1}}