{"host":"x38j7js0du66rp5l","time":1611653400,"event":{"mods":["Act Like it!","BaseMod","Conspire","Elementarium","Hallownest","Hermit","Hubris","Minty Spire (QoL Compilation)","StSLib","The Construct","The Disciple","The Servant 0.9.4"],"gold_per_floor":[115,115,126,146,146,146,164,2,52,95,154,196,208,220,232,340,352,380,412,424,424],"floor_reached":20,"language":"ENG","playtime":1064,"items_purged":[],"score":182,"play_id":"4a814021-fcfb-4d8f-ad98-46f19d9252a1","local_time":"20210126043000","is_ascension_mode":false,"campfire_choices":[{"data":"hermit:Brawl","floor":6,"key":"SMITH"},{"floor":13,"key":"REST"},{"floor":15,"key":"REST"}],"circlet_count":0,"master_deck":["hermit:Strike_Hermit","hermit:Strike_Hermit","hermit:Strike_Hermit","hermit:Strike_Hermit","hermit:Defend_Hermit","hermit:Defend_Hermit","hermit:Defend_Hermit","hermit:Defend_Hermit","hermit:Snapshot","hermit:Covet","hermit:Misfire","hermit:Brawl+1","hermit:SprayPray","hermit:LowProfile","hermit:GoldenBullet","hermit:Maintenance+1","hermit:Enervate","hermit:Showdown","hermit:Grudge","hermit:HighNoon","hermit:Deadeye"],"relics":["hermit:Momento","MawBank","Orichalcum","WingedGreaves"],"acts_visited":["Exordium","Hallownest:Greenpath"],"potions_floor_usage":[10,16,16,16],"damage_taken":[{"damage":16,"enemies":"Hallownest:2_Tiktiks_and_1_Crawlid","floor":1,"turns":5},{"damage":7,"enemies":"2_ Uuma","floor":3,"turns":3},{"damage":8,"enemies":"Hallownest:2_MossCreeps","floor":4,"turns":4},{"damage":9,"enemies":"Hallownest:Wandering_and_Horned","floor":7,"turns":4},{"damage":16,"enemies":"Hallownest:eliteVengeflyKing","floor":10,"turns":7},{"damage":14,"enemies":"Hallownest:eliteMossKnight","floor":12,"turns":8},{"damage":33,"enemies":"Hallownest:BossFalseKnight","floor":16,"turns":8},{"damage":39,"enemies":"Hallownest:3_Youths","floor":18,"turns":7},{"damage":31,"enemies":"Hallownest:2_Mistakes","floor":19,"turns":7},{"damage":0,"enemies":"Hallownest:Master_and_Novice","floor":20,"turns":2}],"seed_played":"-2571891808026626321","potions_obtained":[{"floor":3,"key":"DuplicationPotion"},{"floor":7,"key":"Ancient Potion"},{"floor":12,"key":"Dexterity Potion"}],"is_trial":false,"path_per_floor":["M","?","M","M","?","R","M","$","T","E","?","E","R","?","R","B",null,"M","M","M"],"character_chosen":"HERMIT","items_purchased":["hermit:Maintenance","hermit:Enervate","Strength Potion"],"campfire_rested":2,"item_purchase_floors":[8,8,8],"current_hp_per_floor":[66,66,59,51,41,41,32,32,32,16,16,2,26,26,50,17,82,43,12,12,12],"gold":424,"neow_bonus":"TEN_PERCENT_HP_BONUS","is_daily":false,"chose_seed":false,"campfire_upgraded":1,"win_rate":0.0,"timestamp":1611653400,"path_taken":["M","?","M","M","?","R","M","?","T","E","?","E","R","?","R","BOSS","M","M","M"],"items_purchased_type":["Card","Card","Potion"],"build_version":"2020-12-22","purchased_purges":0,"victory":false,"max_hp_per_floor":[82,82,82,82,82,82,82,82,82,82,82,82,82,82,82,82,82,82,82,82,82],"card_choices":[{"not_picked":["hermit:Vantage","hermit:HoleUp"],"picked":"hermit:Misfire","floor":1},{"not_picked":["hermit:FullyLoaded","hermit:LowProfile"],"picked":"hermit:SprayPray","floor":3},{"not_picked":["hermit:FullyLoaded","hermit:Glare"],"picked":"hermit:LowProfile","floor":4},{"not_picked":["hermit:Snipe","hermit:Misfire"],"picked":"hermit:GoldenBullet","floor":7},{"not_picked":["hermit:Combo","hermit:HighCaliber"],"picked":"hermit:Showdown","floor":10},{"not_picked":["hermit:Gestalt","hermit:CalledShot"],"picked":"hermit:Grudge","floor":12},{"not_picked":["hermit:Magnum","hermit:EternalForm"],"picked":"hermit:HighNoon","floor":16},{"not_picked":["hermit:BigShot","hermit:LuckOfTheDraw"],"picked":"hermit:Deadeye","floor":18},{"not_picked":["hermit:Roulette","hermit:BodyArmor","hermit:FullyLoaded"],"picked":"SKIP","floor":19}],"player_experience":5593,"relics_obtained":[{"floor":9,"key":"MawBank"},{"floor":10,"key":"Orichalcum"},{"floor":12,"key":"WingedGreaves"}],"event_choices":[],"is_beta":false,"boss_relics":[{"not_picked":["Astrolabe","hubris:GrandSneckoEye","Calling Bell"]}],"items_purged_floors":[],"is_endless":false,"potions_floor_spawned":[3,7,12],"killed_by":"Hallownest:Master_and_Novice","ascension_level":0}}