{"host":"86exz9sc3zcspcml","time":1611691831,"event":{"mods":["AchievementEnabler","BaseMod","Better Third Choice","Colored Map","Colored Powertips","Gold Saver","Minty Spire (QoL Compilation)","Quick Restart","Rare Cards Sparkle","Spire Birthday Party","StSLib"],"gold_per_floor":[212,26,38,38,53,88,88,88,114,130,156,174,174,185,185,283,283,303,317,317,331,281,281,281,281],"floor_reached":24,"language":"ENG","playtime":1315,"items_purged":[],"score":208,"play_id":"50e74c88-12da-404b-a262-78acfe6b1cc5","local_time":"20210126141031","is_ascension_mode":false,"campfire_choices":[{"data":"Apotheosis","floor":7,"key":"SMITH"},{"floor":15,"key":"REST"},{"floor":23,"key":"REST"}],"circlet_count":0,"master_deck":["Strike_B","Strike_B","Strike_B","Strike_B","Defend_B","Defend_B","Defend_B","Defend_B","Zap","Dualcast","Rebound","Apotheosis+1","Gash","Shockwave+1","Barrage","Sweeping Beam","Redo","Rebound","FTL","Capacitor","Seek","Loop+1","Loop+1","Leap"],"relics":["Cracked Core","NeowsBlessing","Art of War","Bronze Scales","Happy Flower","Nuclear Battery"],"acts_visited":["Exordium","TheCity"],"potions_floor_usage":[6,18],"damage_taken":[{"damage":0,"enemies":"Small Slimes","floor":1,"turns":1},{"damage":0,"enemies":"Cultist","floor":3,"turns":1},{"damage":0,"enemies":"2 Louse","floor":5,"turns":1},{"damage":30,"enemies":"3 Sentries","floor":6,"turns":6},{"damage":6,"enemies":"2 Fungi Beasts","floor":10,"turns":2},{"damage":18,"enemies":"Lagavulin","floor":11,"turns":4},{"damage":31,"enemies":"Gremlin Gang","floor":12,"turns":4},{"damage":1,"enemies":"Large Slime","floor":14,"turns":3},{"damage":39,"enemies":"The Guardian","floor":16,"turns":8},{"damage":22,"enemies":"2 Thieves","floor":18,"turns":3},{"damage":0,"enemies":"3 Byrds","floor":19,"turns":2},{"damage":33,"enemies":"Sentry and Sphere","floor":21,"turns":4},{"damage":42,"enemies":"Snake Plant","floor":24,"turns":4}],"seed_played":"-2088391680496911209","potions_obtained":[{"floor":3,"key":"Fire Potion"},{"floor":16,"key":"FocusPotion"},{"floor":19,"key":"Explosive Potion"},{"floor":21,"key":"BlessingOfTheForge"}],"is_trial":false,"path_per_floor":["M","$","M","?","M","E","R","?","T","M","E","M","?","M","R","B",null,"M","M","?","M","?","R","M"],"character_chosen":"DEFECT","items_purchased":["Apotheosis"],"campfire_rested":2,"item_purchase_floors":[2],"current_hp_per_floor":[75,75,75,59,59,29,29,75,75,69,51,20,20,19,41,2,75,53,53,53,20,20,42,0,0],"gold":281,"neow_bonus":"THREE_ENEMY_KILL","is_daily":false,"chose_seed":false,"campfire_upgraded":1,"win_rate":0.0,"timestamp":1611691831,"path_taken":["M","$","M","?","M","E","R","?","T","M","E","?","?","M","R","BOSS","M","M","?","?","?","R","M"],"items_purchased_type":["Card"],"build_version":"2020-12-22","purchased_purges":0,"victory":false,"max_hp_per_floor":[75,75,75,75,75,75,75,75,75,75,75,75,75,75,75,75,75,75,75,75,75,75,75,75,75],"card_choices":[{"not_picked":["Glacier","Steam Power"],"picked":"Rebound","floor":1},{"not_picked":["Capacitor","Redo"],"picked":"Gash","floor":3},{"not_picked":["Reinforced Body","Turbo"],"picked":"Barrage","floor":5},{"not_picked":["Double Energy","Barrage"],"picked":"Sweeping Beam","floor":6},{"not_picked":["Force Field","Barrage"],"picked":"Redo","floor":10},{"not_picked":["Go for the Eyes","Conserve Battery"],"picked":"Rebound","floor":11},{"not_picked":["BootSequence","Conserve Battery"],"picked":"FTL","floor":12},{"not_picked":["Chaos","Hologram"],"picked":"Capacitor","floor":14},{"not_picked":["Buffer","Multi-Cast"],"picked":"Seek","floor":16},{"not_picked":["Sweeping Beam","Turbo"],"picked":"Loop","floor":18},{"not_picked":["White Noise","Chill"],"picked":"Loop+1","floor":19},{"not_picked":["Scrape","Hologram"],"picked":"Leap","floor":21}],"player_experience":91238,"relics_obtained":[{"floor":6,"key":"Bronze Scales"},{"floor":11,"key":"Happy Flower"}],"event_choices":[{"damage_healed":46,"gold_gain":0,"player_choice":"Full Heal","damage_taken":0,"max_hp_gain":0,"max_hp_loss":0,"event_name":"Wheel of Change","floor":8,"gold_loss":0},{"damage_healed":0,"gold_gain":0,"player_choice":"Ignored","damage_taken":0,"max_hp_gain":0,"max_hp_loss":0,"event_name":"Golden Wing","floor":13,"gold_loss":0},{"damage_healed":0,"gold_gain":0,"player_choice":"Forge","damage_taken":0,"max_hp_gain":0,"max_hp_loss":0,"event_name":"Accursed Blacksmith","floor":20,"gold_loss":0,"cards_upgraded":["Loop"]},{"damage_healed":0,"gold_gain":0,"player_choice":"Bet on Owner","damage_taken":0,"max_hp_gain":0,"max_hp_loss":0,"event_name":"The Joust","floor":22,"gold_loss":50}],"is_beta":false,"boss_relics":[{"not_picked":["SacredBark","Sozu"],"picked":"Nuclear Battery"}],"items_purged_floors":[],"is_endless":false,"potions_floor_spawned":[3,16,19,21],"killed_by":"Snake Plant","ascension_level":0}}