{"host":"3e3mwsgb9gfqiuxm","time":1611646078,"event":{"mods":["Act Like it!","BaseMod","Colored Map","Colored Powertips","Downfall","Gensokyo","Hermit","Marisa????????","Minty Spire (QoL Compilation)","Replay The Spire","StSLib","The Animator","The Bug Knight","The Cursed","The Servant 0.9.4"],"gold_per_floor":[114,69,87,98,133,171,171,213,237,261,308,69,69,110,110,259,259,305,0,14,14,14,14,77,160,160,192,257,257,316,316,316,388,388],"floor_reached":33,"language":"ENG","playtime":1902,"items_purged":[],"score":365,"play_id":"5f540e1f-3aa0-4d13-97aa-a87317f17efe","local_time":"20210126022758","is_ascension_mode":true,"campfire_choices":[{"data":"BinaryStars","floor":7.0,"key":"SMITH"},{"data":"Robbery","floor":13.0,"key":"SMITH"},{"data":"EventHorizon","floor":15.0,"key":"SMITH"},{"data":"TreasureHunter","floor":23.0,"key":"SMITH"},{"data":"SuperNova","floor":29.0,"key":"SMITH"},{"data":"SprinkleStarSeal","floor":32.0,"key":"SMITH"}],"circlet_count":0,"master_deck":["Strike_MRS+1","Strike_MRS","Strike_MRS+1","Strike_MRS","Defend_MRS","Defend_MRS","Defend_MRS+1","Defend_MRS","MasterSpark","Orbital","ShootingEcho","FairyDestructionRay","Robbery+1","SuperPerseids","BinaryStars+1","EventHorizon+1","MagicAbsorber","WitchOfGreed","EscapeVelocity+1","BlazeAway+1","WitchOfGreed","TreasureHunter+1","WitchLeyline","SuperNova+1","SprinkleStarSeal+1","Slimebound:Prepare"],"relics":["MiniHakkero","NeowsBlessing","Garlic","Toy Ornithopter","Replay:Mystery Machine","Happy Flower","Eternal Feather","Philosopher\u0027s Stone","Sundial","Pet Ghost","Prayer Wheel","HollowMod:StagPassRelic","Onion Ring","Dream Catcher","ReplayTheSpireMod:Ninjato","Torii"],"acts_visited":["Exordium","Gensokyo:Gensokyoer"],"potions_floor_usage":[33,33,33],"damage_taken":[{"damage":0.0,"enemies":"Cultist","floor":1.0,"turns":1.0},{"damage":0.0,"enemies":"2 Louse","floor":3.0,"turns":1.0},{"damage":0.0,"enemies":"Jaw Worm","floor":4.0,"turns":1.0},{"damage":5.0,"enemies":"Looter","floor":5.0,"turns":3.0},{"damage":2.0,"enemies":"Gremlin Nob","floor":6.0,"turns":3.0},{"damage":8.0,"enemies":"3 Sentries","floor":8.0,"turns":5.0},{"damage":0.0,"enemies":"Large Slime","floor":10.0,"turns":4.0},{"damage":9.0,"enemies":"Gremlin Nob","floor":11.0,"turns":4.0},{"damage":0.0,"enemies":"Exordium Thugs","floor":14.0,"turns":3.0},{"damage":18.0,"enemies":"The Guardian","floor":16.0,"turns":11.0},{"damage":0.0,"enemies":"Gensokyo:2_Gloops","floor":18.0,"turns":4.0},{"damage":0.0,"enemies":"Gensokyo:AngelMirror","floor":20.0,"turns":3.0},{"damage":0.0,"enemies":"Gensokyo:Chomper_and_Gloop","floor":24.0,"turns":4.0},{"damage":32.0,"enemies":"Gensokyo:Tenshi","floor":25.0,"turns":3.0},{"damage":2.0,"enemies":"Gensokyo:Reisen","floor":27.0,"turns":3.0},{"damage":36.0,"enemies":"Gensokyo:Wraith","floor":28.0,"turns":6.0},{"damage":2.0,"enemies":"Gensokyo:Koishi","floor":30.0,"turns":3.0},{"damage":98,"enemies":"Gensokyo:Eternal_Rivals","floor":33,"turns":7}],"seed_played":"-3881900937421769372","potions_obtained":[{"floor":3.0,"key":"EntropicBrew"},{"floor":6.0,"key":"hexamod:SoulburnPotion"},{"floor":11.0,"key":"Fire Potion"},{"floor":14.0,"key":"BlessingOfTheForge"},{"floor":16.0,"key":"SkillPotion"},{"floor":18.0,"key":"Block Potion"},{"floor":24.0,"key":"hexamod:SoulburnPotion"},{"floor":25.0,"key":"EntropicBrew"},{"floor":25.0,"key":"bronze:BurnAndBuffPotion"},{"floor":25.0,"key":"bronze:BurnAndBuffPotion"},{"floor":28.0,"key":"hexamod:SoulburnPotion"},{"floor":28.0,"key":"sneckomod:MuddlingPotion"},{"floor":30.0,"key":"SteroidPotion"},{"floor":30.0,"key":"StarNLove"}],"is_trial":false,"path_per_floor":["M","$","M","M","M","E","R","E","T","M","E","$","R","M","R","B",null,"M","?","M","T","?","R","M","E","T","E","M","R","E","?","R","B"],"character_chosen":"MARISA","items_purchased":["ShootingEcho","Eternal Feather"],"campfire_rested":0,"item_purchase_floors":[2,12],"current_hp_per_floor":[75,75,75,75,70,68,68,60,60,60,56,56,65,70,75,57,75,75,75,75,75,75,75,75,53,53,73,37,49,52,52,67,0,0],"gold":388,"neow_bonus":"THREE_ENEMY_KILL","is_daily":false,"chose_seed":false,"campfire_upgraded":6,"win_rate":0.0,"timestamp":1611646078,"path_taken":["M","$","?","?","?","E","R","E","T","M","E","$","R","M","R","BOSS","M","?","M","?","?","R","M","E","T","E","M","R","E","?","R","BOSS"],"items_purchased_type":["Card","Relic"],"build_version":"2020-12-22","purchased_purges":0,"victory":false,"max_hp_per_floor":[75,75,75,75,75,75,75,75,75,75,75,75,75,75,75,75,75,75,75,75,75,75,75,75,75,75,75,75,75,75,75,75,75,75],"card_choices":[{"not_picked":["LuminesStrike","IllusionStar"],"picked":"Orbital","floor":1.0},{"not_picked":["MilkyWay","GalacticHalo"],"picked":"FairyDestructionRay","floor":3.0},{"not_picked":["GravityBeat","DarkSpark"],"picked":"Robbery","floor":4.0},{"not_picked":["Orbital","Robbery"],"picked":"SuperPerseids","floor":5.0},{"not_picked":["OortCloud","SatelliteIllusion"],"picked":"BinaryStars","floor":6.0},{"not_picked":["SporeBomb","LuminesStrike"],"picked":"EventHorizon","floor":8.0},{"not_picked":["Acceleration","GravityBeat"],"picked":"MagicAbsorber","floor":10.0},{"not_picked":["StarlightTyphoon","ShootingEcho"],"picked":"WitchOfGreed","floor":11.0},{"not_picked":["EventHorizon","GravityBeat","DarkSpark"],"picked":"SKIP","floor":14.0},{"not_picked":["FinalSpark","ManaRampage"],"picked":"EscapeVelocity","floor":16.0},{"not_picked":["StarBarrage","ShootingEcho"],"picked":"BlazeAway+1","floor":18.0},{"not_picked":["6A","UnstableBomb"],"picked":"WitchOfGreed","floor":20.0},{"not_picked":["RefractionSpark","GravityBeat+1"],"picked":"WitchLeyline","floor":24.0},{"not_picked":["OneTimeOff","EnergyRecoil","Singularity"],"picked":"SKIP","floor":25.0},{"not_picked":["AlicesGift","UnstableBomb"],"picked":"SuperNova","floor":27.0},{"not_picked":["LuminesStrike","DC","ShootTheMoon"],"picked":"SKIP","floor":28.0},{"not_picked":["WitchLeyline","WitchOfGreed","IllusionStar"],"picked":"SKIP","floor":28.0},{"not_picked":["EnergyFlow","WitchOfGreed+1"],"picked":"SprinkleStarSeal","floor":30.0}],"player_experience":1316168,"relics_obtained":[{"floor":6.0,"key":"Garlic"},{"floor":8.0,"key":"Toy Ornithopter"},{"floor":9.0,"key":"Replay:Mystery Machine"},{"floor":11.0,"key":"Happy Flower"},{"floor":21.0,"key":"Sundial"},{"floor":25.0,"key":"Pet Ghost"},{"floor":25.0,"key":"Prayer Wheel"},{"floor":26.0,"key":"HollowMod:StagPassRelic"},{"floor":27.0,"key":"Onion Ring"},{"floor":27.0,"key":"Dream Catcher"},{"floor":30.0,"key":"ReplayTheSpireMod:Ninjato"},{"floor":30.0,"key":"Torii"}],"event_choices":[],"is_beta":false,"boss_relics":[{"not_picked":["Runic Dome","Painkiller Herb"],"picked":"Philosopher\u0027s Stone"}],"items_purged_floors":[],"is_endless":false,"potions_floor_spawned":[3,6,8,11,24,25,28,30],"killed_by":"Gensokyo:Eternal_Rivals","ascension_level":1}}