{"host":"mi0eibewekhugwl1","time":1611676187,"event":{"mods":["AchievementEnabler","BaseMod","Colored Map","Colored Powertips","DeckTracker","Keyboard Shortcuts","Minty Spire (QoL Compilation)","Quick Restart","Rare Cards Sparkle","Relic Stats","StSLib","SuperFastMode","everything is the same but u backflip on backflip"],"gold_per_floor":[116,116,130,145,161,161,161,174,174,174,174,192,202,127,127,127,127],"floor_reached":16,"language":"KOR","playtime":248,"items_purged":[],"score":188,"play_id":"5a998e72-a31d-4c2e-a004-183733ff393c","local_time":"20210127004947","is_ascension_mode":true,"campfire_choices":[{"data":"Blade Dance","floor":6,"key":"SMITH"},{"floor":11,"key":"REST"},{"data":"Finisher","floor":15,"key":"SMITH"}],"circlet_count":0,"master_deck":["AscendersBane","Strike_G","Strike_G","Strike_G","Defend_G","Defend_G","Defend_G","Defend_G","Defend_G","Survivor","Neutralize","Blade Dance+1","Dash","Finisher+1","Calculated Gamble","Endless Agony"],"relics":["Ring of the Snake","Pear","Gambling Chip"],"acts_visited":["Exordium"],"potions_floor_usage":[8,16],"damage_taken":[{"damage":32,"enemies":"Cultist","floor":1,"turns":7},{"damage":2,"enemies":"Small Slimes","floor":3,"turns":3},{"damage":7,"enemies":"2 Louse","floor":4,"turns":3},{"damage":1,"enemies":"Looter","floor":5,"turns":3},{"damage":3,"enemies":"Exordium Thugs","floor":8,"turns":4},{"damage":1,"enemies":"3 Louse","floor":12,"turns":2},{"damage":0,"enemies":"2 Fungi Beasts","floor":13,"turns":3},{"damage":64,"enemies":"Slime Boss","floor":16,"turns":7}],"seed_played":"-7216405177692073223","potions_obtained":[{"floor":3,"key":"DistilledChaos"},{"floor":12,"key":"Regen Potion"}],"is_trial":false,"path_per_floor":["M","T","M","M","M","R","?","M","T","?","R","M","M","?","R","B"],"character_chosen":"THE_SILENT","items_purchased":[],"campfire_rested":1,"item_purchase_floors":[],"current_hp_per_floor":[33,43,41,34,33,33,26,23,23,23,47,46,46,46,46,0,0],"gold":127,"neow_bonus":"TEN_PERCENT_HP_BONUS","is_daily":false,"chose_seed":false,"campfire_upgraded":2,"win_rate":0.0,"timestamp":1611676187,"path_taken":["M","?","M","M","M","R","?","M","T","?","R","?","M","?","R","BOSS"],"items_purchased_type":[],"build_version":"2020-12-22","purchased_purges":0,"victory":false,"max_hp_per_floor":[72,82,82,82,82,82,82,82,82,82,82,82,82,82,82,82,82],"relic_stats":{"counters":[8,32],"Gambling Chip":[15],"obtain_stats":[{"Pear":2,"Gambling Chip":9,"Ring of the Snake":0},{"Pear":1,"Gambling Chip":5,"Ring of the Snake":0},{"Pear":7,"Gambling Chip":20,"Ring of the Snake":0}],"Ring of the Snake":[16]},"card_choices":[{"not_picked":["Bane","Concentrate"],"picked":"Blade Dance","floor":1},{"not_picked":["Cloak And Dagger","Flying Knee"],"picked":"Dash","floor":3},{"not_picked":["Tactician","Expertise"],"picked":"Finisher","floor":4},{"not_picked":["Poisoned Stab","Acrobatics","Dodge and Roll"],"picked":"SKIP","floor":5},{"not_picked":["Infinite Blades","Outmaneuver"],"picked":"Calculated Gamble","floor":8},{"not_picked":["PiercingWail","Dodge and Roll"],"picked":"Endless Agony","floor":12},{"not_picked":["Prepared","Underhanded Strike","Expertise"],"picked":"SKIP","floor":13}],"player_experience":1764203,"relics_obtained":[{"floor":2,"key":"Pear"},{"floor":9,"key":"Gambling Chip"}],"event_choices":[{"cards_removed":["Strike_G"],"damage_healed":0,"gold_gain":0,"player_choice":"Card Removal","damage_taken":7,"max_hp_gain":0,"max_hp_loss":0,"event_name":"Golden Wing","floor":7,"gold_loss":0},{"damage_healed":0,"gold_gain":0,"player_choice":"0 cards matched","damage_taken":0,"max_hp_gain":0,"max_hp_loss":0,"event_name":"Match and Keep!","floor":10,"gold_loss":0,"cards_obtained":[]},{"cards_removed":["Strike_G"],"damage_healed":0,"gold_gain":0,"player_choice":"Card Removal","damage_taken":0,"max_hp_gain":0,"max_hp_loss":0,"event_name":"The Cleric","floor":14,"gold_loss":75}],"is_beta":false,"boss_relics":[],"items_purged_floors":[],"is_endless":false,"potions_floor_spawned":[3,12],"killed_by":"Slime Boss","ascension_level":20}}