{"host":"snn1c4qsf0fj7fzf","time":1611657158,"event":{"mods":["AchievementEnabler","Aspiration","Astrologer","BaseMod","Colored Powertips","Downfall","Hermit","Infinite Spire","Lobotomy","Marisa????????","Minty Spire (QoL Compilation)","Random Character Button","Rare Cards Sparkle","Reimu??????","Reliquary","Replay The Spire","Shop Mod","Spire Arcade","StSLib","The Administrix","The Cursed","The Gatherer","The Hierophant","The Poker Player","The Runesmith","Wandering Minibosses"],"gold_per_floor":[114,125,50,68,83,114,114,144,144,109,159,194,206,206,206,310,310,328,288,288,288,311,311,226,226,226,246,246,246,94,111,111,209,209,222,235,335,335,352,352,372,401,401,436,13,13,23,33,33,33],"floor_reached":51,"language":"ENG","playtime":11677,"items_purged":["AdministrixMod:Strike_Administrix","downfall:Bewildered","AdministrixMod:Strike_Administrix","Parasite"],"score":823,"play_id":"1b5eb3c9-cb73-49e9-839d-be88d0e2cb92","local_time":"20210126183238","is_ascension_mode":false,"campfire_choices":[{"data":"AdministrixMod:CastOffRegrets","floor":7,"key":"SMITH"},{"data":"AdministrixMod:LightOfYourLife","floor":15,"key":"SMITH"},{"data":"AdministrixMod:ArmillarySphere","floor":23,"key":"SMITH"},{"data":"AdministrixMod:Convergence","floor":29,"key":"SMITH"},{"data":"AdministrixMod:StarSwordSoul","floor":40,"key":"SMITH"},{"data":"AdministrixMod:PassageOfAges","floor":46,"key":"SMITH"},{"data":"AdministrixMod:PassageOfAges","floor":46,"key":"SMITH"},{"data":"AdministrixMod:RedCloak","floor":49,"key":"SMITH"},{"data":"AdministrixMod:HarmonicReverence","floor":49,"key":"SMITH"}],"circlet_count":0,"master_deck":["AdministrixMod:Strike_Administrix","AdministrixMod:Strike_Administrix","AdministrixMod:RedCloak+1","AdministrixMod:Defend_Administrix","AdministrixMod:Defend_Administrix","AdministrixMod:Defend_Administrix","AdministrixMod:Defend_Administrix","AdministrixMod:BlueCloak","AdministrixMod:PassageOfAges+1","AdministrixMod:PassageOfAges+1","Rampage+1","AdministrixMod:CastOffRegrets+1","AdministrixMod:HarmonicReverence+1","AdministrixMod:LightOfYourLife+1","AdministrixMod:ImmortalClarity+1","AdministrixMod:ArmillarySphere+1","infinitespire:NeuralNetwork","AdministrixMod:GuanyinBlessing+1","AdministrixMod:Convergence+1","AdministrixMod:ImmortalClarity","AdministrixMod:StarSwordSoul+1","AdministrixMod:ShadowPlay","AdministrixMod:Transition+1","AdministrixMod:CastOffRegrets+1"],"relics":["AdministrixMod:ConductorRitualBaton","aspiration:Nostalgia","m_RuneBlood","infinitespire:Satchel","Sundial","Replay:Ringing Soul","reliquary:RoseTintedGlasses","Mango","Blue Candle","Philosopher\u0027s Stone","ZunR:ReiMu","sneckomod:BabySnecko","Nunchaku","Eternal Feather","reliquary:PrincelyHelmet","reliquary:WritOfMandamus","infinitespire:Bottled Soul","Guide Book","Replay:Bronze Core","TheAbacus","Black Star","Singing Bowl","HornCleat","reliquary:QuartzCube","Gambling Chip","reliquary:SilkGlove","Membership Card","Replay:Arrowhead","MerchantsRug"],"acts_visited":["Exordium","TheCity","TheBeyond"],"potions_floor_usage":[16,31,33,39,50,50,50],"damage_taken":[{"damage":0,"enemies":"Cultist","floor":1,"turns":3},{"damage":0,"enemies":"2 Louse","floor":2,"turns":2},{"damage":0,"enemies":"Jaw Worm","floor":4,"turns":3},{"damage":0,"enemies":"Exordium Wildlife","floor":5,"turns":3},{"damage":20,"enemies":"Gremlin Nob","floor":6,"turns":4},{"damage":18,"enemies":"Lagavulin","floor":8,"turns":5},{"damage":7,"enemies":"Gremlin Nob","floor":12,"turns":3},{"damage":0,"enemies":"2 Fungi Beasts","floor":13,"turns":2},{"damage":2,"enemies":"The Guardian","floor":16,"turns":6},{"damage":0,"enemies":"Shell Parasite","floor":18,"turns":4},{"damage":0,"enemies":"Chosen","floor":27,"turns":3},{"damage":6,"enemies":"3 Cultists","floor":31,"turns":3},{"damage":13,"enemies":"Automaton","floor":33,"turns":5},{"damage":0,"enemies":"3 Darklings","floor":35,"turns":3},{"damage":0,"enemies":"Orb Walker","floor":36,"turns":3},{"damage":0,"enemies":"Spire Growth","floor":39,"turns":3},{"damage":19,"enemies":"Writhing Mass","floor":41,"turns":3},{"damage":2,"enemies":"Giant Head","floor":42,"turns":5},{"damage":0,"enemies":"Reptomancer","floor":44,"turns":3},{"damage":0,"enemies":"Maw","floor":47,"turns":3},{"damage":0,"enemies":"Sphere and 2 Shapes","floor":48,"turns":3},{"damage":2,"enemies":"Time Eater","floor":50,"turns":5},{"damage":31,"enemies":"Malkuth","floor":51,"turns":6},{"damage":43,"enemies":"Netzach","floor":51,"turns":6},{"damage":105,"enemies":"Chesed","floor":51,"turns":5}],"seed_played":"7612341874906484376","potions_obtained":[{"floor":1,"key":"Guardian:BlockOnCardUsePotion"},{"floor":4,"key":"Ancient Potion"},{"floor":8,"key":"infinitespire:BlackPotion"},{"floor":27,"key":"Fire Potion"},{"floor":31,"key":"SkillPotion"},{"floor":39,"key":"Flashbang"},{"floor":41,"key":"Reflective Coating"}],"is_trial":false,"path_per_floor":["M","M","$","M","M","E","R","E","T","?","T","E","M","?","R","B",null,"M","?","?","?","T","R","?","AVR","T","M","?","R","$","M","R","B",null,"M","M","?","AVR","M","R","M","E","T","E","$","R","M","M","R","B",null],"character_chosen":"TheAdministrix","items_purchased":["Guide Book","Membership Card","Replay:Arrowhead","MerchantsRug"],"campfire_rested":0,"item_purchase_floors":[30,45,45,45],"current_hp_per_floor":[65,65,65,65,65,48,48,33,33,49,49,62,65,60,60,64,85,88,88,91,91,91,91,91,94,94,97,100,100,100,97,103,96,106,106,109,109,109,112,112,99,103,103,108,108,117,119,121,121,121],"gold":33,"neow_bonus":"NOSTALGIA","is_daily":false,"chose_seed":false,"campfire_upgraded":9,"win_rate":0.0,"timestamp":1611657158,"path_taken":["M","M","?","M","M","E","R","E","T","?","?","E","?","?","R","BOSS","M","?","?","?","?","R","?","AVR","T","?","?","R","$","M","R","BOSS","M","M","?","AVR","M","R","?","E","T","E","?","R","M","M","R","BOSS"],"items_purchased_type":["Relic","Relic","Relic","Relic"],"build_version":"2020-12-22","purchased_purges":4,"victory":true,"max_hp_per_floor":[65,65,65,65,65,65,65,65,65,65,65,82,82,82,82,85,85,88,88,91,91,91,91,91,94,94,97,100,100,100,100,103,106,106,106,109,109,109,112,112,115,118,118,120,117,117,119,121,121,121],"card_choices":[{"not_picked":["AdministrixMod:SyncreticSurge","ReplayTheSpireMod:LeadingStrike"],"picked":"AdministrixMod:PassageOfAges","floor":1},{"not_picked":["AdministrixMod:ImmortalPurity","AdministrixMod:HarmonicReverence"],"picked":"AdministrixMod:PassageOfAges","floor":2},{"not_picked":["AdministrixMod:CrackingPangu","AdministrixMod:FiendishCrimson"],"picked":"Rampage","floor":4},{"not_picked":["AdministrixMod:SipOfSparks","AdministrixMod:BloodlessSapphire"],"picked":"AdministrixMod:CastOffRegrets","floor":5},{"not_picked":["AdministrixMod:Wuji","AdministrixMod:TrickOfTheLight","AdministrixMod:SipOfSparks"],"picked":"SKIP","floor":6},{"not_picked":["AdministrixMod:BishamonBlessing","AdministrixMod:Transition"],"picked":"AdministrixMod:HarmonicReverence","floor":8},{"not_picked":["AdministrixMod:PlateOfAntiquity","AdministrixMod:Transition"],"picked":"AdministrixMod:LightOfYourLife","floor":12},{"not_picked":["AdministrixMod:Transcension","AdministrixMod:ExtolVirtue","AdministrixMod:Untouchable"],"picked":"SKIP","floor":13},{"not_picked":["AdministrixMod:BrewingCloister","AdministrixMod:AmassedMasks"],"picked":"AdministrixMod:ImmortalClarity","floor":16},{"not_picked":["AdministrixMod:TrickOfTheLight","AdministrixMod:FuneraryRites"],"picked":"AdministrixMod:ArmillarySphere","floor":18},{"not_picked":["AdministrixMod:Katabasis","AdministrixMod:SealAway+1"],"picked":"AdministrixMod:GuanyinBlessing+1","floor":27},{"not_picked":["AdministrixMod:ExtolVirtue","AdministrixMod:CrackingPangu","AdministrixMod:TouchOfCinnabar"],"picked":"SKIP","floor":31},{"not_picked":["AdministrixMod:FalseDeath","AdministrixMod:AmassedMasks"],"picked":"AdministrixMod:StarSwordSoul","floor":33},{"not_picked":["AdministrixMod:PassageOfAges","AdministrixMod:TrickOfTheLight+1","AdministrixMod:SipOfSparks+1"],"picked":"SKIP","floor":35},{"not_picked":["AdministrixMod:BishamonBlessing+1","AdministrixMod:Metempsychosis+1"],"picked":"AdministrixMod:ShadowPlay","floor":36},{"not_picked":["AdministrixMod:SipOfSparks","AdministrixMod:CrackingPangu"],"picked":"AdministrixMod:Transition+1","floor":39},{"not_picked":["AdministrixMod:LightOfYourLife","AdministrixMod:GirlsDoItBetter","AdministrixMod:DiversionaryTactic+1"],"picked":"SKIP","floor":41},{"not_picked":["AdministrixMod:SyncreticPlunge","AdministrixMod:ImmortalPurity"],"picked":"AdministrixMod:CastOffRegrets+1","floor":42},{"not_picked":["AdministrixMod:ImmortalPurity+1","AdministrixMod:RegentEdict","AdministrixMod:NoblePath"],"picked":"Singing Bowl","floor":44},{"not_picked":["AdministrixMod:SealAway+1","AdministrixMod:ReachToHeaven+1","AdministrixMod:BegetEternity+1"],"picked":"Singing Bowl","floor":47},{"not_picked":["AdministrixMod:SeventeenArticleLaser+1","AdministrixMod:LifeforceNet","AdministrixMod:SipOfSparks"],"picked":"Singing Bowl","floor":48}],"player_experience":336065,"relics_obtained":[{"floor":6,"key":"infinitespire:Satchel"},{"floor":8,"key":"Sundial"},{"floor":9,"key":"Replay:Ringing Soul"},{"floor":11,"key":"reliquary:RoseTintedGlasses"},{"floor":12,"key":"Mango"},{"floor":22,"key":"Nunchaku"},{"floor":26,"key":"infinitespire:Bottled Soul"},{"floor":42,"key":"Singing Bowl"},{"floor":42,"key":"HornCleat"},{"floor":43,"key":"reliquary:QuartzCube"},{"floor":44,"key":"Gambling Chip"},{"floor":44,"key":"reliquary:SilkGlove"}],"event_choices":[{"damage_healed":16,"gold_gain":0,"player_choice":"Healed","damage_taken":0,"max_hp_gain":0,"max_hp_loss":0,"event_name":"The Cleric","floor":10,"gold_loss":35},{"damage_healed":0,"gold_gain":0,"player_choice":"Keep O-miki","damage_taken":0,"relics_obtained":["ZunR:ReiMu"],"max_hp_gain":0,"max_hp_loss":0,"event_name":"ZunEvent","floor":19,"gold_loss":40},{"damage_healed":0,"gold_gain":0,"player_choice":"Ignored","damage_taken":0,"max_hp_gain":0,"max_hp_loss":0,"event_name":"Beggar","floor":21,"gold_loss":0},{"damage_healed":0,"gold_gain":0,"player_choice":"Obtained Relic","damage_taken":0,"relics_obtained":["Eternal Feather"],"max_hp_gain":0,"max_hp_loss":0,"event_name":"Addict","floor":24,"gold_loss":85},{"damage_healed":0,"gold_gain":0,"player_choice":"Read","damage_taken":0,"max_hp_gain":0,"max_hp_loss":0,"event_name":"The Library","floor":28,"gold_loss":0,"cards_obtained":["AdministrixMod:Convergence"]},{"damage_healed":0,"gold_gain":100,"player_choice":"Pray","damage_taken":0,"max_hp_gain":0,"max_hp_loss":0,"event_name":"Golden Shrine","floor":37,"gold_loss":0}],"is_beta":false,"boss_relics":[{"not_picked":["Fusion Hammer","Runic Pyramid"],"picked":"Philosopher\u0027s Stone"},{"not_picked":["Cursed Key","aspiration:RitualDagger"],"picked":"Replay:Bronze Core"}],"items_purged_floors":[3,25,38,45],"is_endless":false,"potions_floor_spawned":[1,4,8,12,27,31,39,41,44],"ascension_level":0}}