{"host":"g907ck67u7c3hrs6","time":1611660331,"event":{"mods":["BaseMod","Colored Map","DeckTracker","Highlight Path","Keyboard Shortcuts","Minty Spire (QoL Compilation)","Permanent Neow","Say the Spire","SuperFastMode"],"gold_per_floor":[110,121,71,246,56,56,56,56,56,56,89,119,150,166,166,262,262,280,280,205,230,248,248,248],"floor_reached":23,"language":"KOR","playtime":777,"items_purged":["Doubt"],"score":225,"play_id":"6c0542ea-0bce-4b7a-9cf8-6e97f96dfa69","local_time":"20210126202531","daily_mods":["Heirloom","Flight","DeadlyEvents","Elite Swarm"],"is_ascension_mode":false,"campfire_choices":[{"data":"Apotheosis","floor":6,"key":"SMITH"},{"data":"Infinite Blades","floor":7,"key":"SMITH"},{"data":"Infinite Blades","floor":8,"key":"SMITH"},{"data":"Neutralize","floor":10,"key":"SMITH"},{"data":"After Image","floor":15,"key":"SMITH"}],"circlet_count":0,"master_deck":["Strike_G","Strike_G","Strike_G","Strike_G","Defend_G","Defend_G","Defend_G","Defend_G","Defend_G","Survivor","Neutralize+1","Infinite Blades+1","Infinite Blades+1","Apotheosis+1","Night Terror","Adrenaline","After Image+1","Cloak And Dagger","After Image","Envenom","Blade Dance+1"],"relics":["Ring of the Snake","TungstenRod","Snake Skull","Singing Bowl","Pear","Happy Flower","Philosopher\u0027s Stone","Question Card"],"acts_visited":["Exordium","TheCity"],"potions_floor_usage":[],"damage_taken":[{"damage":0,"enemies":"Small Slimes","floor":1,"turns":5},{"damage":3,"enemies":"Jaw Worm","floor":2,"turns":7},{"damage":4,"enemies":"Lagavulin","floor":11,"turns":8},{"damage":6,"enemies":"Gremlin Nob","floor":12,"turns":5},{"damage":8,"enemies":"3 Sentries","floor":13,"turns":9},{"damage":1,"enemies":"2 Louse","floor":14,"turns":4},{"damage":20,"enemies":"Hexaghost","floor":16,"turns":16},{"damage":1,"enemies":"Chosen","floor":18,"turns":6},{"damage":77,"enemies":"Gremlin Leader","floor":21,"turns":16},{"damage":2,"enemies":"3 Byrds","floor":22,"turns":5},{"damage":2,"enemies":"Book of Stabbing","floor":23,"turns":1}],"seed_played":"3251148921448180693","potions_obtained":[{"floor":11,"key":"Energy Potion"},{"floor":13,"key":"Fire Potion"},{"floor":19,"key":"EssenceOfSteel"}],"is_trial":true,"path_per_floor":["M","M","?","?","$","R","R","R","T","R","E","E","E","M","R","B",null,"M","?","$","E","M","E"],"character_chosen":"THE_SILENT","items_purchased":["Apotheosis"],"campfire_rested":0,"item_purchase_floors":[5],"current_hp_per_floor":[70,67,67,67,67,67,67,67,67,67,63,67,59,58,58,38,80,81,81,81,4,2,0,0],"gold":248,"neow_bonus":"","is_daily":false,"chose_seed":false,"campfire_upgraded":5,"win_rate":0.0,"timestamp":1611660331,"path_taken":["M","M","?","?","$","R","R","R","T","R","E","E","E","?","R","BOSS","M","?","$","?","?","E"],"items_purchased_type":["Card"],"build_version":"2020-12-22","purchased_purges":1,"victory":false,"max_hp_per_floor":[70,70,70,70,70,70,70,70,70,70,70,80,80,80,80,80,80,82,82,82,82,82,82,82],"card_choices":[{"not_picked":["Dagger Spray","Choke"],"picked":"Infinite Blades","floor":1},{"not_picked":["Bane","Poisoned Stab"],"picked":"Infinite Blades","floor":2},{"not_picked":["Grand Finale","Corpse Explosion"],"picked":"Night Terror","floor":11},{"not_picked":["Burst","Grand Finale"],"picked":"Adrenaline","floor":12},{"not_picked":["Glass Knife","Venomology"],"picked":"After Image","floor":13},{"not_picked":["Quick Slash","Dodge and Roll"],"picked":"Cloak And Dagger","floor":14},{"not_picked":["Unload","Grand Finale"],"picked":"After Image","floor":16},{"not_picked":["Prepared","Outmaneuver","PiercingWail"],"picked":"Singing Bowl","floor":18},{"not_picked":["Tools of the Trade","Corpse Explosion"],"picked":"Envenom","floor":21},{"not_picked":["Calculated Gamble+1","Bouncing Flask","Underhanded Strike"],"picked":"Blade Dance+1","floor":22}],"player_experience":235082,"relics_obtained":[{"floor":9,"key":"Snake Skull"},{"floor":11,"key":"Singing Bowl"},{"floor":12,"key":"Pear"},{"floor":13,"key":"Happy Flower"},{"floor":21,"key":"Question Card"}],"event_choices":[{"cards_removed":["Strike_G"],"damage_healed":0,"gold_gain":0,"player_choice":"Card Removal","damage_taken":0,"max_hp_gain":0,"max_hp_loss":0,"event_name":"The Cleric","floor":3,"gold_loss":50},{"damage_healed":0,"gold_gain":175,"player_choice":"AGREE","damage_taken":0,"max_hp_gain":0,"max_hp_loss":0,"event_name":"Liars Game","floor":4,"gold_loss":0,"cards_obtained":["Doubt"]},{"damage_healed":0,"gold_gain":0,"player_choice":"Got Potions","damage_taken":0,"max_hp_gain":0,"max_hp_loss":0,"event_name":"Lab","floor":19,"gold_loss":0}],"is_beta":false,"boss_relics":[{"not_picked":["Tiny House","Ring of the Serpent"],"picked":"Philosopher\u0027s Stone"}],"items_purged_floors":[20],"is_endless":false,"potions_floor_spawned":[11,13],"killed_by":"Book of Stabbing","ascension_level":0}}