{"host":"iph0xvuia0glosgr","time":1611671624,"event":{"mods":["AchievementEnabler","BaseMod","Minty Spire (QoL Compilation)"],"gold_per_floor":[114,389,402,412,427,427,427,427,427,456,456,511,540,26,26,121,121,139,139,139,151,3,35,47,59,97,109,135,147,159,190,202,314,326,352,414,438,450,462,500,512,534,546,570,582,612,634,665,677,689,701,713,3,33,33,33],"floor_reached":55,"language":"ENG","playtime":3814,"items_purged":["Regret","Parasite"],"score":750,"play_id":"68cf1a13-b590-4833-bbe2-8f0cf64a980d","local_time":"20210126143344","is_ascension_mode":false,"campfire_choices":[{"floor":6,"key":"RECALL"},{"data":"Infinite Blades","floor":11,"key":"SMITH"},{"floor":15,"key":"REST"},{"floor":25,"key":"REST"},{"data":"Infinite Blades","floor":27,"key":"SMITH"},{"data":"Blade Dance","floor":32,"key":"SMITH"},{"floor":41,"key":"REST"},{"data":"Cloak And Dagger","floor":45,"key":"SMITH"},{"floor":49,"key":"REST"},{"data":"Envenom","floor":52,"key":"SMITH"}],"circlet_count":0,"master_deck":["Strike_G","Strike_G","Strike_G","Strike_G","Strike_G","Defend_G","Defend_G","Defend_G","Defend_G","Defend_G","Survivor","Neutralize","Blade Dance+1","Slice","Accuracy+1","Crippling Poison","Infinite Blades+1","Cloak And Dagger+1","Poisoned Stab","Choke","Infinite Blades+1","Crippling Poison+1","Envenom+1","Blur+1","Cloak And Dagger+1","Acrobatics+1","Venomology+1","Dagger Throw","Dash+1","Cloak And Dagger+1","Infinite Blades+1","Blade Dance+1","Dagger Spray","Blade Dance+1","Backstab+1","Accuracy+1","Accuracy","Cloak And Dagger+1"],"relics":["Ring of the Serpent","NeowsBlessing","HornCleat","MealTicket","PreservedInsect","Singing Bowl","Toxic Egg 2","MutagenicStrength","TwistedFunnel","MawBank","Happy Flower","The Courier","SlaversCollar","Thread and Needle","Matryoshka","Nunchaku","Shuriken","Blood Vial","CaptainsWheel","Kunai"],"acts_visited":["Exordium","TheCity","TheBeyond","TheEnding"],"potions_floor_usage":[16,16,33,33,35,37,37,40,42,42,44,44,46,50,50,50,50,54,55,55],"damage_taken":[{"damage":0,"enemies":"Small Slimes","floor":1,"turns":1},{"damage":0,"enemies":"Cultist","floor":3,"turns":1},{"damage":0,"enemies":"Jaw Worm","floor":4,"turns":1},{"damage":5,"enemies":"Looter","floor":5,"turns":3},{"damage":15,"enemies":"Lagavulin","floor":10,"turns":6},{"damage":0,"enemies":"Gremlin Nob","floor":12,"turns":3},{"damage":12,"enemies":"Gremlin Nob","floor":13,"turns":4},{"damage":14,"enemies":"Hexaghost","floor":16,"turns":6},{"damage":1,"enemies":"Chosen","floor":18,"turns":4},{"damage":29,"enemies":"2 Thieves","floor":21,"turns":4},{"damage":25,"enemies":"Slavers","floor":23,"turns":5},{"damage":0,"enemies":"Centurion and Healer","floor":28,"turns":5},{"damage":0,"enemies":"Cultist and Chosen","floor":31,"turns":4},{"damage":44,"enemies":"Automaton","floor":33,"turns":7},{"damage":8,"enemies":"3 Shapes","floor":35,"turns":3},{"damage":13,"enemies":"Mind Bloom Boss Battle","floor":36,"turns":6},{"damage":0,"enemies":"3 Darklings","floor":37,"turns":4},{"damage":18,"enemies":"Nemesis","floor":40,"turns":5},{"damage":1,"enemies":"Writhing Mass","floor":42,"turns":6},{"damage":13,"enemies":"Jaw Worm Horde","floor":44,"turns":3},{"damage":12,"enemies":"Spire Growth","floor":46,"turns":3},{"damage":27,"enemies":"Sphere and 2 Shapes","floor":47,"turns":4},{"damage":0,"enemies":"Jaw Worm Horde","floor":48,"turns":3},{"damage":22,"enemies":"Donu and Deca","floor":50,"turns":6},{"damage":24,"enemies":"Shield and Spear","floor":54,"turns":3},{"damage":56,"enemies":"The Heart","floor":55,"turns":6}],"seed_played":"-2234078101528994832","potions_obtained":[{"floor":3,"key":"LiquidBronze"},{"floor":5,"key":"DistilledChaos"},{"floor":10,"key":"Dexterity Potion"},{"floor":21,"key":"SteroidPotion"},{"floor":40,"key":"Fire Potion"},{"floor":42,"key":"CultistPotion"},{"floor":48,"key":"LiquidBronze"}],"is_trial":false,"path_per_floor":["M","?","M","M","M","R","T","?","T","E","R","?","E","$","R","B",null,"M","?","?","M","$","E","$","R","T","R","M","?","T","M","R","B",null,"M","?","M","?","$","E","R","M","T","M","R","M","M","M","R","B",null,"R","$","E","B"],"character_chosen":"THE_SILENT","items_purchased":["Choke","Infinite Blades","Toxic Egg 2","Crippling Poison+1","TwistedFunnel","Accuracy","LiquidBronze","Ancient Potion","AttackPotion","CunningPotion","Blood Vial","CaptainsWheel"],"campfire_rested":4,"item_purchase_floors":[14,14,14,14,22,53,53,53,53,53,53,53],"current_hp_per_floor":[70,70,70,70,65,65,65,65,65,50,50,50,38,53,70,56,70,71,71,71,42,57,32,47,68,68,68,68,68,68,68,68,26,74,66,55,55,55,70,52,74,73,73,60,60,48,23,23,46,24,78,78,75,51,0,0],"gold":33,"neow_bonus":"THREE_ENEMY_KILL","is_daily":false,"chose_seed":false,"campfire_upgraded":5,"win_rate":0.0,"timestamp":1611671624,"path_taken":["M","?","?","M","M","R","?","?","T","E","R","?","E","$","R","BOSS","M","?","?","M","?","E","$","R","T","R","M","?","?","?","R","BOSS","M","?","M","?","$","E","R","M","T","M","R","M","?","M","R","BOSS","R","$","E","BOSS"],"items_purchased_type":["Card","Card","Relic","Card","Relic","Card","Potion","Potion","Potion","Potion","Relic","Relic"],"build_version":"2020-12-22","purchased_purges":2,"victory":false,"max_hp_per_floor":[70,70,70,70,70,70,70,70,70,70,70,70,70,70,70,70,70,72,72,72,72,72,72,72,72,72,72,72,72,72,72,72,74,74,74,76,76,76,76,76,76,76,76,76,76,76,78,78,78,78,78,78,75,75,75,75],"card_choices":[{"not_picked":["Deadly Poison","Dagger Throw"],"picked":"Blade Dance","floor":1},{"not_picked":["Prepared","Riddle With Holes"],"picked":"Slice","floor":3},{"not_picked":["Slice","Adrenaline"],"picked":"Accuracy","floor":4},{"not_picked":["Dagger Throw","Concentrate"],"picked":"Crippling Poison","floor":5},{"not_picked":["Glass Knife","Bane"],"picked":"Infinite Blades","floor":10},{"not_picked":["Dagger Throw","Bane"],"picked":"Cloak And Dagger","floor":12},{"not_picked":["Bane","Prepared"],"picked":"Poisoned Stab","floor":13},{"not_picked":["Night Terror+1","Bullet Time+1"],"picked":"Envenom","floor":16},{"not_picked":["Dash","Underhanded Strike","Reflex+1"],"picked":"Singing Bowl","floor":18},{"not_picked":["Bane+1","Tactician+1"],"picked":"Blur+1","floor":21},{"not_picked":["Deflect+1","Tactician+1"],"picked":"Cloak And Dagger+1","floor":23},{"not_picked":["Underhanded Strike","Sucker Punch+1"],"picked":"Acrobatics+1","floor":28},{"not_picked":["Endless Agony","Deflect+1"],"picked":"Dagger Throw","floor":31},{"not_picked":["Adrenaline+1","Bullet Time+1","Unload"],"picked":"Singing Bowl","floor":33},{"not_picked":["Dagger Throw","Outmaneuver+1"],"picked":"Dash+1","floor":35},{"not_picked":["Skewer+1","Sucker Punch","Escape Plan+1"],"picked":"Singing Bowl","floor":36},{"not_picked":["Finisher","Endless Agony+1"],"picked":"Cloak And Dagger+1","floor":37},{"not_picked":["Underhanded Strike+1","Sucker Punch+1"],"picked":"Blade Dance+1","floor":40},{"not_picked":["Crippling Poison+1","Flying Knee"],"picked":"Dagger Spray","floor":42},{"not_picked":["Flechettes+1","Doppelganger+1"],"picked":"Blade Dance+1","floor":44},{"not_picked":["Setup+1","Deflect+1"],"picked":"Backstab+1","floor":46},{"not_picked":["Bouncing Flask+1","Well Laid Plans+1","Flechettes"],"picked":"Singing Bowl","floor":47},{"not_picked":["Deflect+1","Dagger Spray+1"],"picked":"Accuracy+1","floor":48},{"not_picked":["Outmaneuver+1","Quick Slash"],"picked":"Cloak And Dagger+1","floor":54}],"player_experience":275088,"relics_obtained":[{"floor":7,"key":"HornCleat"},{"floor":10,"key":"MealTicket"},{"floor":13,"key":"Singing Bowl"},{"floor":23,"key":"MawBank"},{"floor":26,"key":"Happy Flower"},{"floor":30,"key":"The Courier"},{"floor":36,"key":"Thread and Needle"},{"floor":40,"key":"Matryoshka"},{"floor":43,"key":"Nunchaku"},{"floor":43,"key":"Shuriken"},{"floor":54,"key":"Kunai"}],"event_choices":[{"damage_healed":0,"gold_gain":275,"player_choice":"Desecrate","damage_taken":0,"max_hp_gain":0,"max_hp_loss":0,"event_name":"Golden Shrine","floor":2,"gold_loss":0,"cards_obtained":["Regret"]},{"damage_healed":0,"gold_gain":0,"player_choice":"Grow","damage_taken":0,"max_hp_gain":0,"max_hp_loss":0,"event_name":"Living Wall","floor":8,"gold_loss":0,"cards_upgraded":["Accuracy"]},{"damage_healed":0,"gold_gain":0,"player_choice":"Searched \u00272\u0027 times","damage_taken":0,"relics_obtained":["PreservedInsect"],"max_hp_gain":0,"max_hp_loss":0,"event_name":"Dead Adventurer","floor":12,"gold_loss":0},{"damage_healed":0,"gold_gain":0,"player_choice":"Ignored","damage_taken":0,"max_hp_gain":0,"max_hp_loss":0,"event_name":"Ghosts","floor":19,"gold_loss":0},{"damage_healed":0,"gold_gain":0,"player_choice":"Inject Mutagens","damage_taken":0,"relics_obtained":["MutagenicStrength"],"max_hp_gain":0,"max_hp_loss":0,"event_name":"Drug Dealer","floor":20,"gold_loss":0},{"damage_healed":0,"gold_gain":0,"player_choice":"Read","damage_taken":0,"max_hp_gain":0,"max_hp_loss":0,"event_name":"The Library","floor":29,"gold_loss":0,"cards_obtained":["Venomology"]},{"damage_healed":0,"gold_gain":0,"player_choice":"Fight","damage_taken":0,"max_hp_gain":0,"max_hp_loss":0,"event_name":"MindBloom","floor":36,"gold_loss":0},{"damage_healed":0,"gold_gain":0,"player_choice":"Copied","damage_taken":0,"max_hp_gain":0,"max_hp_loss":0,"event_name":"Duplicator","floor":38,"gold_loss":0,"cards_obtained":["Infinite Blades"]}],"is_beta":false,"boss_relics":[{"not_picked":["Sozu","Empty Cage"],"picked":"Ring of the Serpent"},{"not_picked":["Coffee Dripper","Velvet Choker"],"picked":"SlaversCollar"}],"items_purged_floors":[14,53],"is_endless":false,"potions_floor_spawned":[3,5,10,21,40,42,48],"killed_by":"The Heart","ascension_level":0}}