{"host":"uvmuduost5bzvojs","time":1611625742,"event":{"mods":["Aspiration","Bard","BaseMod","Better Match","Block Reminder","Conspire","Hermit","Highlight Path","Hubris","Infinite Spire","Jorbs\u0027s Wanderer Trilogy","Mad Scientist","Marisa????????","Mimic Mod","Minty Spire (QoL Compilation)","Potionbrewer","Replay The Spire","Robot Space Explorer","StSLib","The Blackbeard","The Construct","The Cursed","The Disciple","The Hayseed","The Hierophant","The Juggle","The Jungle","The Poker Player","The Runesmith","The Servant 0.9.4","The Spell Scribe","The Valiant","TheBandit"],"gold_per_floor":[110,110,129,79,92,92,118,118,118,118,118,133,34,44,44,147,147,161,85,37,97,97,97,12,12,47,47,47],"floor_reached":27,"language":"ENG","playtime":2277,"items_purged":["bard:Strike"],"score":207,"play_id":"e647a1c1-c657-4935-af08-73f44d235340","local_time":"20210125204902","is_ascension_mode":false,"campfire_choices":[{"data":"bard:Inspire","floor":6,"key":"SMITH"},{"data":"bard:DiscordantVoice","floor":8,"key":"SMITH"},{"data":"bard:HideousLaughter","floor":11,"key":"SMITH"},{"data":"bard:Wish","floor":15,"key":"SMITH"},{"data":"bard:MantleOfInspiration","floor":23,"key":"SMITH"},{"data":"bard:MantleOfInspiration","floor":25,"key":"SMITH"}],"circlet_count":0,"master_deck":["bard:Strike","bard:Strike","bard:Strike","bard:Defend","bard:Defend","bard:Defend","bard:Defend","bard:Riposte","bard:Inspire+1","bard:FeastOnFear","bard:HideousLaughter+1","bard:ViciousMockery+1","bard:DiscordantVoice+1","bard:CuttingWords","bard:DiscordantVoice+1","bard:MagnumOpus","bard:MantleOfInspiration+1","bard:MantleOfInspiration+1","bard:InspiringSong","bard:Thunderwave+1","bard:Accelerando"],"relics":["bard:PitchPipe","bard:BagPipes","NeowsBlessing","Molten Egg 2","infinitespire:Bottled Soul","Sundial","Philosopher\u0027s Stone","Bronze Scales","Simple Rune","Mercury Hourglass"],"acts_visited":["Exordium","TheCity"],"potions_floor_usage":[16,16],"damage_taken":[{"damage":0,"enemies":"Small Slimes","floor":1,"turns":1},{"damage":0,"enemies":"Cultist","floor":3,"turns":1},{"damage":0,"enemies":"Jaw Worm","floor":5,"turns":1},{"damage":17,"enemies":"Gremlin Nob","floor":7,"turns":5},{"damage":0,"enemies":"2 Fungi Beasts","floor":12,"turns":4},{"damage":6,"enemies":"Large Slime","floor":14,"turns":4},{"damage":6,"enemies":"The Guardian","floor":16,"turns":7},{"damage":27,"enemies":"Spheric Guardian","floor":18,"turns":6},{"damage":7,"enemies":"3 Byrds","floor":26,"turns":6},{"damage":19,"enemies":"3 Byrds","floor":27,"turns":1}],"seed_played":"7378329734131471285","potions_obtained":[{"floor":1,"key":"conspire:TimeTravelPotion"},{"floor":3,"key":"Swift Potion"},{"floor":14,"key":"potionbrewer:DiscountPotion"},{"floor":18,"key":"bard:InspiredBrew"},{"floor":21,"key":"potionbrewer:StunPotion"}],"is_trial":false,"path_per_floor":["M","?","M","?","M","R","E","R","T","?","R","M","$","M","R","B",null,"M","$","$","?","$","R","?","R","MIM","M"],"character_chosen":"BARD","items_purchased":["bard:CuttingWords","bard:MantleOfInspiration","bard:InspiringSong"],"campfire_rested":0,"item_purchase_floors":[13,19,20],"current_hp_per_floor":[70,70,70,70,70,70,53,53,53,70,70,70,70,64,64,58,70,43,43,43,26,26,26,26,26,19,0,0],"gold":47,"neow_bonus":"THREE_ENEMY_KILL","is_daily":false,"chose_seed":false,"campfire_upgraded":6,"win_rate":0.0,"timestamp":1611625742,"path_taken":["M","?","M","?","M","R","E","R","T","?","R","M","$","?","R","BOSS","M","?","$","?","$","R","?","R","MIM","M"],"items_purchased_type":["Card","Card","Card"],"build_version":"2020-12-22","purchased_purges":1,"victory":false,"max_hp_per_floor":[70,70,70,70,70,70,70,70,70,70,70,70,70,70,70,70,70,70,70,70,70,70,70,70,70,70,70,70],"card_choices":[{"not_picked":["bard:Rest","bard:BucklerBash"],"picked":"bard:FeastOnFear","floor":1},{"not_picked":["bard:BucklerBash+1","bard:Gamble"],"picked":"bard:HideousLaughter","floor":3},{"not_picked":["bard:LingeringPerformance","bard:LingeringEcho+1"],"picked":"bard:ViciousMockery+1","floor":5},{"not_picked":["bard:GreaterMagicWeapon","bard:Rest"],"picked":"bard:DiscordantVoice","floor":7},{"not_picked":["bard:ViciousMockery+1","bard:CuttingWords","bard:HideousLaughter"],"picked":"SKIP","floor":12},{"not_picked":["bard:HideousLaughter","bard:PrismaticSpray"],"picked":"bard:Wish","floor":14},{"not_picked":["bard:Haste","bard:Encore"],"picked":"bard:MagnumOpus","floor":16},{"not_picked":["bard:PhantasmalForce+1","bard:Thunderwave+1"],"picked":"bard:MantleOfInspiration","floor":18},{"not_picked":["bard:PhantasmalForce+1","bard:Shout+1"],"picked":"bard:Thunderwave+1","floor":21},{"not_picked":["bard:CovetousAura","bard:Fermata"],"picked":"bard:Accelerando","floor":26}],"player_experience":1804329,"relics_obtained":[{"floor":7,"key":"infinitespire:Bottled Soul"},{"floor":9,"key":"Sundial"},{"floor":21,"key":"Bronze Scales"},{"floor":26,"key":"Mercury Hourglass"}],"event_choices":[{"cards_removed":["Injury"],"damage_healed":0,"gold_gain":0,"player_choice":"Card Removal","damage_taken":0,"max_hp_gain":0,"max_hp_loss":0,"event_name":"The Cleric","floor":4,"gold_loss":50},{"damage_healed":17,"gold_gain":0,"player_choice":"Full Heal","damage_taken":0,"max_hp_gain":0,"max_hp_loss":0,"event_name":"Wheel of Change","floor":10,"gold_loss":0},{"damage_healed":0,"gold_gain":0,"player_choice":"Obtained Relic","damage_taken":0,"relics_obtained":["Simple Rune"],"max_hp_gain":0,"max_hp_loss":0,"event_name":"Addict","floor":24,"gold_loss":85}],"is_beta":false,"boss_relics":[{"not_picked":["Kintsugi","hubris:BlackHole"],"picked":"Philosopher\u0027s Stone"}],"items_purged_floors":[13],"is_endless":false,"potions_floor_spawned":[1,3,14,18],"killed_by":"3 Byrds","ascension_level":0}}