{"host":"gn96mxb33x5p409u","time":1611685016,"event":{"mods":["2.2 Compatiblity","AchievementEnabler","Act Like it!","BaseMod","Colored Powertips","Downfall","Hubris","Infinite Spire","Minty Spire (QoL Compilation)","Replay The Spire","StSLib","The Jungle"],"gold_per_floor":[99,110,122,183,183,215,215,228,228,240,256,256,166,151,164,267,267,267,282,282,282,282,282,334,345,365,74,109,109,9,72,117,218,218,118,178,207,292,342,391,391,391,422,322,322,338,372,389,401,500,500,500,564,577,577,53,53,128,198,48,60,135,151,151,151,209,308,308,308,325,338,353,353,353,384,436,454,473,473,500,520,145,207,349,349,349,349,349,408,418,139,171,203,203,203,223,241,241,2,15,114,114,114,133,151,151,163,163,191,191,207,207,280,280,339,372,436,576,576,576,638,703,768,827,1027,1057,35,35,93,93,93,193,206,220,331,381,381,473,581,581,581,687,810,924,1004,1087,1222,1377,1377,1652,1817,2082,2082,2291,1285,1285,1504,1779],"floor_reached":159,"language":"ENG","playtime":26125,"items_purged":["bronze:Defend","Writhe","bronze:Strike","bronze:Overload","bronze:Shield","bronze:Repair","bronze:BronzeOrb","bronze:BronzeArmor","Regret","bronze:WhirlingStrike","bronze:Return"],"score":5446,"play_id":"c695423b-9a3c-4165-b947-f3e7286a7391","local_time":"20210126201656","is_ascension_mode":false,"campfire_choices":[{"data":"bronze:Goto","floor":1.0,"key":"SMITH"},{"floor":9.0,"key":"REST"},{"data":"bronze:DelayedSlice","floor":9.0,"key":"SMITH"},{"data":"bronze:AlphaBuild","floor":18.0,"key":"SMITH"},{"floor":23.0,"key":"RECALL"},{"floor":30.0,"key":"REST"},{"data":"bronze:Repulsor","floor":30.0,"key":"SMITH"},{"data":"expansioncontent:QuickStudy","floor":35.0,"key":"SMITH"},{"floor":42.0,"key":"REST"},{"data":"Mayhem","floor":42.0,"key":"SMITH"},{"floor":44.0,"key":"REST"},{"data":"bronze:Branch","floor":44.0,"key":"SMITH"},{"data":"hubris:Fate","floor":52.0,"key":"SMITH"},{"data":"bronze:RecursiveStrike","floor":57.0,"key":"SMITH"},{"floor":64.0,"key":"REST"},{"data":"infinitespire:Starlight","floor":64.0,"key":"SMITH"},{"floor":69.0,"key":"DIG"},{"data":"infinitespire:Oblivion","floor":79.0,"key":"SMITH"},{"data":"bronze:SpaghettiCode","floor":86.0,"key":"SMITH"},{"floor":95.0,"key":"REST"},{"data":"Doubt","floor":95.0,"key":"PURGE"},{"floor":98.0,"key":"REST"},{"data":"bronze:ThunderWave","floor":98.0,"key":"SMITH"},{"data":"bronze:Shell","floor":103.0,"key":"SMITH"},{"data":"bronze:Virus","floor":110.0,"key":"SMITH"},{"data":"bronze:Spike","floor":112.0,"key":"PURGE"},{"data":"bronze:Deprecate+1","floor":114.0,"key":"PURGE"},{"floor":128.0,"key":"REST"},{"data":"bronze:Boost","floor":128.0,"key":"SMITH"},{"data":"bronze:Iterate","floor":137.0,"key":"PURGE"},{"floor":149.0,"key":"REST"},{"data":"bronze:FineTuning","floor":149.0,"key":"PURGE"},{"data":"1","floor":156.0,"key":"LIFT"}],"circlet_count":0,"master_deck":["bronze:Strike","bronze:Strike+1","bronze:Defend","bronze:Defend","bronze:Defend","bronze:Replicate","bronze:Goto+1","bronze:Boost+1","bronze:DelayedSlice+1","bronze:FollowUp","bronze:GetLatest+1","bronze:AlphaBuild+1","bronze:FineTuning","bronze:DelayedGuard+1","bronze:Flail+1","bronze:Repulsor+1","bronze:Repair+1","expansioncontent:QuickStudy+1","bronze:WhirlingStrike","bronze:Overheat","bronze:Mutator+1","bronze:Frontload+1","Mayhem+1","bronze:Branch+1","bronze:ItsAFeature","bronze:DelayedSlice+1","hubris:Fate+1","infinitespire:Starlight+1","bronze:BuggyMess+1","bronze:RecursiveStrike+1","CurseOfTheBell","infinitespire:Oblivion+1","bronze:Shell+1","RitualDagger","bronze:ChildClass","bronze:BuggyMess+1","bronze:ThunderWave+1","bronze:Branch+1","bronze:FollowUp+1","bronze:DarkDash+1","bronze:WhirlingStrike+1","bronze:ForceShield+1","bronze:Virus+1","bronze:OilSpill","bronze:Allocate","bronze:DelayedGuard","bronze:ClassDefault","bronze:Fortify","bronze:FineTuning","bronze:Optimize+1","bronze:Verify+1","bronze:BitShift+1","bronze:Iterate","bronze:Shield","bronze:WildBeam","bronze:GetLatest+1","bronze:ClassDefault+1","bronze:Repair+1","bronze:Break","bronze:Shield","bronze:BuggyMess+1","bronze:Optimize+1","Regret","bronze:DigitalCarnage","bronze:ShipIt","bronze:HyperBeam","bronze:CloningBeam","bronze:Overload+1","bronze:ChosenStrike+1","bronze:NullPointer","Regret","bronze:ItsAFeature","bronze:BurnOut","bronze:Iterate+1","expansioncontent:StudyTheSpire","expansioncontent:DashGenerateEvil","bronze:ClassDefault","bronze:SpaghettiCode","bronze:ThunderWave"],"relics":["bronze:PlatinumCore","Oddly Smooth Stone","bronze:SilverBullet","infinitespire:Beetle Shell","Replay:Ringing Soul","infinitespire:Magic Flask","SlaversCollar","Letter Opener","MutagenicStrength","ReplayTheSpireMod:Lightbulb","ReplayTheSpireMod:Ring of Challenge","Ring of Fury","downfall:HeartBlessingRed","hubris:Backtick","Magic Flower","downfall:HeartBlessingBlue","Peace Pipe","Lizard Tail","Whetstone","Du-Vu Doll","Happy Flower","downfall:HeartBlessingGreen","StoneCalendar","Mummified Hand","Calling Bell","Onion Ring","Ancient Tea Set","Gambling Chip","Bottled Tornado","Vajra","Cursed Key","The Courier","ReplayFunnel","Bag of Marbles","Sling","Honey Jar","Gremlin Food","Lantern","Blue Candle","OrangePellets","infinitespire:Satchel","Replay:Drink Me","Boot","Durian","Replay:Wax Seal","infinitespire:Lucky Rock","Tiny Chest","Guide Book","Thread and Needle","Nunchaku","Bronze Scales","Enchiridion","Question Card","infinitespire:EvilPickle","Tiny House","infinitespire:PuzzleCube","HornCleat","Regal Pillow","Philosopher\u0027s Stone","Replay:Bandana","Blood Vial","Girya"],"acts_visited":["Exordium","TheCity","TheBeyond","Exordium","TheCity","TheBeyond","Exordium","TheCity","TheBeyond","TheEnding"],"potions_floor_usage":[158,158,158],"damage_taken":[{"damage":3.0,"enemies":"Cultist","floor":2.0,"turns":4.0},{"damage":0.0,"enemies":"Jaw Worm","floor":3.0,"turns":5.0},{"damage":15.0,"enemies":"3 Sentries","floor":4.0,"turns":7.0},{"damage":23.0,"enemies":"Lagavulin","floor":6.0,"turns":6.0},{"damage":0.0,"enemies":"Small Slimes","floor":8.0,"turns":2.0},{"damage":13.0,"enemies":"Exordium Wildlife","floor":10.0,"turns":3.0},{"damage":3.0,"enemies":"3 Louse","floor":11.0,"turns":2.0},{"damage":4.0,"enemies":"downfall:FleeingMerchant","floor":13.0,"turns":4.0},{"damage":6.0,"enemies":"downfall:FleeingMerchant","floor":14.0,"turns":4.0},{"damage":0.0,"enemies":"2 Fungi Beasts","floor":15.0,"turns":2.0},{"damage":35.0,"enemies":"WA_ARCHETYPE_RETAIN","floor":16.0,"turns":9.0},{"damage":0.0,"enemies":"Shell Parasite","floor":19.0,"turns":3.0},{"damage":13.0,"enemies":"Cultist and Chosen","floor":25.0,"turns":8.0},{"damage":29.0,"enemies":"Snake Plant","floor":26.0,"turns":5.0},{"damage":8.0,"enemies":"downfall:FleeingMerchant","floor":27.0,"turns":4.0},{"damage":34.0,"enemies":"Slavers","floor":28.0,"turns":5.0},{"damage":18.0,"enemies":"Snecko","floor":31.0,"turns":2.0},{"damage":10.0,"enemies":"Chosen and Byrds","floor":32.0,"turns":4.0},{"damage":32.0,"enemies":"IC_MUSHROOM_ARCHETYPE","floor":33.0,"turns":6.0},{"damage":0.0,"enemies":"Orb Walker","floor":36.0,"turns":2.0},{"damage":0.0,"enemies":"downfall:FleeingMerchant","floor":37.0,"turns":1.0},{"damage":125.0,"enemies":"2 Orb Walkers","floor":38.0,"turns":6.0},{"damage":2.0,"enemies":"2 Orb Walkers","floor":39.0,"turns":4.0},{"damage":73.0,"enemies":"Nightmare","floor":43.0,"turns":11.0},{"damage":0.0,"enemies":"3 Shapes","floor":46.0,"turns":1.0},{"damage":38.0,"enemies":"Maw","floor":47.0,"turns":7.0},{"damage":13.0,"enemies":"3 Darklings","floor":48.0,"turns":4.0},{"damage":26.0,"enemies":"Sphere and 2 Shapes","floor":49.0,"turns":3.0},{"damage":24.0,"enemies":"DF_ARCHETYPE_ORBS","floor":50.0,"turns":7.0},{"damage":20.0,"enemies":"infinitespire:Voidling","floor":53.0,"turns":4.0},{"damage":0.0,"enemies":"Jaw Worm","floor":54.0,"turns":1.0},{"damage":47.0,"enemies":"3 Sentries","floor":59.0,"turns":3.0},{"damage":0.0,"enemies":"Cultist","floor":61.0,"turns":1.0},{"damage":21.0,"enemies":"Replay:BlueRogue","floor":62.0,"turns":2.0},{"damage":0.0,"enemies":"Gremlin Gang","floor":63.0,"turns":2.0},{"damage":13.0,"enemies":"Gremlin Gang","floor":65.0,"turns":2.0},{"damage":0.0,"enemies":"3 Louse","floor":66.0,"turns":1.0},{"damage":24.0,"enemies":"Slime Boss","floor":67.0,"turns":4.0},{"damage":5.0,"enemies":"3 Byrds","floor":70.0,"turns":4.0},{"damage":0.0,"enemies":"Centurion and Healer","floor":71.0,"turns":2.0},{"damage":0.0,"enemies":"Shelled Parasite and Fungi","floor":72.0,"turns":2.0},{"damage":36.0,"enemies":"Book of Stabbing","floor":75.0,"turns":3.0},{"damage":2.0,"enemies":"Cultist and Chosen","floor":77.0,"turns":5.0},{"damage":0.0,"enemies":"3 Cultists","floor":78.0,"turns":2.0},{"damage":0.0,"enemies":"Gremlin Leader","floor":80.0,"turns":2.0},{"damage":0.0,"enemies":"Centurion and Healer","floor":81.0,"turns":2.0},{"damage":0.0,"enemies":"Snecko","floor":83.0,"turns":2.0},{"damage":37.0,"enemies":"hubris:MusketHawk","floor":84.0,"turns":5.0},{"damage":0.0,"enemies":"Orb Walker","floor":89.0,"turns":2.0},{"damage":9.0,"enemies":"3 Shapes","floor":90.0,"turns":1.0},{"damage":0.0,"enemies":"R_Hoarder","floor":92.0,"turns":1.0},{"damage":1.0,"enemies":"Giant Head","floor":93.0,"turns":3.0},{"damage":1.0,"enemies":"Sphere and 2 Shapes","floor":96.0,"turns":3.0},{"damage":26.0,"enemies":"Maw","floor":97.0,"turns":5.0},{"damage":0.0,"enemies":"3 Darklings","floor":100.0,"turns":2.0},{"damage":135.0,"enemies":"infinitespire:MassOfShapes","floor":101.0,"turns":8.0},{"damage":0.0,"enemies":"Small Slimes","floor":104.0,"turns":1.0},{"damage":0.0,"enemies":"2 Louse","floor":105.0,"turns":1.0},{"damage":0.0,"enemies":"Jaw Worm","floor":107.0,"turns":1.0},{"damage":0.0,"enemies":"Lagavulin","floor":109.0,"turns":1.0},{"damage":0.0,"enemies":"Exordium Thugs","floor":111.0,"turns":1.0},{"damage":0.0,"enemies":"Replay:BlueRogue","floor":113.0,"turns":1.0},{"damage":14.0,"enemies":"Gremlin Gang","floor":115.0,"turns":2.0},{"damage":0.0,"enemies":"3 Sentries","floor":116.0,"turns":1.0},{"damage":28.0,"enemies":"Exordium Wildlife","floor":117.0,"turns":1.0},{"damage":231.0,"enemies":"Hexaghost","floor":118.0,"turns":5.0},{"damage":0.0,"enemies":"Shell Parasite","floor":121.0,"turns":1.0},{"damage":7.0,"enemies":"3 Cultists","floor":122.0,"turns":2.0},{"damage":0.0,"enemies":"Shelled Parasite and Fungi","floor":123.0,"turns":1.0},{"damage":43.0,"enemies":"Snake Plant","floor":124.0,"turns":2.0},{"damage":18.0,"enemies":"Slavers","floor":126.0,"turns":2.0},{"damage":119.0,"enemies":"Centurion and Healer","floor":129.0,"turns":1.0},{"damage":0.0,"enemies":"3 Cultists","floor":133.0,"turns":2.0},{"damage":0.0,"enemies":"Cultist and Chosen","floor":134.0,"turns":1.0},{"damage":0.0,"enemies":"Pondfish","floor":135.0,"turns":4.0},{"damage":20.0,"enemies":"3 Shapes","floor":138.0,"turns":1.0},{"damage":0.0,"enemies":"Nemesis","floor":139.0,"turns":5.0},{"damage":20.0,"enemies":"3 Darklings","floor":142.0,"turns":1.0},{"damage":0.0,"enemies":"Reptomancer","floor":143.0,"turns":3.0},{"damage":93.0,"enemies":"Transient","floor":144.0,"turns":5.0},{"damage":0.0,"enemies":"Spire Growth","floor":145.0,"turns":1.0},{"damage":0.0,"enemies":"Sphere and 2 Shapes","floor":146.0,"turns":1.0},{"damage":40.0,"enemies":"Transient","floor":147.0,"turns":5.0},{"damage":0.0,"enemies":"Nemesis","floor":148.0,"turns":3.0},{"damage":0.0,"enemies":"Writhing Mass","floor":151.0,"turns":2.0},{"damage":52.0,"enemies":"infinitespire:MassOfShapes","floor":152.0,"turns":4.0},{"damage":0.0,"enemies":"ME_ARCHETYPE_MERCHANT","floor":154.0,"turns":9.0},{"damage":0,"enemies":"IC_STATUS_ARCHETYPE","floor":157,"turns":5},{"damage":4,"enemies":"downfall:NeowBossFinal","floor":158,"turns":7}],"seed_played":"-6377187247005858526","potions_obtained":[{"floor":2.0,"key":"Weak Potion"},{"floor":6.0,"key":"bronze:FreeFunctionsPotion"},{"floor":8.0,"key":"Regen Potion"},{"floor":10.0,"key":"FairyPotion"},{"floor":11.0,"key":"LiquidBronze"},{"floor":15.0,"key":"GamblersBrew"},{"floor":19.0,"key":"Dexterity Potion"},{"floor":28.0,"key":"BlessingOfTheForge"},{"floor":32.0,"key":"Energy Potion"},{"floor":33.0,"key":"Fire Potion"},{"floor":36.0,"key":"Languid Potion"},{"floor":47.0,"key":"Elixir"},{"floor":49.0,"key":"EssenceOfSteel"},{"floor":50.0,"key":"LiquidMemories"},{"floor":62.0,"key":"EntropicBrew"},{"floor":76.0,"key":"Death Potion"},{"floor":84.0,"key":"bronze:BurnAndBuffPotion"},{"floor":89.0,"key":"Swift Potion"},{"floor":97.0,"key":"Languid Potion"},{"floor":109.0,"key":"PowerPotion"},{"floor":124.0,"key":"Fruit Juice"},{"floor":133.0,"key":"Explosive Potion"},{"floor":134.0,"key":"Explosive Potion"},{"floor":135.0,"key":"ColorlessPotion"},{"floor":136.0,"key":"Adrenaline Potion"},{"floor":138.0,"key":"PowerPotion"},{"floor":143.0,"key":"bronze:FreeFunctionsPotion"},{"floor":146.0,"key":"bronze:CleanCodePotion"},{"floor":147.0,"key":"SkillPotion"},{"floor":152.0,"key":"SneckoOil"},{"floor":154.0,"key":"Regen Potion"}],"is_trial":false,"path_per_floor":["R","M","M","?","?","E","T","M","R","M","M","?","$","$","M","B",null,"R","M","?","?","?","R","T","M","M","$","E","?","R","M","M","B",null,"R","M","$","?","?","?","T","R","NM","R","AVR","M","M","M","M","B",null,"R","M","M","AVR","?","R","T","E","$","M","E","M","R","?","M","B",null,"R","M","M","M","?","?","E","?","M","M","R","E","M","$","M","B",null,"R","?","?","M","M","$","E","E","?","R","M","M","R","$","M","B",null,"R","M","M","?","M","AVR","E","R","M","R","E","R","M","E","M","B",null,"R","M","M","M","M","?","E","$","R","M","?","AVR","?","M","M","B",null,"R","M","E","?","?","M","E","M","M","M","M","E","R","?","M","B",null,"E","$","R","B","B",null],"character_chosen":"THE_AUTOMATON","items_purchased":["expansioncontent:QuickStudy","Mayhem","Bag of Marbles","Sling","Lantern","OrangePellets","infinitespire:Satchel","infinitespire:Lucky Rock","Tiny Chest","Guide Book","Thread and Needle","Nunchaku","Bronze Scales","Replay:Bandana","Blood Vial","Girya","expansioncontent:StudyTheSpire","expansioncontent:DashGenerateEvil","bronze:ClassDefault"],"campfire_rested":9,"item_purchase_floors":[27,37,82,82,91,99,99,127,127,127,127,127,127,155,155,155,155,155,155],"current_hp_per_floor":[70,67,67,52,52,32,32,35,57,56,56,59,58,55,58,23,94,94,97,97,100,100,100,100,90,64,67,53,53,86,81,84,72,121,131,134,137,15,16,16,16,58,18,61,64,67,58,45,37,46,161,161,152,152,155,158,158,158,114,114,114,96,111,162,152,152,131,179,179,179,182,182,185,182,169,172,191,191,191,194,194,194,194,179,197,197,197,207,210,204,204,207,209,204,219,221,215,225,225,228,134,174,174,177,180,180,183,183,186,186,189,189,192,192,181,184,164,100,209,212,215,211,214,179,179,164,164,232,116,100,100,100,118,121,154,252,252,235,253,226,229,212,215,224,227,230,193,226,250,253,256,207,259,262,265,265,268,271],"gold":1779,"neow_bonus":"RANDOM_COMMON_RELIC","is_daily":false,"chose_seed":false,"campfire_upgraded":16,"win_rate":0.0,"timestamp":1611685016,"path_taken":["R","M","M","?","?","E","T","M","R","M","?","?","?","$","M","BOSS","R","M","?","?","?","R","T","M","M","$","E","?","R","M","M","BOSS","R","M","$","?","?","?","T","R","NM","R","AVR","M","?","?","M","BOSS","R","M","M","AVR","?","R","T","?","$","?","E","M","R","?","M","BOSS","R","M","M","M","?","?","E","?","M","M","R","E","M","$","M","BOSS","R","?","?","?","M","$","E","E","?","R","M","M","R","$","M","BOSS","R","M","M","?","M","AVR","E","R","M","R","E","R","M","E","M","BOSS","R","M","M","M","M","?","E","$","R","?","?","AVR","?","M","M","BOSS","R","M","?","?","?","?","E","M","M","M","M","?","R","?","M","BOSS","E","$","R","BOSS","BOSS"],"items_purchased_type":["Card","Card","Relic","Relic","Relic","Relic","Relic","Relic","Relic","Relic","Relic","Relic","Relic","Relic","Relic","Relic","Card","Card","Card"],"build_version":"2020-12-22","purchased_purges":11,"victory":true,"max_hp_per_floor":[70,70,70,70,70,73,73,76,76,79,82,85,88,91,94,94,94,94,97,97,100,100,100,100,103,106,109,112,112,112,115,118,121,121,131,134,137,140,143,143,143,143,146,146,149,152,155,155,158,161,161,161,161,161,164,167,167,167,170,170,170,173,173,173,176,176,179,179,179,179,182,182,185,188,188,191,191,191,191,194,194,194,194,197,197,197,197,207,210,213,213,216,219,219,219,222,225,225,225,228,231,174,174,177,180,180,183,183,186,186,189,189,192,192,195,198,206,209,209,212,215,218,221,229,229,232,232,232,235,235,235,235,238,241,244,252,252,255,258,226,229,232,235,238,241,244,247,250,250,253,256,259,259,262,265,265,268,271],"card_choices":[{"not_picked":["bronze:Deprecate","bronze:NullPointer"],"picked":"bronze:Boost","floor":2.0},{"not_picked":["bronze:BugBarrage","bronze:Frontload"],"picked":"bronze:Iterate","floor":3.0},{"not_picked":["bronze:Shield","bronze:CloningBeam"],"picked":"bronze:DelayedSlice","floor":6.0},{"not_picked":["bronze:WildBeam","bronze:BitShift"],"picked":"bronze:BronzeArmor","floor":8.0},{"not_picked":["bronze:Branch","bronze:Safeguard"],"picked":"bronze:FollowUp","floor":10.0},{"not_picked":["bronze:Allocate","bronze:FineTuning"],"picked":"bronze:GetLatest","floor":11.0},{"not_picked":["bronze:Deprecate","bronze:Invalidate"],"picked":"bronze:AlphaBuild","floor":13.0},{"not_picked":["bronze:BuggyMess","bronze:ForceShield"],"picked":"bronze:FineTuning","floor":14.0},{"not_picked":["bronze:BitShift","bronze:OilSpill"],"picked":"bronze:DelayedGuard","floor":15.0},{"not_picked":["bronze:Turbo","bronze:Invalidate"],"picked":"bronze:Flail","floor":19.0},{"not_picked":["bronze:Philosophize","bronze:DelayedSlice"],"picked":"bronze:Repulsor","floor":25.0},{"not_picked":["bronze:Turbo","bronze:CutThrough"],"picked":"bronze:Repair","floor":26.0},{"not_picked":["bronze:CutThrough","bronze:OilSpill+1"],"picked":"bronze:Repair+1","floor":27.0},{"not_picked":["bronze:Safeguard","bronze:Branch"],"picked":"bronze:CutThrough+1","floor":28.0},{"not_picked":["bronze:BurnOut","bronze:CutThrough"],"picked":"bronze:WhirlingStrike","floor":31.0},{"not_picked":["bronze:Shield","bronze:BronzeArmor"],"picked":"bronze:Overheat","floor":32.0},{"not_picked":["bronze:CleanCode","bronze:BurnOut"],"picked":"bronze:Mutator","floor":33.0},{"not_picked":["bronze:Iterate+1","bronze:Philosophize"],"picked":"bronze:Frontload+1","floor":36.0},{"not_picked":["bronze:WhirlingStrike+1","bronze:Overheat"],"picked":"bronze:Overload","floor":37.0},{"not_picked":["bronze:WhirlingStrike+1","bronze:BronzeArmor"],"picked":"bronze:Branch","floor":38.0},{"not_picked":["bronze:WildBeam","bronze:DelayedSlice+1"],"picked":"bronze:ItsAFeature","floor":39.0},{"not_picked":["bronze:Deprecate","bronze:Invalidate"],"picked":"bronze:DelayedSlice+1","floor":43.0},{"not_picked":["bronze:Overheat+1","bronze:BronzeArmor+1"],"picked":"bronze:Shield","floor":46.0},{"not_picked":["bronze:WhirlingStrike","bronze:DelayedSlice"],"picked":"bronze:Deprecate+1","floor":47.0},{"not_picked":["bronze:Shield+1","bronze:DelayedSlice+1","bronze:CleanCode"],"picked":"SKIP","floor":48.0},{"not_picked":["bronze:Safeguard","bronze:Shield+1"],"picked":"bronze:BuggyMess+1","floor":49.0},{"not_picked":["bronze:Mutator","bronze:SpaghettiCode"],"picked":"bronze:RecursiveStrike","floor":50.0},{"not_picked":["bronze:Philosophize","bronze:Shield","bronze:DelayedGuard"],"picked":"SKIP","floor":53.0},{"not_picked":["bronze:ForLoop","bronze:BitShift","bronze:BugBarrage"],"picked":"SKIP","floor":54.0},{"not_picked":["infinitespire:FinalStrike","ReplayTheSpireMod:Haul"],"picked":"infinitespire:Oblivion","floor":56.0},{"not_picked":["bronze:Overload","bronze:WildBeam"],"picked":"bronze:ForceShield","floor":59.0},{"not_picked":["bronze:Frontload","bronze:Repulsor","bronze:Overload"],"picked":"SKIP","floor":61.0},{"not_picked":["bronze:CloningBeam","bronze:Shield"],"picked":"bronze:Invalidate","floor":62.0},{"not_picked":["bronze:Iterate","bronze:DelayedGuard","bronze:Boost"],"picked":"SKIP","floor":63.0},{"not_picked":[],"picked":"bronze:Spike","floor":65.0},{"not_picked":["bronze:OilSpill","bronze:Branch","bronze:DelayedGuard"],"picked":"SKIP","floor":66.0},{"not_picked":["bronze:ShipIt","bronze:HardenedForm"],"picked":"bronze:SpaghettiCode","floor":67.0},{"not_picked":["bronze:DigitalCarnage","bronze:NullPointer","bronze:ForLoop"],"picked":"SKIP","floor":70.0},{"not_picked":["bronze:CloningBeam","bronze:Turbo"],"picked":"bronze:BronzeOrb","floor":71.0},{"not_picked":["bronze:MaxOutput","bronze:BuggyMess","bronze:DelayedGuard"],"picked":"SKIP","floor":72.0},{"not_picked":["bronze:DarkDash","bronze:BronzeOrb","bronze:ForLoop"],"picked":"SKIP","floor":75.0},{"not_picked":["bronze:WildBeam","bronze:BitShift"],"picked":"bronze:ChildClass","floor":76.0},{"not_picked":["bronze:BitShift","bronze:Overload","bronze:BugBarrage"],"picked":"SKIP","floor":77.0},{"not_picked":["bronze:ForLoop","bronze:Overheat","bronze:Allocate"],"picked":"SKIP","floor":78.0},{"not_picked":["bronze:Branch","bronze:FollowUp+1"],"picked":"bronze:BuggyMess+1","floor":80.0},{"not_picked":["bronze:ForLoop","bronze:DelayedSlice","bronze:GetLatest+1"],"picked":"SKIP","floor":81.0},{"not_picked":["bronze:BitShift","bronze:WhirlingStrike","bronze:DelayedSlice"],"picked":"SKIP","floor":83.0},{"not_picked":["bronze:HyperBeam","bronze:RecursiveStrike"],"picked":"bronze:ThunderWave","floor":84.0},{"not_picked":["bronze:Shield","bronze:ForLoop+1","bronze:BugBarrage+1"],"picked":"bronze:Branch+1","floor":89.0},{"not_picked":["bronze:Shield+1","bronze:Overheat+1","bronze:Invalidate"],"picked":"bronze:WhirlingStrike","floor":90.0},{"not_picked":["ReplayTheSpireMod:Echoes of Time","Replay:Fractal Strike"],"picked":"infinitespire:SealOfDarkness+","floor":90.0},{"not_picked":["bronze:DelayedGuard+1","bronze:RecursiveStrike","bronze:ItsAFeature"],"picked":"bronze:FollowUp+1","floor":92.0},{"not_picked":["bronze:WildBeam+1","bronze:NullPointer","bronze:Shield"],"picked":"bronze:DarkDash+1","floor":93.0},{"not_picked":["bronze:Frontload+1","bronze:Branch","bronze:CutThrough"],"picked":"bronze:WhirlingStrike+1","floor":96.0},{"not_picked":["bronze:Overload+1","bronze:Shell+1","bronze:WildBeam"],"picked":"bronze:ForceShield+1","floor":97.0},{"not_picked":["bronze:BronzeArmor","bronze:Flail","bronze:Deprecate"],"picked":"bronze:BugBarrage","floor":100.0},{"not_picked":["bronze:CleanCode","bronze:ShipIt","bronze:SpaghettiCode"],"picked":"bronze:Virus","floor":101.0},{"not_picked":["bronze:WhirlingStrike","bronze:Repair","bronze:DelayedSlice"],"picked":"bronze:FineTuning","floor":104.0},{"not_picked":["bronze:CutThrough","bronze:Overheat","bronze:Repulsor"],"picked":"bronze:OilSpill","floor":105.0},{"not_picked":["bronze:Invalidate","bronze:Frontload","bronze:FineTuning"],"picked":"bronze:Allocate","floor":107.0},{"not_picked":["bronze:WhirlingStrike","bronze:Shield","bronze:CleanCode"],"picked":"bronze:DelayedGuard","floor":109.0},{"not_picked":["bronze:DelayedGuard","bronze:Optimize","bronze:BuggyMess"],"picked":"bronze:ClassDefault","floor":111.0},{"not_picked":["bronze:FollowUp","bronze:Iterate","bronze:WildBeam"],"picked":"bronze:Fortify","floor":113.0},{"not_picked":["bronze:DelayedGuard","bronze:BugBarrage","bronze:WildBeam"],"picked":"bronze:BronzeOrb","floor":115.0},{"not_picked":["bronze:Shell","bronze:Branch","bronze:WildBeam"],"picked":"bronze:FineTuning","floor":116.0},{"not_picked":["bronze:Iterate","bronze:Flail","bronze:DelayedGuard"],"picked":"bronze:Optimize","floor":117.0},{"not_picked":["bronze:CleanCode","bronze:Virus","bronze:RecursiveStrike"],"picked":"bronze:Verify","floor":118.0},{"not_picked":["bronze:Frontload","bronze:Deprecate+1","bronze:BronzeOrb+1"],"picked":"bronze:BitShift+1","floor":121.0},{"not_picked":["bronze:BuggyMess","bronze:BugBarrage","bronze:DelayedSlice"],"picked":"bronze:Return","floor":122.0},{"not_picked":["bronze:Optimize","bronze:Verify","bronze:Invalidate"],"picked":"bronze:Iterate","floor":123.0},{"not_picked":["bronze:Deprecate+1","bronze:BitShift+1","bronze:DelayedGuard"],"picked":"bronze:Shield","floor":124.0},{"not_picked":["bronze:Flail","bronze:BuggyMess","bronze:Overheat"],"picked":"bronze:WildBeam","floor":126.0},{"not_picked":["bronze:Turbo+1","bronze:Shield","bronze:FindAndReplace"],"picked":"bronze:GetLatest+1","floor":129.0},{"not_picked":["bronze:CutThrough","bronze:OilSpill","bronze:BugBarrage+1","bronze:Turbo"],"picked":"bronze:ClassDefault","floor":133.0},{"not_picked":["bronze:Optimize","bronze:Overheat+1","bronze:Shield","bronze:FineTuning+1"],"picked":"bronze:Repair+1","floor":134.0},{"not_picked":["bronze:Virus","bronze:RecursiveStrike","bronze:Assembly","bronze:AlphaBuild"],"picked":"bronze:Break","floor":135.0},{"not_picked":["bronze:BitShift","bronze:Iterate","bronze:Deprecate","bronze:Optimize"],"picked":"bronze:Shield","floor":136.0},{"not_picked":["bronze:Deprecate","bronze:WhirlingStrike","bronze:Repair+1","bronze:OilSpill"],"picked":"bronze:BuggyMess+1","floor":138.0},{"not_picked":["bronze:BitShift+1","bronze:Deprecate+1","bronze:DarkDash+1","bronze:OilSpill"],"picked":"bronze:Optimize+1","floor":139.0},{"not_picked":["bronze:Return","bronze:ClassDefault+1","bronze:Optimize","bronze:Fortify"],"picked":"bronze:DigitalCarnage","floor":142.0},{"not_picked":["bronze:Branch","bronze:CutThrough","bronze:ChildClass","bronze:BuggyMess"],"picked":"bronze:ShipIt","floor":143.0},{"not_picked":["bronze:WildBeam+1","bronze:Deprecate+1","bronze:DelayedSlice","bronze:Boost+1"],"picked":"bronze:HyperBeam","floor":144.0},{"not_picked":["bronze:Deprecate+1","bronze:Return","bronze:DelayedSlice+1","bronze:ForceShield"],"picked":"bronze:CloningBeam","floor":145.0},{"not_picked":["bronze:CutThrough+1","bronze:Assembly","bronze:Turbo","bronze:BuggyMess"],"picked":"bronze:Overload+1","floor":146.0},{"not_picked":["bronze:Return+1","bronze:DelayedSlice","bronze:Flail","bronze:ItsAFeature+1"],"picked":"bronze:ChosenStrike+1","floor":147.0},{"not_picked":["bronze:CloningBeam","bronze:BugBarrage","bronze:Deprecate","bronze:Backtrace"],"picked":"bronze:NullPointer","floor":148.0},{"not_picked":["bronze:Deprecate+1","bronze:Frontload","bronze:DelayedSlice+1","bronze:Philosophize"],"picked":"bronze:ItsAFeature","floor":151.0},{"not_picked":["bronze:AlphaBuild","bronze:CleanCode","bronze:HyperBeam","bronze:RecursiveStrike"],"picked":"bronze:BurnOut","floor":152.0},{"not_picked":["bronze:Repair","bronze:DelayedGuard","bronze:Invalidate+1","bronze:DigitalCarnage+1"],"picked":"bronze:Iterate+1","floor":154.0},{"not_picked":["bronze:RecursiveStrike","bronze:Virus","bronze:Verify","bronze:FindAndReplace"],"picked":"bronze:SpaghettiCode","floor":157},{"not_picked":["bronze:Assembly","bronze:SpaghettiCode","bronze:AlphaBuild","bronze:CleanCode"],"picked":"bronze:ThunderWave","floor":158}],"player_experience":457448,"relics_obtained":[{"floor":5.0,"key":"infinitespire:Beetle Shell"},{"floor":6.0,"key":"Replay:Ringing Soul"},{"floor":7.0,"key":"infinitespire:Magic Flask"},{"floor":28.0,"key":"ReplayTheSpireMod:Lightbulb"},{"floor":29.0,"key":"ReplayTheSpireMod:Ring of Challenge"},{"floor":29.0,"key":"Ring of Fury"},{"floor":38.0,"key":"Peace Pipe"},{"floor":39.0,"key":"Lizard Tail"},{"floor":40.0,"key":"Whetstone"},{"floor":41.0,"key":"Du-Vu Doll"},{"floor":43.0,"key":"Happy Flower"},{"floor":47.0,"key":"Mummified Hand"},{"floor":55.0,"key":"Onion Ring"},{"floor":55.0,"key":"Ancient Tea Set"},{"floor":55.0,"key":"Gambling Chip"},{"floor":58.0,"key":"Bottled Tornado"},{"floor":66.0,"key":"Vajra"},{"floor":69.0,"key":"The Courier"},{"floor":76.0,"key":"ReplayFunnel"},{"floor":89.0,"key":"Gremlin Food"},{"floor":117.0,"key":"Durian"},{"floor":123.0,"key":"Replay:Wax Seal"},{"floor":130.0,"key":"Enchiridion"},{"floor":138.0,"key":"infinitespire:PuzzleCube"},{"floor":143.0,"key":"HornCleat"},{"floor":151.0,"key":"Regal Pillow"}],"event_choices":[{"damage_healed":0.0,"max_hp_gain":0.0,"max_hp_loss":0.0,"gold_gain":0.0,"event_name":"Wheel of Change","player_choice":"Relic","floor":5.0,"gold_loss":0.0,"damage_taken":0.0},{"damage_healed":0.0,"max_hp_gain":0.0,"max_hp_loss":0.0,"gold_gain":0.0,"event_name":"Drug Dealer","player_choice":"Inject Mutagens","floor":22.0,"gold_loss":0.0,"damage_taken":0.0,"relics_obtained":["MutagenicStrength"]},{"damage_healed":0.0,"max_hp_gain":0.0,"max_hp_loss":0.0,"gold_gain":0.0,"event_name":"Mysterious Sphere","player_choice":"Fight","floor":38.0,"gold_loss":0.0,"damage_taken":0.0},{"damage_healed":0.0,"max_hp_gain":0.0,"max_hp_loss":0.0,"gold_gain":0.0,"event_name":"The Library","player_choice":"Read","floor":73.0,"gold_loss":0.0,"damage_taken":0.0,"cards_obtained":["bronze:Shell"]},{"cards_removed":["bronze:SpaghettiCode"],"damage_healed":0.0,"max_hp_gain":10.0,"max_hp_loss":0.0,"gold_gain":0.0,"event_name":"Bonfire Elementals","player_choice":"Offered Rare","floor":88.0,"gold_loss":0.0,"damage_taken":0.0},{"damage_healed":0.0,"max_hp_gain":0.0,"max_hp_loss":0.0,"gold_gain":200.0,"event_name":"Wheel of Change","player_choice":"Gold","floor":125.0,"gold_loss":0.0,"damage_taken":0.0}],"is_beta":false,"boss_relics":[{"not_picked":["hubris:CrackedHourglass","ReplayTheSpireMod:SealedPack"],"picked":"SlaversCollar"},{"not_picked":["Honey Jar","Cursed Key"],"picked":"hubris:Backtick"},{"not_picked":["ReplayTheSpireMod:DimensionalGlitch","hubris:Stopwatch","hubris:VirtuousBlindfold"]},{"not_picked":["Abe\u0027s Treasure","Kintsugi"],"picked":"Cursed Key"},{"not_picked":["ReplayTheSpireMod:SealedPack","Busted Crown"],"picked":"Honey Jar"},{"not_picked":["hubris:RunicObelisk","Runic Pyramid"],"picked":"Replay:Drink Me"},{"not_picked":["Replay:Wanted Poster","Fusion Hammer"],"picked":"bronze:PlatinumCore"},{"not_picked":["hubris:BlackHole","ReplayTheSpireMod:DimensionalGlitch"],"picked":"Tiny House"},{"not_picked":["ReplayTheSpireMod:SealedPack","hubris:VirtuousBlindfold"],"picked":"Philosopher\u0027s Stone"}],"items_purged_floors":[13,27,37,45,60,82,91,108,127,131,155],"is_endless":true,"potions_floor_spawned":[2,6,8,10,11,15,19,28,32,33,36,47,49,50,62,63,65,67,71,77,80,83,84,89,97,109,111,113,117,124,133,134,135,138,143,146,147,151,152,154,157],"ascension_level":0}}