{"host":"lrlw254gqe5layub","time":1611648167,"event":{"mods":["AchievementEnabler","BaseMod","Colored Map","Colored Powertips","Minty Spire (QoL Compilation)","Rare Cards Sparkle","SuperFastMode"],"gold_per_floor":[113,64,80,94,110,136,136,162,162,337,337,71,146,146,146],"floor_reached":14,"language":"KOR","playtime":415,"items_purged":[],"score":137,"play_id":"e3cd51dc-f8a2-4da6-888c-56723937919e","local_time":"20210126170247","is_ascension_mode":true,"campfire_choices":[{"floor":7,"key":"REST"},{"floor":11,"key":"REST"}],"circlet_count":0,"master_deck":["Strike_B","Strike_B","Strike_B","Strike_B","Defend_B","Defend_B","Defend_B","Defend_B","Zap","Dualcast","Consume","Coolheaded","Beam Cell","Compile Driver","Coolheaded","Genetic Algorithm","Go for the Eyes","Doubt","Sweeping Beam","Enlightenment"],"relics":["Cracked Core","NeowsBlessing","Singing Bowl","Tiny Chest","DataDisk","Lantern"],"acts_visited":["Exordium"],"potions_floor_usage":[14],"damage_taken":[{"damage":0,"enemies":"Cultist","floor":1,"turns":1},{"damage":0,"enemies":"Jaw Worm","floor":3,"turns":1},{"damage":0,"enemies":"Small Slimes","floor":4,"turns":1},{"damage":16,"enemies":"Blue Slaver","floor":5,"turns":3},{"damage":27,"enemies":"Gremlin Nob","floor":6,"turns":5},{"damage":36,"enemies":"3 Sentries","floor":8,"turns":11},{"damage":22,"enemies":"Lagavulin","floor":14,"turns":7}],"seed_played":"-5858262889106837320","potions_obtained":[{"floor":5,"key":"Swift Potion"},{"floor":8,"key":"AttackPotion"}],"is_trial":false,"path_per_floor":["M","$","M","M","M","E","R","E","T","?","R","$","?","E"],"character_chosen":"DEFECT","items_purchased":["Coolheaded","Sweeping Beam","Lantern","Enlightenment"],"campfire_rested":2,"item_purchase_floors":[2,12,12,12],"current_hp_per_floor":[68,68,68,68,52,25,47,11,11,11,33,33,22,0,0],"gold":146,"neow_bonus":"THREE_ENEMY_KILL","is_daily":false,"chose_seed":false,"campfire_upgraded":0,"win_rate":0.0,"timestamp":1611648167,"path_taken":["M","$","M","?","M","E","R","E","T","?","R","$","?","E"],"items_purchased_type":["Card","Card","Relic","Card"],"build_version":"2020-12-22","purchased_purges":0,"victory":false,"max_hp_per_floor":[75,75,75,75,75,75,75,75,75,75,75,75,75,75,75],"card_choices":[{"not_picked":["Hologram","Steam"],"picked":"Consume","floor":1},{"not_picked":["Turbo","Reinforced Body"],"picked":"Beam Cell","floor":3},{"not_picked":["Gash","Streamline"],"picked":"Compile Driver","floor":4},{"not_picked":["Conserve Battery","Sweeping Beam"],"picked":"Coolheaded","floor":5},{"not_picked":["Steam Power","Biased Cognition"],"picked":"Genetic Algorithm","floor":6},{"not_picked":["Recycle","Sweeping Beam"],"picked":"Go for the Eyes","floor":8}],"player_experience":460917,"relics_obtained":[{"floor":6,"key":"Singing Bowl"},{"floor":8,"key":"Tiny Chest"},{"floor":9,"key":"DataDisk"}],"event_choices":[{"damage_healed":0,"gold_gain":175,"player_choice":"AGREE","damage_taken":0,"max_hp_gain":0,"max_hp_loss":0,"event_name":"Liars Game","floor":10,"gold_loss":0,"cards_obtained":["Doubt"]},{"damage_healed":0,"gold_gain":75,"player_choice":"Gather Gold","damage_taken":11,"max_hp_gain":0,"max_hp_loss":0,"event_name":"World of Goop","floor":13,"gold_loss":0}],"is_beta":false,"boss_relics":[],"items_purged_floors":[],"is_endless":false,"potions_floor_spawned":[5,8],"killed_by":"Lagavulin","ascension_level":8}}