{"host":"840yoaz69lavfcgt","time":1611633323,"event":{"mods":["BaseMod","Colored Powertips","DeckTracker","Highlight Path","Minty Spire (QoL Compilation)","Synergy Search"],"gold_per_floor":[109,120,140,140,155,155,155,193,228,265,287,315,327,11,11,113,113,124,143,143,68,87,103,103,130,211,211,211,16,26,57,57,153,153,166,126,144,191,207,207,233,233,286,30,50,76,127,160,160,160,160],"floor_reached":50,"language":"ENG","playtime":3194,"items_purged":["Decay"],"score":710,"play_id":"7ce251f2-0a7c-4014-a1ca-cf9a8f8c2a41","local_time":"20210125225523","is_ascension_mode":true,"campfire_choices":[{"floor":6.0,"key":"RECALL"},{"floor":13.0,"key":"REST"},{"floor":15.0,"key":"REST"},{"data":"Barricade","floor":24.0,"key":"SMITH"},{"floor":32.0,"key":"REST"},{"data":"Flame Barrier","floor":40,"key":"SMITH"},{"floor":49,"key":"REST"}],"circlet_count":0,"master_deck":["Strike_R","Strike_R","Strike_R","Strike_R","Strike_R","Defend_R","Defend_R","Defend_R","Defend_R","Bash","Dropkick","Armaments+1","Uppercut","Flame Barrier+1","Combust","Feed","Thunderclap","Warcry","Shrug It Off","Reaper","Clash+1","Heavy Blade","Barricade+1","Shrug It Off","Anger+1","Flex+1","Perfected Strike","Infernal Blade","Reaper","Perfected Strike+1","Rampage","Body Slam","Fire Breathing+1","Madness","Madness","Limit Break","Clothesline","Trip","Reckless Charge","Body Slam+1","Wild Strike+1"],"relics":["Burning Blood","Bronze Scales","Potion Belt","MawBank","Pantograph","Mercury Hourglass","Brimstone","Pen Nib","Philosopher\u0027s Stone","Lantern","Ornamental Fan","Smiling Mask","Ancient Tea Set","Singing Bowl","Mark of Pain","Vajra","Paper Frog","Blood Vial","Frozen Egg 2","Gambling Chip","HornCleat"],"acts_visited":["Exordium","TheCity","TheBeyond"],"potions_floor_usage":[41,48,50,50],"damage_taken":[{"damage":0.0,"enemies":"Small Slimes","floor":1.0,"turns":3.0},{"damage":13.0,"enemies":"Jaw Worm","floor":2.0,"turns":3.0},{"damage":1.0,"enemies":"2 Louse","floor":3.0,"turns":2.0},{"damage":10.0,"enemies":"Red Slaver","floor":5.0,"turns":4.0},{"damage":29.0,"enemies":"Gremlin Nob","floor":8.0,"turns":4.0},{"damage":38.0,"enemies":"3 Sentries","floor":10.0,"turns":7.0},{"damage":4.0,"enemies":"Exordium Thugs","floor":11.0,"turns":4.0},{"damage":7.0,"enemies":"Blue Slaver","floor":12.0,"turns":3.0},{"damage":64.0,"enemies":"Hexaghost","floor":16.0,"turns":7.0},{"damage":2.0,"enemies":"Spheric Guardian","floor":18.0,"turns":3.0},{"damage":10.0,"enemies":"2 Thieves","floor":19.0,"turns":3.0},{"damage":30.0,"enemies":"Centurion and Healer","floor":22.0,"turns":4.0},{"damage":22.0,"enemies":"Snake Plant","floor":23.0,"turns":2.0},{"damage":42.0,"enemies":"Slavers","floor":25.0,"turns":4.0},{"damage":2.0,"enemies":"Snecko","floor":30.0,"turns":3.0},{"damage":18.0,"enemies":"Gremlin Leader","floor":31.0,"turns":5.0},{"damage":82.0,"enemies":"Automaton","floor":33.0,"turns":7.0},{"damage":25.0,"enemies":"3 Darklings","floor":35.0,"turns":3.0},{"damage":0.0,"enemies":"Orb Walker","floor":37.0,"turns":2.0},{"damage":15,"enemies":"Jaw Worm Horde","floor":39,"turns":3},{"damage":26,"enemies":"Reptomancer","floor":41,"turns":3},{"damage":11,"enemies":"4 Shapes","floor":45,"turns":3},{"damage":16,"enemies":"Giant Head","floor":46,"turns":5},{"damage":26,"enemies":"2 Orb Walkers","floor":47,"turns":3},{"damage":31,"enemies":"Nemesis","floor":48,"turns":5},{"damage":137,"enemies":"Time Eater","floor":50,"turns":7}],"seed_played":"-6417000942395691925","potions_obtained":[{"floor":3.0,"key":"AttackPotion"},{"floor":5.0,"key":"FearPotion"},{"floor":8.0,"key":"Swift Potion"},{"floor":12.0,"key":"Fruit Juice"},{"floor":16.0,"key":"Block Potion"},{"floor":22.0,"key":"Regen Potion"},{"floor":25.0,"key":"AttackPotion"},{"floor":33.0,"key":"Energy Potion"},{"floor":35.0,"key":"DuplicationPotion"},{"floor":39,"key":"BloodPotion"},{"floor":47,"key":"SkillPotion"},{"floor":48,"key":"FearPotion"}],"is_trial":false,"path_per_floor":["M","M","M","?","M","R","?","E","T","E","M","M","R","$","R","B",null,"M","M","?","?","M","M","R","E","T","?","?","$","M","E","R","B",null,"M","?","M","T","M","R","E","?","T","$","M","E","?","E","R","B"],"character_chosen":"IRONCLAD","items_purchased":["Brimstone","Pen Nib","Shrug It Off","Ancient Tea Set","Limit Break","Clothesline","Trip"],"campfire_rested":4,"item_purchase_floors":[14,14,14,29,44,44,44],"current_hp_per_floor":[80,73,78,78,74,74,67,44,44,12,17,21,47,47,73,30,88,88,84,84,84,78,62,62,31,31,31,31,31,45,33,59,8,88,79,79,88,88,83,83,72,60,60,60,92,84,66,57,86,0,0],"gold":160,"neow_bonus":"RANDOM_COMMON_RELIC","is_daily":false,"chose_seed":false,"campfire_upgraded":2,"win_rate":0.0,"timestamp":1611633323,"path_taken":["M","M","M","?","M","R","?","E","T","E","M","M","R","$","R","BOSS","M","M","?","?","M","M","R","E","T","?","?","$","M","E","R","BOSS","M","?","?","?","M","R","E","?","T","$","M","E","?","E","R","BOSS"],"items_purchased_type":["Relic","Relic","Card","Relic","Card","Card","Card"],"build_version":"2020-12-22","purchased_purges":1,"victory":false,"max_hp_per_floor":[80,80,80,80,80,80,80,80,80,80,83,88,88,88,88,88,88,88,88,88,88,88,88,88,88,88,88,88,88,88,88,88,88,88,88,88,88,88,92,92,92,92,92,92,94,94,94,97,97,97,97],"card_choices":[{"not_picked":["Cleave","Rampage"],"picked":"Dropkick","floor":1.0},{"not_picked":["Sentinel","Warcry"],"picked":"Armaments","floor":2.0},{"not_picked":["Dual Wield","Iron Wave"],"picked":"Uppercut","floor":3.0},{"not_picked":["Dropkick","Twin Strike"],"picked":"Flame Barrier","floor":5.0},{"not_picked":["Twin Strike","True Grit"],"picked":"Combust","floor":8.0},{"not_picked":["Thunderclap","Bloodletting"],"picked":"Feed","floor":10.0},{"not_picked":["Iron Wave","Combust"],"picked":"Thunderclap","floor":11.0},{"not_picked":["Disarm","Burning Pact"],"picked":"Warcry","floor":12.0},{"not_picked":["Limit Break","Berserk"],"picked":"Reaper","floor":16.0},{"not_picked":["Headbutt","Wild Strike+1"],"picked":"Clash+1","floor":18.0},{"not_picked":["Fire Breathing","Flex"],"picked":"Heavy Blade","floor":19.0},{"not_picked":["Sword Boomerang","Sentinel"],"picked":"Shrug It Off","floor":22.0},{"not_picked":["Warcry","Sentinel"],"picked":"Anger+1","floor":23.0},{"not_picked":["Flame Barrier","Blood for Blood"],"picked":"Flex+1","floor":25.0},{"not_picked":["Barricade","Burning Pact"],"picked":"Perfected Strike","floor":30.0},{"not_picked":["Carnage","Shockwave+1"],"picked":"Infernal Blade","floor":31.0},{"not_picked":["Exhume","Bludgeon"],"picked":"Reaper","floor":33.0},{"not_picked":["Iron Wave","Headbutt+1"],"picked":"Perfected Strike+1","floor":35.0},{"not_picked":["Inflame+1","Headbutt"],"picked":"Rampage","floor":37.0},{"not_picked":["Headbutt+1","Iron Wave"],"picked":"Body Slam","floor":39},{"not_picked":["Intimidate+1","Thunderclap"],"picked":"Fire Breathing+1","floor":41},{"not_picked":["Bloodletting+1","Combust+1","Disarm"],"picked":"Singing Bowl","floor":45},{"not_picked":["Sword Boomerang","Ghostly Armor"],"picked":"Reckless Charge","floor":46},{"not_picked":["Havoc","Clothesline"],"picked":"Body Slam+1","floor":47},{"not_picked":["Thunderclap+1","Flex+1"],"picked":"Wild Strike+1","floor":48}],"player_experience":247767,"relics_obtained":[{"floor":8.0,"key":"Pantograph"},{"floor":10.0,"key":"Mercury Hourglass"},{"floor":25.0,"key":"Lantern"},{"floor":26.0,"key":"Ornamental Fan"},{"floor":31.0,"key":"Singing Bowl"},{"floor":38.0,"key":"Vajra"},{"floor":41,"key":"Paper Frog"},{"floor":43,"key":"Blood Vial"},{"floor":46,"key":"Frozen Egg 2"},{"floor":47,"key":"Gambling Chip"},{"floor":48,"key":"HornCleat"}],"event_choices":[{"damage_healed":0.0,"max_hp_gain":0.0,"max_hp_loss":0.0,"gold_gain":0.0,"event_name":"Big Fish","player_choice":"Box","floor":4.0,"gold_loss":0.0,"damage_taken":0.0,"relics_obtained":["Potion Belt"],"cards_obtained":["Regret"]},{"damage_healed":0.0,"max_hp_gain":0.0,"max_hp_loss":0.0,"gold_gain":0.0,"event_name":"Scrap Ooze","player_choice":"Success","floor":7.0,"gold_loss":0.0,"damage_taken":7.0,"relics_obtained":["MawBank"]},{"damage_healed":0.0,"max_hp_gain":0.0,"max_hp_loss":0.0,"gold_gain":0.0,"event_name":"The Library","player_choice":"Read","floor":20.0,"gold_loss":0.0,"damage_taken":0.0,"cards_obtained":["Barricade"]},{"cards_removed":["Regret"],"damage_healed":0.0,"max_hp_gain":0.0,"max_hp_loss":0.0,"gold_gain":0.0,"event_name":"Beggar","player_choice":"Gave Gold","floor":21.0,"gold_loss":75.0,"damage_taken":0.0},{"damage_healed":0.0,"max_hp_gain":0.0,"max_hp_loss":0.0,"gold_gain":0.0,"event_name":"Forgotten Altar","player_choice":"Smashed Altar","floor":27.0,"gold_loss":0.0,"damage_taken":0.0,"cards_obtained":["Decay"]},{"damage_healed":0.0,"max_hp_gain":0.0,"max_hp_loss":0.0,"gold_gain":0.0,"event_name":"The Mausoleum","player_choice":"Opened","floor":28.0,"gold_loss":0.0,"damage_taken":0.0,"relics_obtained":["Smiling Mask"]},{"damage_healed":0.0,"max_hp_gain":0.0,"max_hp_loss":0.0,"gold_gain":0.0,"event_name":"Designer","player_choice":"Upgrade","floor":36.0,"gold_loss":40.0,"damage_taken":0.0,"cards_upgraded":["Armaments"]},{"damage_healed":0,"gold_gain":0,"player_choice":"Embrace Madness","damage_taken":12,"max_hp_gain":0,"max_hp_loss":0,"event_name":"Winding Halls","floor":42,"gold_loss":0,"cards_obtained":["Madness","Madness"]},{"damage_healed":0,"gold_gain":0,"player_choice":"Fight","damage_taken":0,"max_hp_gain":0,"max_hp_loss":0,"event_name":"Mysterious Sphere","floor":47,"gold_loss":0}],"is_beta":false,"boss_relics":[{"not_picked":["Empty Cage","Astrolabe"],"picked":"Philosopher\u0027s Stone"},{"not_picked":["Runic Dome","Fusion Hammer"],"picked":"Mark of Pain"}],"items_purged_floors":[29],"is_endless":false,"potions_floor_spawned":[3,5,8,12,16,22,25,33,35,39,47,48],"killed_by":"Time Eater","ascension_level":1}}