{"host":"rqlx1smlvpp4e7jo","time":1611672226,"event":{"mods":["2.2 Compatiblity","BaseMod","Hermit","Koishi","Marisa£¨Ùöéë¡¡Øª×âÞÞ£©","Minty Spire (QoL Compilation)","StSLib","The Jungle","The Servant 0.9.4"],"gold_per_floor":[11111,10985,10314,10274,10286,10312,10312,10337,10361,9740,9740,9758,9786,9341,9341,9442,9442,9456,9456,9456,8955,8971,8971,8989,8989,8989,9008,9008,9035,9035,9035,9035,9133,9133,9147,9147,9162,9172,9172,9172,8760,8806,8830,8830,8830,0,35,11111,11111,11111,11111,11111,6396,6430,6430],"floor_reached":56,"language":"KOR","playtime":1285,"items_purged":["Strike_G","Strike_G","Defend_G","Shame","Strike_G","Strike_G+1"],"score":1532,"play_id":"ba241770-b470-4bb4-ad34-02857d049b60","local_time":"20210126234346","is_ascension_mode":false,"campfire_choices":[{"data":"Flying Knee","floor":7,"key":"SMITH"},{"data":"Envenom","floor":15,"key":"SMITH"},{"data":"Cloak And Dagger","floor":23,"key":"SMITH"},{"floor":25,"key":"RECALL"},{"data":"1","floor":32,"key":"LIFT"},{"data":"2","floor":40,"key":"LIFT"},{"data":"3","floor":45,"key":"LIFT"},{"data":"Phantasmal Killer","floor":49,"key":"SMITH"},{"data":"Panache","floor":52,"key":"SMITH"}],"circlet_count":1,"master_deck":["Defend_G","Defend_G","Defend_G+1","Survivor","Neutralize","Flying Knee+1","Flying Knee+1","Cloak And Dagger+1","Phantasmal Killer+1","Envenom+1","Cloak And Dagger","Sadistic Nature","Sadistic Nature","Panache+1","Infinite Blades","Good Instincts+1","Cloak And Dagger+1","Blade Dance","Accuracy+1"],"relics":["Ring of the Snake","NeowsBlessing","Bag of Marbles","Pen Nib","Juzu Bracelet","Medical Kit","Turnip","MealTicket","Bronze Scales","Akabeko","Mercury Hourglass","Membership Card","Vajra","Blue Candle","Shuriken","Boot","DollysMirror","Philosopher\u0027s Stone","Nunchaku","theJungle:PaperFaux","Bag of Preparation","White Beast Statue","Girya","Molten Egg 2","Oddly Smooth Stone","Kunai","Empty Cage","Orichalcum","TheAbacus","Tough Bandages","StoneCalendar","Red Mask","The Courier","Lantern","Ginger","HornCleat","Unceasing Top","Thread and Needle","Sundial","InkBottle","Toy Ornithopter","Art of War","War Paint","Mummified Hand","Snake Skull","Cauldron","Anchor","Centennial Puzzle","Blood Vial","Strawberry","Ninja Scroll","Bottled Flame","Whetstone","Ornamental Fan","Pantograph","Eternal Feather","Bottled Tornado","Bottled Lightning","Pear","TungstenRod","Paper Crane","StrikeDummy","Letter Opener","Lizard Tail","Gremlin Horn","CaptainsWheel","The Specimen","Bird Faced Urn","Pocketwatch","FossilizedHelix","Ice Cream","Torii","Du-Vu Doll","Incense Burner","Calipers","Tingsha","Mango","Circlet","Gambling Chip"],"acts_visited":["Exordium","Exordium","TheBeyond","TheEnding"],"potions_floor_usage":[8,8,16,19,29,33,50,55],"damage_taken":[{"damage":0,"enemies":"Jaw Worm","floor":1,"turns":1},{"damage":0,"enemies":"Cultist","floor":5,"turns":1},{"damage":0,"enemies":"Lagavulin","floor":6,"turns":1},{"damage":0,"enemies":"3 Sentries","floor":8,"turns":7},{"damage":0,"enemies":"2 Louse","floor":12,"turns":1},{"damage":0,"enemies":"Gremlin Nob","floor":13,"turns":2},{"damage":9,"enemies":"The Guardian","floor":16,"turns":5},{"damage":0,"enemies":"theJungle:MUSHROOMGANG","floor":18,"turns":3},{"damage":35,"enemies":"JungleHuntersEvent","floor":19,"turns":4},{"damage":1,"enemies":"theJungle:Flameango_and_Byrd","floor":22,"turns":2},{"damage":12,"enemies":"theJungle:SlimyTreeVines","floor":24,"turns":3},{"damage":8,"enemies":"theJungle:Snecko_Cultist_And_Trap","floor":27,"turns":3},{"damage":0,"enemies":"theJungle:Cassacara","floor":29,"turns":2},{"damage":0,"enemies":"theJungle:FunGuy","floor":33,"turns":2},{"damage":0,"enemies":"Orb Walker","floor":35,"turns":1},{"damage":2,"enemies":"3 Shapes","floor":37,"turns":2},{"damage":4,"enemies":"Spire Growth","floor":38,"turns":2},{"damage":17,"enemies":"2 Orb Walkers","floor":42,"turns":3},{"damage":0,"enemies":"Reptomancer","floor":47,"turns":2},{"damage":4,"enemies":"Writhing Mass","floor":48,"turns":2},{"damage":9,"enemies":"Donu and Deca","floor":50,"turns":4},{"damage":0,"enemies":"Shield and Spear","floor":54,"turns":2},{"damage":3,"enemies":"The Heart","floor":55,"turns":3}],"seed_played":"3638018709837159927","potions_obtained":[{"floor":1,"key":"AttackPotion"},{"floor":4,"key":"PowerPotion"},{"floor":8,"key":"SmokeBomb"},{"floor":29,"key":"ColorlessPotion"},{"floor":33,"key":"Weak Potion"},{"floor":53,"key":"GhostInAJar"}],"is_trial":false,"path_per_floor":["M","?","$","?","M","E","R","E","T","$","?","M","E","$","R","B",null,"M","?","?","$","M","R","M","R","T","M","T","E","?","T","R","B",null,"M","?","M","M","?","R","$","?","T","?","R","?","E","M","R","B",null,"R","$","E","B",null],"character_chosen":"THE_SILENT","items_purchased":["Pen Nib","Juzu Bracelet","Medical Kit","Flying Knee","Cloak And Dagger","Strength Potion","Akabeko","Mercury Hourglass","Membership Card","Swift Potion","Shuriken","Boot","Cloak And Dagger","Sadistic Nature","DollysMirror","Panache","Infinite Blades","Bag of Preparation","White Beast Statue","Strength Potion","BlessingOfTheForge","Good Instincts","Orichalcum","TheAbacus","Tough Bandages","Accuracy","Lantern","Ginger","HornCleat","Unceasing Top","Thread and Needle","Sundial","InkBottle","Toy Ornithopter","Art of War","War Paint","Mummified Hand","Snake Skull","Cauldron","Anchor","Centennial Puzzle","Blood Vial","Strawberry","Ninja Scroll","Bottled Flame","Whetstone","Ornamental Fan","Pantograph","Eternal Feather","Bottled Tornado","Bottled Lightning","Pear","TungstenRod","Paper Crane","StrikeDummy","Letter Opener","Lizard Tail","Gremlin Horn","CaptainsWheel","The Specimen","Bird Faced Urn","Pocketwatch","FossilizedHelix","Ice Cream","Torii","Du-Vu Doll","Incense Burner","Calipers","Tingsha","Mango","Circlet","Gambling Chip"],"campfire_rested":0,"item_purchase_floors":[3,3,3,3,3,3,10,10,10,10,14,14,14,14,14,21,21,21,21,21,21,21,41,41,41,41,53,53,53,53,53,53,53,53,53,53,53,53,53,53,53,53,53,53,53,53,53,53,53,53,53,53,53,53,53,53,53,53,53,53,53,53,53,53,53,53,53,53,53,53,53,53],"current_hp_per_floor":[70,70,70,70,70,70,70,70,70,70,58,58,58,70,70,61,70,70,35,35,50,49,49,40,40,40,32,32,32,32,32,32,61,70,70,66,64,60,60,60,66,49,49,49,49,49,49,45,45,51,66,66,97,97,96],"gold":6430,"neow_bonus":"THREE_ENEMY_KILL","is_daily":false,"chose_seed":false,"campfire_upgraded":5,"win_rate":0.0,"timestamp":1611672226,"path_taken":["M","?","$","?","M","E","R","E","T","?","?","M","E","$","R","BOSS","M","?","?","$","M","R","M","R","T","M","?","E","?","?","R","BOSS","M","?","M","M","?","R","$","?","T","?","R","?","E","M","R","BOSS","R","$","E","BOSS"],"items_purchased_type":["Relic","Relic","Relic","Card","Card","Potion","Relic","Relic","Relic","Potion","Relic","Relic","Card","Card","Relic","Card","Card","Relic","Relic","Potion","Potion","Card","Relic","Relic","Relic","Card","Relic","Relic","Relic","Relic","Relic","Relic","Relic","Relic","Relic","Relic","Relic","Relic","Relic","Relic","Relic","Relic","Relic","Relic","Relic","Relic","Relic","Relic","Relic","Relic","Relic","Relic","Relic","Relic","Relic","Relic","Relic","Relic","Relic","Relic","Relic","Relic","Relic","Relic","Relic","Relic","Relic","Relic","Relic","Relic","Undefined","Relic"],"build_version":"2020-12-22","purchased_purges":6,"victory":true,"max_hp_per_floor":[70,70,70,70,70,70,70,70,70,70,70,70,70,70,70,70,70,70,70,70,70,70,70,70,70,70,70,70,70,70,70,70,70,70,70,66,66,66,66,66,66,66,66,66,66,66,66,66,66,66,66,66,97,97,97],"card_choices":[{"not_picked":["Blur","Backstab"],"picked":"Flying Knee","floor":1},{"not_picked":["Catalyst","Dodge and Roll","Quick Slash"],"picked":"SKIP","floor":5},{"not_picked":["Well Laid Plans","Sucker Punch","Footwork"],"picked":"SKIP","floor":6},{"not_picked":["Dagger Spray","Dodge and Roll","Terror"],"picked":"SKIP","floor":8},{"not_picked":["Noxious Fumes","Quick Slash"],"picked":"Phantasmal Killer","floor":12},{"not_picked":["Dagger Spray","Blade Dance"],"picked":"Envenom","floor":13},{"not_picked":["Flechettes","Sucker Punch","Prepared"],"picked":"SKIP","floor":18},{"not_picked":["Bouncing Flask","Dodge and Roll+1"],"picked":"Cloak And Dagger+1","floor":22},{"not_picked":["Catalyst","Finisher","Underhanded Strike"],"picked":"SKIP","floor":24},{"not_picked":["Skewer","Dodge and Roll+1","Flying Knee+1"],"picked":"SKIP","floor":27},{"not_picked":["Tactician+1","Dodge and Roll"],"picked":"Blade Dance","floor":29},{"not_picked":["Bane+1","Heel Hook+1","Poisoned Stab+1"],"picked":"SKIP","floor":35},{"not_picked":["Acrobatics","Concentrate","Bouncing Flask"],"picked":"SKIP","floor":37},{"not_picked":["Backflip+1","Sucker Punch+1","Deflect+1"],"picked":"SKIP","floor":38},{"not_picked":["Dagger Throw+1","Finisher+1","Choke+1"],"picked":"SKIP","floor":47},{"not_picked":["Well Laid Plans+1","Deadly Poison+1","Dagger Spray+1"],"picked":"SKIP","floor":48},{"not_picked":["Noxious Fumes","Blur","Flying Knee+1"],"picked":"SKIP","floor":54}],"player_experience":779016,"relics_obtained":[{"floor":6,"key":"Turnip"},{"floor":8,"key":"MealTicket"},{"floor":9,"key":"Bronze Scales"},{"floor":13,"key":"Blue Candle"},{"floor":19,"key":"Nunchaku"},{"floor":26,"key":"Girya"},{"floor":28,"key":"Molten Egg 2"},{"floor":29,"key":"Oddly Smooth Stone"},{"floor":31,"key":"Kunai"},{"floor":42,"key":"StoneCalendar"},{"floor":47,"key":"The Courier"}],"event_choices":[{"damage_healed":0,"gold_gain":0,"player_choice":"Paid Gold","damage_taken":0,"relics_obtained":["Bag of Marbles"],"max_hp_gain":0,"max_hp_loss":0,"event_name":"WeMeetAgain","floor":2,"gold_loss":126},{"damage_healed":0,"gold_gain":0,"player_choice":"Bought 3 Potions","damage_taken":0,"max_hp_gain":0,"max_hp_loss":0,"event_name":"The Woman in Blue","floor":4,"gold_loss":0},{"damage_healed":0,"gold_gain":0,"player_choice":"Success","damage_taken":12,"relics_obtained":["Vajra"],"max_hp_gain":0,"max_hp_loss":0,"event_name":"Scrap Ooze","floor":11,"gold_loss":0},{"damage_healed":0,"gold_gain":0,"player_choice":"Max HP","damage_taken":0,"max_hp_gain":0,"max_hp_loss":4,"event_name":"Winding Halls","floor":36,"gold_loss":0},{"damage_healed":0,"gold_gain":0,"player_choice":"Memory 1","damage_taken":0,"max_hp_gain":0,"max_hp_loss":0,"event_name":"SensoryStone","floor":39,"gold_loss":0},{"damage_healed":0,"gold_gain":0,"player_choice":"Fight","damage_taken":0,"max_hp_gain":0,"max_hp_loss":0,"event_name":"Mysterious Sphere","floor":42,"gold_loss":0},{"damage_healed":0,"gold_gain":0,"player_choice":"Forge","damage_taken":0,"max_hp_gain":0,"max_hp_loss":0,"event_name":"Accursed Blacksmith","floor":44,"gold_loss":0,"cards_upgraded":["Accuracy"]},{"damage_healed":0,"gold_gain":0,"player_choice":"Paid","damage_taken":0,"relics_obtained":["Red Mask"],"max_hp_gain":0,"max_hp_loss":0,"event_name":"Tomb of Lord Red Mask","floor":46,"gold_loss":8830}],"is_beta":false,"boss_relics":[{"not_picked":["Cursed Key","Busted Crown"],"picked":"Philosopher\u0027s Stone"},{"not_picked":["Pandora\u0027s Box","Tiny House"],"picked":"Empty Cage"}],"items_purged_floors":[3,10,14,21,41,53],"is_endless":false,"potions_floor_spawned":[1,5,6,8,13,22,24,27,29,33,35,37,38,42,47,48,54],"ascension_level":0}}