{"host":"h1qktzcccqnez8tx","time":1611665308,"event":{"mods":["AchievementEnabler","BaseMod","Bestiary","Better Note","Block Reminder","Colored Map","Colored Powertips","Curses Come First","Highlight Path","Minty Spire (QoL Compilation)","Permanent Neow","Quick Restart","Relic Stats","StSLib","UnlockEverythingMod"],"gold_per_floor":[110,110,122,202,1,330,63,95,122,152,74,84,84,99,99,197,197,217,26,26,42,42,71,71,100,100,114,6,26,46,64,64,64,64],"floor_reached":33,"language":"ENG","playtime":1428,"items_purged":[],"score":456,"play_id":"f9d077e0-a04b-4a07-88e2-1232809ac2ee","local_time":"20210126134828","daily_mods":["Draft"],"is_ascension_mode":true,"campfire_choices":[{"floor":13,"key":"REST"},{"data":"Sever Soul","floor":15,"key":"SMITH"},{"data":"True Grit","floor":24,"key":"SMITH"},{"data":"Fire Breathing","floor":32,"key":"SMITH"}],"circlet_count":0,"master_deck":["Inflame","Wild Strike","Wild Strike","Shockwave","Spot Weakness","Pommel Strike","Seeing Red","Wild Strike","True Grit+1","Thunderclap","Cleave","Pommel Strike","Shrug It Off","Dark Embrace","Warcry","Shrug It Off","Iron Wave","Fire Breathing","Twin Strike","Feel No Pain","Intimidate","Havoc","Reckless Charge","Fire Breathing","Sever Soul+1","Wild Strike+1","True Grit","Ball Lightning","Sever Soul","Fire Breathing+1","Reckless Charge","Fire Breathing+1","Shrug It Off+1","Battle Trance","Power Through+1"],"relics":["Burning Blood","Nunchaku","Membership Card","Old Coin","Pantograph","Chemical X","Ancient Tea Set","Blood Vial","Shovel","PreservedInsect","Philosopher\u0027s Stone","HornCleat","Happy Flower","Toy Ornithopter","Sundial","Red Skull"],"acts_visited":["Exordium","TheCity"],"potions_floor_usage":[10],"damage_taken":[{"damage":0,"enemies":"Small Slimes","floor":1,"turns":2},{"damage":0,"enemies":"Jaw Worm","floor":3,"turns":2},{"damage":27,"enemies":"Gremlin Nob","floor":6,"turns":4},{"damage":27,"enemies":"Lagavulin","floor":8,"turns":5},{"damage":12,"enemies":"Gremlin Nob","floor":10,"turns":4},{"damage":0,"enemies":"Cultist","floor":12,"turns":2},{"damage":0,"enemies":"Exordium Wildlife","floor":14,"turns":2},{"damage":45,"enemies":"The Guardian","floor":16,"turns":10},{"damage":4,"enemies":"3 Byrds","floor":18,"turns":3},{"damage":10,"enemies":"Chosen","floor":21,"turns":2},{"damage":11,"enemies":"Book of Stabbing","floor":23,"turns":4},{"damage":13,"enemies":"Slavers","floor":25,"turns":4},{"damage":1,"enemies":"Snake Plant","floor":27,"turns":4},{"damage":3,"enemies":"Sentry and Sphere","floor":29,"turns":4},{"damage":14,"enemies":"Centurion and Healer","floor":30,"turns":5},{"damage":25,"enemies":"Shelled Parasite and Fungi","floor":31,"turns":6},{"damage":84,"enemies":"Collector","floor":33,"turns":9}],"seed_played":"2905781245142597505","potions_obtained":[{"floor":1,"key":"Dexterity Potion"},{"floor":6,"key":"Weak Potion"},{"floor":12,"key":"Strength Potion"},{"floor":21,"key":"EntropicBrew"}],"is_trial":true,"path_per_floor":["M","?","M","?","$","E","$","E","T","E","$","M","R","M","R","B",null,"M","$","?","M","?","E","R","E","T","M","$","M","M","M","R","B"],"character_chosen":"IRONCLAD","items_purchased":["Fire Breathing","Membership Card","Weak Potion","Feel No Pain","Intimidate","Pantograph","Chemical X","PreservedInsect","HornCleat","True Grit","DuplicationPotion","Fire Breathing","Red Skull"],"campfire_rested":1,"item_purchase_floors":[5,5,5,7,7,7,7,11,19,19,19,28,28],"current_hp_per_floor":[80,62,68,68,68,47,47,26,26,22,22,30,54,62,62,41,70,74,74,74,72,72,69,69,64,64,71,71,76,70,53,53,0,0],"gold":64,"neow_bonus":"","is_daily":false,"chose_seed":false,"campfire_upgraded":3,"win_rate":0.0,"timestamp":1611665308,"path_taken":["M","?","M","?","$","E","$","E","T","E","?","M","R","M","R","BOSS","M","$","?","M","?","E","R","E","T","M","$","M","M","M","R","BOSS"],"items_purchased_type":["Card","Relic","Potion","Card","Card","Relic","Relic","Relic","Relic","Card","Potion","Card","Relic"],"build_version":"2020-12-22","purchased_purges":0,"victory":false,"max_hp_per_floor":[80,80,80,80,80,80,80,80,80,80,80,80,80,80,80,80,80,80,80,80,80,80,80,80,80,80,80,80,80,80,80,80,80,80],"relic_stats":{"Blood Vial":26,"Nunchaku":[12],"Shovel":0,"Happy Flower":[10],"counters":[17,72],"Sundial":[0],"Pantograph":41,"PreservedInsect":80,"Chemical X":[1],"obtain_stats":[{"Happy Flower":23,"PreservedInsect":11,"Ancient Tea Set":8,"Burning Blood":0,"Old Coin":6,"Blood Vial":9,"Nunchaku":2,"Shovel":10,"HornCleat":19,"Sundial":26,"Pantograph":7,"Philosopher\u0027s Stone":17,"Membership Card":5,"Chemical X":7,"Toy Ornithopter":25,"Red Skull":28},{"Happy Flower":11,"PreservedInsect":5,"Ancient Tea Set":4,"Burning Blood":0,"Old Coin":3,"Blood Vial":4,"Nunchaku":1,"Shovel":5,"HornCleat":9,"Sundial":12,"Pantograph":3,"Philosopher\u0027s Stone":8,"Membership Card":2,"Chemical X":3,"Toy Ornithopter":12,"Red Skull":13},{"Happy Flower":40,"PreservedInsect":17,"Ancient Tea Set":13,"Burning Blood":0,"Old Coin":8,"Blood Vial":13,"Nunchaku":2,"Shovel":17,"HornCleat":34,"Sundial":44,"Pantograph":8,"Philosopher\u0027s Stone":31,"Membership Card":4,"Chemical X":8,"Toy Ornithopter":44,"Red Skull":48}],"Burning Blood":90,"Toy Ornithopter":0},"card_choices":[{"not_picked":["Hemokinesis","Heavy Blade"],"picked":"Inflame","floor":0},{"not_picked":["Clothesline","Disarm"],"picked":"Wild Strike","floor":0},{"not_picked":["Armaments","Hemokinesis"],"picked":"Wild Strike","floor":0},{"not_picked":["Rupture","Infernal Blade"],"picked":"Shockwave","floor":0},{"not_picked":["Bloodletting","Anger"],"picked":"Spot Weakness","floor":0},{"not_picked":["Armaments","Cleave"],"picked":"Pommel Strike","floor":0},{"not_picked":["Clothesline","Perfected Strike"],"picked":"Seeing Red","floor":0},{"not_picked":["Perfected Strike","Second Wind"],"picked":"Wild Strike","floor":0},{"not_picked":["Warcry","Iron Wave"],"picked":"True Grit","floor":0},{"not_picked":["Warcry","Armaments"],"picked":"Thunderclap","floor":0},{"not_picked":["Headbutt","Pommel Strike"],"picked":"Cleave","floor":0},{"not_picked":["Body Slam","Iron Wave"],"picked":"Pommel Strike","floor":0},{"not_picked":["True Grit","Dark Embrace"],"picked":"Shrug It Off","floor":0},{"not_picked":["Anger","Sever Soul"],"picked":"Dark Embrace","floor":0},{"not_picked":["Intimidate","Combust"],"picked":"Warcry","floor":0},{"not_picked":["Armaments","Twin Strike"],"picked":"Shrug It Off","floor":1},{"not_picked":["Clothesline","Anger"],"picked":"Iron Wave","floor":3},{"not_picked":["Bludgeon","Thunderclap"],"picked":"Twin Strike","floor":6},{"not_picked":["Warcry","Shockwave"],"picked":"Havoc","floor":8},{"not_picked":["Clothesline","Ghostly Armor"],"picked":"Reckless Charge","floor":10},{"not_picked":["Sever Soul","Thunderclap"],"picked":"Fire Breathing","floor":12},{"not_picked":["Heavy Blade","Warcry"],"picked":"Sever Soul","floor":14},{"not_picked":["True Grit+1","Headbutt"],"picked":"Wild Strike+1","floor":18},{"not_picked":["Metallicize","Wild Strike"],"picked":"Sever Soul","floor":21},{"not_picked":["Armaments","Offering","Spot Weakness"],"picked":"SKIP","floor":23},{"not_picked":["Iron Wave","Flame Barrier"],"picked":"Fire Breathing+1","floor":25},{"not_picked":["Clash","Evolve"],"picked":"Reckless Charge","floor":27},{"not_picked":["Anger","Shockwave"],"picked":"Shrug It Off+1","floor":29},{"not_picked":["Thunderclap","Dropkick+1"],"picked":"Battle Trance","floor":30},{"not_picked":["Perfected Strike","Iron Wave"],"picked":"Power Through+1","floor":31}],"player_experience":178161,"relics_obtained":[{"floor":6,"key":"Old Coin"},{"floor":8,"key":"Ancient Tea Set"},{"floor":9,"key":"Blood Vial"},{"floor":10,"key":"Shovel"},{"floor":23,"key":"Happy Flower"},{"floor":25,"key":"Toy Ornithopter"},{"floor":26,"key":"Sundial"}],"event_choices":[{"damage_healed":0,"gold_gain":0,"player_choice":"Success","damage_taken":18,"relics_obtained":["Nunchaku"],"max_hp_gain":0,"max_hp_loss":0,"event_name":"Scrap Ooze","floor":2,"gold_loss":0},{"damage_healed":0,"gold_gain":80,"player_choice":"Gained Gold","damage_taken":0,"max_hp_gain":0,"max_hp_loss":0,"event_name":"Golden Wing","floor":4,"gold_loss":0},{"cards_removed":["Inflame"],"damage_healed":0,"gold_gain":0,"player_choice":"Take \u0026 Give","damage_taken":0,"max_hp_gain":0,"max_hp_loss":0,"event_name":"betterNote:BetterNote","floor":20,"gold_loss":0,"cards_obtained":["Ball Lightning"]},{"damage_healed":0,"gold_gain":0,"player_choice":"Ignored","damage_taken":0,"max_hp_gain":0,"max_hp_loss":0,"event_name":"Ghosts","floor":22,"gold_loss":0}],"is_beta":false,"boss_relics":[{"not_picked":["Astrolabe","Fusion Hammer"],"picked":"Philosopher\u0027s Stone"}],"items_purged_floors":[],"is_endless":false,"potions_floor_spawned":[1,6,12,14,21,23,29],"killed_by":"Collector","ascension_level":5}}