{"host":"gln8pem4hnwuntpa","time":1611701597,"event":{"mods":["BaseMod","Lobotomy","Minty Spire (QoL Compilation)","Quick Restart","Replay The Spire","StSLib"],"gold_per_floor":[118,118,118,132,51,51,51,78,78,110,130,130,161,174,174,276,276,288,104,104,104],"floor_reached":20,"language":"ZHS","playtime":860,"items_purged":["Defend_R"],"score":253,"play_id":"c63cf15b-343f-4b8d-b5e7-17d47fd6df2e","local_time":"20210127065317","is_ascension_mode":true,"campfire_choices":[{"data":"Flex","floor":6,"key":"SMITH"},{"floor":12,"key":"RECALL"},{"data":"Bash","floor":15,"key":"SMITH"}],"circlet_count":0,"master_deck":["Strike_R","Strike_R","Strike_R","Strike_R","Strike_R+1","Defend_R+1","Defend_R","Defend_R","Bash+1","CENSORED","Flex+1","Scorched","Rampage+1","Replay:Undeath\u0027s Touch+1","Clash+1","Sever Soul+1","CrumblingArmor","MHz","PunishingBird","Blood for Blood+1","Sickly"],"relics":["Black Blood","CogitoBucket","Golden Egg","Molten Egg 2","Replay:Ringing Soul","FleshIdol","Vajra","ReplayTheSpireMod:CursedCoin","Replay:Accelerometer"],"acts_visited":["Exordium","TheCity"],"potions_floor_usage":[20],"damage_taken":[{"damage":0,"enemies":"Small Slimes","floor":1,"turns":3},{"damage":11,"enemies":"Cultist","floor":4,"turns":4},{"damage":13,"enemies":"2 Louse","floor":7,"turns":2},{"damage":36,"enemies":"Lagavulin","floor":8,"turns":4},{"damage":0,"enemies":"Gremlin Nob","floor":10,"turns":2},{"damage":0,"enemies":"2 Fungi Beasts","floor":11,"turns":1},{"damage":23,"enemies":"3 Sentries","floor":13,"turns":4},{"damage":2,"enemies":"Large Slime","floor":14,"turns":2},{"damage":96,"enemies":"Fading Forest","floor":16,"turns":11},{"damage":48,"enemies":"3 Byrds","floor":18,"turns":6},{"damage":83,"enemies":"Spheric Guardian","floor":20,"turns":2}],"seed_played":"5150473381452154957","potions_obtained":[{"floor":1,"key":"Venom Potion"},{"floor":8,"key":"Flashbang"},{"floor":13,"key":"Doom Potion"},{"floor":14,"key":"AttackPotion"}],"is_trial":false,"path_per_floor":["M","?","?","M","$","R","M","E","T","E","M","R","E","M","R","B",null,"M","$","M"],"character_chosen":"IRONCLAD","items_purchased":["Rampage","ReplayTheSpireMod:CursedCoin","Replay:Accelerometer"],"campfire_rested":0,"item_purchase_floors":[5,19,19],"current_hp_per_floor":[80,68,52,63,63,63,60,44,44,50,59,59,52,59,59,49,92,61,64,0,0],"gold":104,"neow_bonus":"","is_daily":false,"chose_seed":false,"campfire_upgraded":2,"win_rate":0.0,"timestamp":1611701597,"path_taken":["M","?","?","M","$","R","M","E","T","E","M","R","E","M","R","BOSS","M","$","M"],"items_purchased_type":["Card","Relic","Relic"],"build_version":"2020-12-22","purchased_purges":1,"victory":false,"max_hp_per_floor":[80,80,80,80,80,80,80,80,80,80,83,83,86,89,89,92,92,95,98,98,98],"card_choices":[{"not_picked":["ShyLook","RedShoes"],"picked":"CENSORED","floor":1},{"not_picked":["Sword Boomerang","Clash"],"picked":"Flex","floor":1},{"not_picked":["Variant","CherryBlossoms"],"picked":"Scorched","floor":4},{"not_picked":["Cleave","Searing Blow","Iron Wave"],"picked":"SKIP","floor":4},{"not_picked":["Clash","Warcry","Dual Wield"],"picked":"SKIP","floor":7},{"not_picked":["Metallicize","Dual Wield"],"picked":"Replay:Undeath\u0027s Touch+1","floor":8},{"not_picked":["ReplayTheSpireMod:Strike From Hell+1","Searing Blow+1","Limit Break"],"picked":"SKIP","floor":10},{"not_picked":["Wild Strike+1","Iron Wave+1"],"picked":"Clash+1","floor":11},{"not_picked":["Dark Embrace","Double Tap"],"picked":"Sever Soul+1","floor":13},{"not_picked":["GreedKing","Bloodbath"],"picked":"CrumblingArmor","floor":14},{"not_picked":["Armaments","Flex","Abandon"],"picked":"SKIP","floor":14},{"not_picked":["Bloodbath","NakedNest"],"picked":"MHz","floor":16},{"not_picked":["OldLady","FairyFestival"],"picked":"PunishingBird","floor":18},{"not_picked":["ReplayTheSpireMod:Strike From Hell+1","Shrug It Off"],"picked":"Blood for Blood+1","floor":18}],"player_experience":112479,"relics_obtained":[{"floor":8,"key":"Molten Egg 2"},{"floor":10,"key":"Replay:Ringing Soul"},{"floor":13,"key":"Vajra"}],"event_choices":[{"damage_healed":0,"gold_gain":0,"player_choice":"Success","damage_taken":12,"relics_obtained":["Golden Egg"],"max_hp_gain":0,"max_hp_loss":0,"event_name":"Scrap Ooze","floor":2,"gold_loss":0},{"damage_healed":0,"gold_gain":0,"player_choice":"Entered Light","damage_taken":16,"max_hp_gain":0,"max_hp_loss":0,"event_name":"Shining Light","floor":3,"gold_loss":0,"cards_upgraded":["Defend_R","Strike_R"]}],"is_beta":false,"boss_relics":[{"not_picked":["Tiny House","Velvet Choker"],"picked":"Black Blood"}],"items_purged_floors":[19],"is_endless":false,"potions_floor_spawned":[1,8,13,14,16,18],"killed_by":"Spheric Guardian","ascension_level":1}}