{"host":"r6jigiblrojhp6xe","time":1611641125,"event":{"mods":["AchievementEnabler","BaseMod","DeckTracker","Hermit","Minty Spire (QoL Compilation)","Quick Restart","Rare Cards Sparkle","Relic Stats","StSLib","SuperFastMode","everything is the same but u backflip on backflip"],"gold_per_floor":[109,124,124,124,149,180,180,180,180,193,193,193,231,43,43,163,163,176,275,275,288,238,274,106,125,125,125,125,150,100,120,120,241,241,264,278,228,228,116,152,175,175,222,256,280,299,324,363,363,363,363,363,83,118,118],"floor_reached":56,"language":"KOR","playtime":1768,"items_purged":["hermit:Strike_Hermit","hermit:Defend_Hermit","hermit:Defend_Hermit","hermit:Defend_Hermit","hermit:Vantage","hermit:Snapshot+1"],"score":2063,"play_id":"1b8bdc11-aacc-4bab-afac-67dad8bd5219","local_time":"20210126150525","is_ascension_mode":true,"campfire_choices":[{"data":"hermit:WideOpen","floor":7.0,"key":"SMITH"},{"floor":11,"key":"REST"},{"data":"Flash of Steel","floor":15,"key":"SMITH"},{"data":"hermit:LuckOfTheDraw","floor":27,"key":"SMITH"},{"floor":32,"key":"RECALL"},{"data":"hermit:Enervate","floor":42,"key":"SMITH"},{"data":"hermit:BigShot","floor":49,"key":"SMITH"},{"data":"Finesse","floor":52,"key":"SMITH"}],"circlet_count":0,"master_deck":["hermit:Covet","hermit:WideOpen+1","hermit:LuckOfTheDraw+1","Flash of Steel+1","hermit:BigShot+1","Finesse+1","hermit:Covet","hermit:Snipe+1","hermit:Enervate+1"],"relics":["Black Star","Golden Idol","The Courier","Smiling Mask","Art of War","Centennial Puzzle","Pear","DollysMirror","Empty Cage","Bronze Scales","Whetstone","TheAbacus","Runic Pyramid","Bag of Preparation","Blue Candle","hermit:RyeStalk","Ginger","Blood Vial","hermit:CharredGlove","Boot","Kunai","Bag of Marbles","Anchor"],"acts_visited":["Exordium","TheCity","TheBeyond","TheEnding"],"potions_floor_usage":[13,53],"damage_taken":[{"damage":4.0,"enemies":"Jaw Worm","floor":1.0,"turns":5.0},{"damage":3.0,"enemies":"2 Louse","floor":2.0,"turns":2.0},{"damage":0.0,"enemies":"Cultist","floor":5.0,"turns":2.0},{"damage":23.0,"enemies":"Lagavulin","floor":6.0,"turns":7.0},{"damage":16,"enemies":"Looter","floor":10,"turns":4},{"damage":25,"enemies":"Gremlin Nob","floor":13,"turns":4},{"damage":0,"enemies":"Hexaghost","floor":16,"turns":3},{"damage":0,"enemies":"2 Thieves","floor":18,"turns":1},{"damage":0,"enemies":"Chosen","floor":21,"turns":2},{"damage":10,"enemies":"Slavers","floor":23,"turns":2},{"damage":0,"enemies":"Shelled Parasite and Fungi","floor":25,"turns":1},{"damage":0,"enemies":"3 Cultists","floor":29,"turns":1},{"damage":0,"enemies":"Centurion and Healer","floor":31,"turns":1},{"damage":0,"enemies":"Automaton","floor":33,"turns":1},{"damage":0,"enemies":"Orb Walker","floor":35,"turns":1},{"damage":0,"enemies":"3 Darklings","floor":36,"turns":1},{"damage":0,"enemies":"Giant Head","floor":40,"turns":1},{"damage":0,"enemies":"Maw","floor":41,"turns":2},{"damage":0,"enemies":"Reptomancer","floor":44,"turns":2},{"damage":0,"enemies":"Writhing Mass","floor":45,"turns":1},{"damage":0,"enemies":"3 Darklings","floor":46,"turns":2},{"damage":0,"enemies":"Transient","floor":47,"turns":1},{"damage":0,"enemies":"Giant Head","floor":48,"turns":2},{"damage":0,"enemies":"Donu and Deca","floor":50,"turns":2},{"damage":0,"enemies":"Shield and Spear","floor":54,"turns":1},{"damage":1,"enemies":"The Heart","floor":55,"turns":3}],"seed_played":"6326029539431407695","potions_obtained":[{"floor":1.0,"key":"Block Potion"},{"floor":5.0,"key":"Block Potion"},{"floor":6.0,"key":"PowerPotion"},{"floor":13,"key":"hermit:Eclipse"},{"floor":18,"key":"hermit:Tonic"},{"floor":47,"key":"Fruit Juice"}],"is_trial":false,"path_per_floor":["M","M","?","?","M","E","R","?","T","M","R","?","E","$","R","B",null,"M","?","?","M","$","E","$","M","T","R","?","M","$","M","R","B",null,"M","M","$","?","$","E","M","R","T","E","M","M","M","E","R","B",null,"R","$","E","B",null],"character_chosen":"HERMIT","items_purchased":["Finesse","DollysMirror","TheAbacus","hermit:Enervate","Kunai","SteroidPotion"],"campfire_rested":1,"item_purchase_floors":[14,14,24,39,53,53],"current_hp_per_floor":[71,68,68,68,68,45,45,45,45,29,49,49,34,34,34,34,68,68,68,68,68,68,58,58,58,58,58,58,58,58,58,58,58,74,74,74,74,74,74,74,74,74,74,74,76,78,79,79,79,79,79,79,84,84,83],"gold":118,"neow_bonus":"BOSS_RELIC","is_daily":false,"chose_seed":false,"campfire_upgraded":6,"win_rate":0.0,"timestamp":1611641125,"path_taken":["M","M","?","?","M","E","R","?","T","?","R","?","E","$","R","BOSS","M","?","?","?","$","E","$","M","T","R","?","M","$","M","R","BOSS","M","M","$","?","$","E","M","R","T","E","M","M","M","E","R","BOSS","R","$","E","BOSS"],"items_purchased_type":["Card","Relic","Relic","Card","Relic","Potion"],"build_version":"2020-12-22","purchased_purges":6,"victory":true,"max_hp_per_floor":[75,75,69,69,69,69,69,69,69,69,69,69,79,79,79,79,79,79,79,79,79,79,79,79,79,79,79,79,79,79,79,79,79,79,79,79,79,79,79,79,79,79,79,79,79,79,79,79,79,79,79,79,84,84,84],"relic_stats":{"counters":[26,55],"Golden Idol":202,"Blue Candle":[0],"Bag of Preparation":[18],"Whetstone":["hermit:Snapshot"],"Ginger":[3],"Smiling Mask":360,"Boot":[0],"Blood Vial":5,"Centennial Puzzle":[4],"TheAbacus":[2802],"Bronze Scales":[38],"Black Star":7,"Art of War":[1],"Kunai":[30],"obtain_stats":[{"Pear":13,"Golden Idol":3,"Blue Candle":40,"The Courier":6,"Bag of Preparation":40,"Whetstone":23,"Ginger":44,"Smiling Mask":6,"Empty Cage":17,"Boot":48,"Blood Vial":44,"hermit:RyeStalk":43,"Centennial Puzzle":13,"Anchor":54,"TheAbacus":24,"DollysMirror":14,"Bronze Scales":23,"hermit:CharredGlove":48,"Black Star":0,"Art of War":9,"Bag of Marbles":54,"Kunai":53,"hermit:Momento":0,"Runic Pyramid":34},{"Pear":6,"Golden Idol":2,"Blue Candle":17,"The Courier":4,"Bag of Preparation":17,"Whetstone":10,"Ginger":19,"Smiling Mask":4,"Empty Cage":7,"Boot":23,"Blood Vial":19,"hermit:RyeStalk":18,"Centennial Puzzle":6,"Anchor":25,"TheAbacus":10,"DollysMirror":6,"Bronze Scales":10,"hermit:CharredGlove":23,"Black Star":0,"Art of War":4,"Bag of Marbles":25,"Kunai":24,"hermit:Momento":0,"Runic Pyramid":14},{"Pear":24,"Golden Idol":7,"Blue Candle":39,"The Courier":16,"Bag of Preparation":39,"Whetstone":32,"Ginger":43,"Smiling Mask":16,"Empty Cage":27,"Boot":49,"Blood Vial":43,"hermit:RyeStalk":41,"Centennial Puzzle":24,"Anchor":52,"TheAbacus":32,"DollysMirror":24,"Bronze Scales":32,"hermit:CharredGlove":49,"Black Star":0,"Art of War":16,"Bag of Marbles":52,"Kunai":51,"hermit:Momento":0,"Runic Pyramid":36}]},"card_choices":[{"not_picked":["hermit:BodyArmor","hermit:Manifest","hermit:EyeOfTheStorm"],"picked":"SKIP","floor":1.0},{"not_picked":["hermit:Grudge","hermit:GoldenBullet"],"picked":"hermit:WideOpen","floor":2.0},{"not_picked":["hermit:SprayPray","hermit:Feint","hermit:HighCaliber"],"picked":"SKIP","floor":5.0},{"not_picked":["hermit:HighCaliber","hermit:HoleUp"],"picked":"hermit:LuckOfTheDraw","floor":6.0},{"not_picked":["hermit:Midnight","hermit:SprayPray","hermit:BodyArmor"],"picked":"SKIP","floor":10},{"not_picked":["hermit:TrackingShot","hermit:OverwhelmingPower","hermit:Feint"],"picked":"SKIP","floor":13},{"not_picked":["hermit:WideOpen","hermit:LowProfile","hermit:Quickdraw"],"picked":"SKIP","floor":18},{"not_picked":["hermit:SprayPray","hermit:LuckOfTheDraw+1"],"picked":"hermit:Snipe+1","floor":21},{"not_picked":["hermit:Snipe+1","hermit:LowProfile","hermit:Ricochet+1"],"picked":"SKIP","floor":23},{"not_picked":["hermit:Dive+1","hermit:FullyLoaded","hermit:Shortfuse"],"picked":"SKIP","floor":25},{"not_picked":["hermit:NoHoldsBarred","hermit:WideOpen+1","hermit:BodyArmor"],"picked":"SKIP","floor":29},{"not_picked":["hermit:Glare+1","hermit:Purgatory","hermit:DeadMansHand"],"picked":"SKIP","floor":31},{"not_picked":["hermit:GoldenBullet","hermit:Vantage+1","hermit:HighCaliber+1"],"picked":"SKIP","floor":35},{"not_picked":["hermit:Determination","hermit:HighCaliber+1","hermit:Misfire"],"picked":"SKIP","floor":36},{"not_picked":["hermit:HoleUp+1","hermit:Horror+1","hermit:FlashPowder+1"],"picked":"SKIP","floor":40},{"not_picked":["hermit:ItchyTrigger+1","hermit:Cheat+1","hermit:Manifest"],"picked":"SKIP","floor":41},{"not_picked":["hermit:Snipe+1","hermit:Ricochet+1","hermit:Vantage"],"picked":"SKIP","floor":44},{"not_picked":["hermit:Vantage+1","hermit:NoHoldsBarred+1","hermit:Combo+1"],"picked":"SKIP","floor":45},{"not_picked":["hermit:Manifest","hermit:HoleUp","hermit:GhostlyPresence+1"],"picked":"SKIP","floor":46},{"not_picked":["hermit:Dive+1","hermit:HighCaliber","hermit:BodyArmor+1"],"picked":"SKIP","floor":47},{"not_picked":["hermit:Glare+1","hermit:FatalDesire","hermit:Snipe"],"picked":"SKIP","floor":48},{"not_picked":["hermit:HoleUp","hermit:Manifest","hermit:TakeAim+1"],"picked":"SKIP","floor":54}],"player_experience":596411,"relics_obtained":[{"floor":6.0,"key":"The Courier"},{"floor":6.0,"key":"Smiling Mask"},{"floor":9,"key":"Art of War"},{"floor":13,"key":"Centennial Puzzle"},{"floor":13,"key":"Pear"},{"floor":23,"key":"Bronze Scales"},{"floor":23,"key":"Whetstone"},{"floor":40,"key":"Bag of Preparation"},{"floor":40,"key":"Blue Candle"},{"floor":43,"key":"hermit:RyeStalk"},{"floor":44,"key":"Ginger"},{"floor":44,"key":"Blood Vial"},{"floor":48,"key":"hermit:CharredGlove"},{"floor":48,"key":"Boot"},{"floor":54,"key":"Bag of Marbles"},{"floor":54,"key":"Anchor"}],"event_choices":[{"damage_healed":0.0,"max_hp_gain":0.0,"max_hp_loss":6.0,"gold_gain":0.0,"event_name":"Golden Idol","player_choice":"Lose Max HP","floor":3.0,"gold_loss":0.0,"damage_taken":0.0,"relics_obtained":["Golden Idol"]},{"damage_healed":0.0,"max_hp_gain":0.0,"max_hp_loss":0.0,"gold_gain":0.0,"event_name":"Liars Game","player_choice":"Ignored","floor":4.0,"gold_loss":0.0,"damage_taken":0.0},{"damage_healed":0,"gold_gain":0,"player_choice":"2 cards matched","damage_taken":0,"max_hp_gain":0,"max_hp_loss":0,"event_name":"Match and Keep!","floor":8,"gold_loss":0,"cards_obtained":["Flash of Steel","hermit:BigShot"]},{"damage_healed":0,"gold_gain":0,"cards_transformed":["hermit:Strike_Hermit"],"player_choice":"Change","damage_taken":0,"max_hp_gain":0,"max_hp_loss":0,"event_name":"Living Wall","floor":12,"gold_loss":0,"cards_obtained":["hermit:Vantage"]},{"damage_healed":0,"gold_gain":99,"player_choice":"Stole From Cult","damage_taken":0,"max_hp_gain":0,"max_hp_loss":0,"event_name":"Nest","floor":19,"gold_loss":0},{"cards_removed":["hermit:Strike_Hermit"],"damage_healed":0,"gold_gain":0,"player_choice":"Purged","damage_taken":0,"max_hp_gain":0,"max_hp_loss":0,"event_name":"Purifier","floor":20,"gold_loss":0},{"damage_healed":0,"gold_gain":0,"player_choice":"Ignored","damage_taken":0,"max_hp_gain":0,"max_hp_loss":0,"event_name":"Ghosts","floor":28,"gold_loss":0},{"damage_healed":0,"gold_gain":0,"player_choice":"Memory 1","damage_taken":0,"max_hp_gain":0,"max_hp_loss":0,"event_name":"SensoryStone","floor":38,"gold_loss":0}],"is_beta":false,"boss_relics":[{"not_picked":["Astrolabe","Coffee Dripper"],"picked":"Empty Cage"},{"not_picked":["Cursed Key","Fusion Hammer"],"picked":"Runic Pyramid"}],"items_purged_floors":[22,24,30,37,39,53],"is_endless":false,"potions_floor_spawned":[1,5,6,13,18,23,29,31,35,40,47],"ascension_level":5}}