{"host":"el64n55ujqqj0ju7","time":1611622294,"event":{"mods":["AchievementEnabler","Act Like it!","BaseMod","Beaked The Cultist","Better Altar","Better Third Choice","BetterRewards","Card Forge","Colored Map","Conspire","Downfall","Hallownest","Hermit","Hubris","Infinite Spire","Minty Spire (QoL Compilation)","Rare Cards Sparkle","Reliquary","Replay The Spire","Spicy Shops","Spikes Relics","StSLib","The Bug Knight","The Hierophant"],"gold_per_floor":[111,111,130,147,72,72,105,105,105,117,147,166,182,197,225,323,323,323,339,339,359,379,407,407,407,407],"floor_reached":25,"language":"ENG","playtime":1009,"items_purged":["hierophant:Defend_Hierophant"],"score":261,"play_id":"82cea928-4425-4ee8-98b8-52b10dcab33e","local_time":"20210125195134","is_ascension_mode":true,"campfire_choices":[{"data":"Inflame","floor":6,"key":"SMITH"},{"data":"Shockwave","floor":8,"key":"SMITH"}],"circlet_count":0,"master_deck":["Strike_R","Strike_R","Strike_R","Strike_R","Strike_R","Defend_R","Defend_R","Defend_R","Defend_R","Bash","hubris:Defend_Merchant","Inflame+1","Iron Wave","Clothesline","Shockwave+1","Shrug It Off","BarbarianYell","Metallicize","Demon Form","AbeCurse","Cleave","Twin Strike+1","Run Through"],"relics":["Burning Blood","Hammer of Thor","Seething Fire","Anvil of the Gods","hubris:CuriousFeather","infinitespire:Lychee Nut","hubris:Potato","Replay:Grab Bag","Abe\u0027s Treasure","reliquary:RedPaperclip","infinitespire:Burning Sword","Blood Vial","Anchor"],"acts_visited":["Exordium","TheCity"],"potions_floor_usage":[7,11,11,18,21,23],"damage_taken":[{"damage":1,"enemies":"2 Louse","floor":1,"turns":4},{"damage":6,"enemies":"Cultist","floor":3,"turns":3},{"damage":9,"enemies":"Jaw Worm","floor":4,"turns":4},{"damage":21,"enemies":"Lagavulin","floor":7,"turns":7},{"damage":21,"enemies":"3 Louse","floor":10,"turns":5},{"damage":10,"enemies":"3 Sentries","floor":11,"turns":5},{"damage":3,"enemies":"2 Fungi Beasts","floor":12,"turns":3},{"damage":13,"enemies":"Large Slime","floor":13,"turns":5},{"damage":17,"enemies":"Blue Slaver","floor":14,"turns":5},{"damage":24,"enemies":"conspire:MimicChest","floor":15,"turns":6},{"damage":3,"enemies":"Hexaghost","floor":16,"turns":9},{"damage":19,"enemies":"3 Byrds","floor":18,"turns":3},{"damage":9,"enemies":"Chosen","floor":19,"turns":4},{"damage":11,"enemies":"Snake Plant","floor":21,"turns":3},{"damage":21,"enemies":"Cultist and Chosen","floor":22,"turns":5},{"damage":33,"enemies":"Book of Stabbing","floor":23,"turns":4},{"damage":19,"enemies":"Gremlin Leader","floor":25,"turns":2}],"seed_played":"9002613544562069799","potions_obtained":[{"floor":2,"key":"Elixir"},{"floor":2,"key":"Swift Potion"},{"floor":2,"key":"Explosive Potion"},{"floor":7,"key":"LifebloodPotion"},{"floor":11,"key":"Reflective Coating"},{"floor":12,"key":"Swift Potion"},{"floor":13,"key":"CultistPotion"},{"floor":15,"key":"SmokeBomb"},{"floor":22,"key":"ColorlessPotion"}],"is_trial":false,"path_per_floor":["M","?","M","M","$","R","E","R","T","M","E","M","M","M","R_BF","B",null,"M","M","?","M","M","E","?","E"],"character_chosen":"IRONCLAD","items_purchased":[],"campfire_rested":0,"item_purchase_floors":[],"current_hp_per_floor":[80,80,80,77,77,77,60,60,60,48,50,58,54,49,37,46,60,47,50,34,36,29,10,10,0,0],"gold":407,"neow_bonus":"ONE_RARE_RELIC","is_daily":false,"chose_seed":false,"campfire_upgraded":2,"win_rate":0.0,"timestamp":1611622294,"path_taken":["M","?","M","M","$","R","E","R","T","?","E","M","M","M","R_BF","BOSS","M","M","?","M","M","E","?","E"],"items_purchased_type":[],"build_version":"2020-12-22","purchased_purges":1,"victory":false,"max_hp_per_floor":[80,80,80,80,80,80,60,60,60,60,60,60,60,60,60,60,60,60,60,60,60,60,60,60,60,60],"card_choices":[{"not_picked":["hubris:ReadiedAction","BarbarianYell"],"picked":"Inflame","floor":1},{"not_picked":["Warcry","Clash"],"picked":"Iron Wave","floor":3},{"not_picked":["Iron Wave","True Grit"],"picked":"Clothesline","floor":4},{"not_picked":["hubris:ReadiedAction","True Grit"],"picked":"Shockwave","floor":7},{"not_picked":["Power Through","Twin Strike"],"picked":"Shrug It Off","floor":10},{"not_picked":["Flex","Dropkick"],"picked":"BarbarianYell","floor":11},{"not_picked":["Thunderclap","ReplayReversal"],"picked":"Metallicize","floor":12},{"not_picked":["Rampage","Rage","Uppercut"],"picked":"SKIP","floor":13},{"not_picked":["Anger","hubris:ReadiedAction","conspire:Charge"],"picked":"SKIP","floor":14},{"not_picked":["Bludgeon","Reaper"],"picked":"Demon Form","floor":16},{"not_picked":["Replay:Undeath\u0027s Touch","Body Slam+1"],"picked":"Cleave","floor":19},{"not_picked":["Warcry","Anger"],"picked":"Twin Strike+1","floor":21},{"not_picked":["Flame Barrier","Reckless Charge","Clothesline+1"],"picked":"SKIP","floor":22},{"not_picked":["Second Wind+1","Thunderclap"],"picked":"Run Through","floor":23}],"player_experience":26834,"relics_obtained":[{"floor":7,"key":"infinitespire:Lychee Nut"},{"floor":9,"key":"hubris:Potato"},{"floor":11,"key":"Replay:Mystery Machine"},{"floor":15,"key":"Kunai"},{"floor":23,"key":"Anchor"}],"event_choices":[{"damage_healed":0,"gold_gain":0,"player_choice":"Got Potions","damage_taken":0,"max_hp_gain":0,"max_hp_loss":0,"event_name":"Lab","floor":2,"gold_loss":0},{"damage_healed":0,"gold_gain":0,"player_choice":" Vial ","damage_taken":16,"relics_obtained":["Blood Vial"],"max_hp_gain":50,"max_hp_loss":34,"event_name":"betterAltar:BetterAltar","floor":20,"potions_obtained":[],"relics_lost":[],"gold_loss":0},{"damage_healed":0,"gold_gain":0,"player_choice":"Ignored","damage_taken":0,"max_hp_gain":0,"max_hp_loss":0,"event_name":"The Mausoleum","floor":24,"gold_loss":0}],"is_beta":false,"boss_relics":[{"not_picked":["conspire:SpecialSausage","SacredBark"],"picked":"Replay:Grab Bag"},{"not_picked":["Replay:Wanted Poster","Coffee Dripper"],"picked":"Abe\u0027s Treasure"},{"not_picked":["Velvet Choker","Cursed Key"],"picked":"reliquary:RedPaperclip"},{"not_picked":["hubris:Backtick","Runic Cube"],"picked":"infinitespire:Burning Sword"}],"items_purged_floors":[5],"is_endless":false,"potions_floor_spawned":[7,11,12,13,15,16,18,22],"killed_by":"Gremlin Leader","ascension_level":2}}