{"host":"fryfo77ohj8mj5x2","time":1611687231,"event":{"mods":["BaseMod","Downfall","Minty Spire (QoL Compilation)","Rare Cards Sparkle","Replay The Spire","StSLib","The Jungle"],"gold_per_floor":[99,113,127,127,145,156,156,156,606,669,755,814,814,814,850,978,978,978,1015,1057,1132,775,775,775,893,486,569,224,290,290,376,473,615,615,515,616,660,660,730,730,776,734,763,839,915,915,915,915],"floor_reached":46,"language":"ENG","playtime":4023,"items_purged":["downfall:Icky"],"score":675,"play_id":"f1f9a063-31ec-435e-974c-38a059199adf","local_time":"20210126125351","is_ascension_mode":false,"campfire_choices":[{"floor":1.0,"key":"DIG"},{"floor":8.0,"key":"DIG"},{"floor":13.0,"key":"DIG"},{"floor":18.0,"key":"DIG"},{"floor":30.0,"key":"DIG"},{"floor":35,"key":"RECALL"}],"circlet_count":0,"master_deck":["bronze:Strike","bronze:Strike","bronze:Strike","bronze:Strike","bronze:Defend","bronze:Defend","bronze:Defend","bronze:Defend","bronze:Replicate","bronze:Goto","bronze:DelayedSlice","bronze:Repulsor","bronze:Flail","bronze:Separator","downfall:Icky","bronze:Branch","bronze:BugBarrage","bronze:GetLatest","bronze:InfiniteLoop","bronze:ItsAFeature","bronze:Mutator","bronze:Allocate","bronze:BronzeOrb","bronze:ItsAFeature+1","bronze:ItsAFeature+1","bronze:CloningBeam","bronze:Repair+1","expansioncontent:StudyTheSpire","bronze:OilSpill","bronze:OilSpill","bronze:Library","bronze:BuggyMess","bronze:FineTuning+1","bronze:WhirlingStrike","bronze:BugBarrage","bronze:Iterate+1","bronze:RecursiveStrike","bronze:ForLoop+1","expansioncontent:AwakenDeath","expansioncontent:AwakenDeath","expansioncontent:LastStand","bronze:Deprecate","bronze:ForLoop+1","expansioncontent:Chronoboost","bronze:ItsAFeature+1","bronze:BronzeArmor+1","bronze:MaxOutput+1","bronze:Frontload+1"],"relics":["ReplayTheSpireMod:DimensionalGlitch","Bronze Scales","Shovel","Replay:WaspNest","Replay:Bandana","Happy Flower","Divine Protection","Lantern","PreservedInsect","bronze:MakeshiftBattery","Counterbalance","Orichalcum","DollysMirror","Ring of Panic","ReplayTheSpireMod:Ring of Challenge","ReplayTheSpireMod:Shallot","Durian","Replay:Ringing Soul","Pen Nib","Nunchaku","Blood Vial","Replay:Fungal Core","downfall:HeartBlessingGreen","Juzu Bracelet","Incense Burner","Du-Vu Doll","Replay:Towering Pillar of Hats"],"acts_visited":["Exordium","Exordium","TheBeyond"],"potions_floor_usage":[36],"damage_taken":[{"damage":1.0,"enemies":"Jaw Worm","floor":2.0,"turns":4.0},{"damage":0.0,"enemies":"Small Slimes","floor":3.0,"turns":3.0},{"damage":0.0,"enemies":"Cultist","floor":5.0,"turns":3.0},{"damage":20.0,"enemies":"Exordium Wildlife","floor":6.0,"turns":5.0},{"damage":14.0,"enemies":"Gremlin Nob","floor":10.0,"turns":3.0},{"damage":0.0,"enemies":"Gremlin Nob","floor":11.0,"turns":3.0},{"damage":0.0,"enemies":"3 Sentries","floor":12.0,"turns":6.0},{"damage":0.0,"enemies":"2 Fungi Beasts","floor":15.0,"turns":2.0},{"damage":28.0,"enemies":"IC_STATUS_ARCHETYPE","floor":16.0,"turns":4.0},{"damage":9.0,"enemies":"theJungle:MUSHROOMGANG","floor":19.0,"turns":4.0},{"damage":2.0,"enemies":"theJungle:Flameango_and_Byrd","floor":20.0,"turns":4.0},{"damage":2.0,"enemies":"downfall:FleeingMerchant","floor":22.0,"turns":4.0},{"damage":2.0,"enemies":"theJungle:MamaSnecko","floor":25.0,"turns":4.0},{"damage":0.0,"enemies":"downfall:FleeingMerchant","floor":26.0,"turns":4.0},{"damage":31.0,"enemies":"theJungle:JungleHuntersEncounter","floor":27.0,"turns":4.0},{"damage":0.0,"enemies":"downfall:FleeingMerchant","floor":28.0,"turns":4.0},{"damage":26.0,"enemies":"theJungle:2_Flameangoes","floor":29.0,"turns":4.0},{"damage":31,"enemies":"theJungle:Snecko_Cultist_And_Trap","floor":31,"turns":5},{"damage":0,"enemies":"theJungle:Lyon","floor":32,"turns":4},{"damage":91,"enemies":"DF_ARCHETYPE_CLAW","floor":33,"turns":8},{"damage":46,"enemies":"3 Darklings","floor":36,"turns":4},{"damage":27,"enemies":"3 Shapes","floor":37,"turns":1},{"damage":0,"enemies":"3 Shapes","floor":39,"turns":4},{"damage":11,"enemies":"downfall:FleeingMerchant","floor":42,"turns":3},{"damage":0,"enemies":"Spire Growth","floor":43,"turns":5},{"damage":27,"enemies":"Sphere and 2 Shapes","floor":44,"turns":6},{"damage":26,"enemies":"2 Orb Walkers","floor":45,"turns":4}],"seed_played":"-2039954040201024534","potions_obtained":[{"floor":3.0,"key":"Energy Potion"},{"floor":10.0,"key":"Swift Potion"},{"floor":11.0,"key":"Adrenaline Potion"},{"floor":20.0,"key":"BlessingOfTheForge"},{"floor":21.0,"key":"downfall:CursedFountainPotion"},{"floor":33,"key":"bronze:BuildAFunctionPotion"},{"floor":39,"key":"DuplicationPotion"},{"floor":45,"key":"ColorlessPotion"}],"is_trial":false,"path_per_floor":["R","M","M","?","M","M","T","R","?","E","?","E","R","?","M","B",null,"R","M","M","?","$","?","T","E","$","M","$","M","R","M","M","B",null,"R","M","M","?","?","?","T","$","M","M","?","?"],"character_chosen":"THE_AUTOMATON","items_purchased":["Orichalcum","DollysMirror","Fruit Juice","expansioncontent:StudyTheSpire","bronze:OilSpill","bronze:Library","Replay:Ringing Soul","Pen Nib","expansioncontent:Chronoboost","Du-Vu Doll","bronze:ItsAFeature+1"],"campfire_rested":0,"item_purchase_floors":[22,22,26,26,26,26,28,28,42,42,42],"current_hp_per_floor":[70,69,69,66,66,46,46,46,46,32,32,32,32,32,32,4,70,70,61,59,59,57,57,57,60,60,37,37,49,49,27,36,25,92,92,49,26,14,73,73,73,66,75,57,35,0,0,0],"gold":915,"neow_bonus":"BOSS_RELIC","is_daily":false,"chose_seed":false,"campfire_upgraded":0,"win_rate":0.0,"timestamp":1611687231,"path_taken":["R","M","M","?","M","M","T","R","?","E","?","E","R","?","M","BOSS","R","M","M","?","?","?","T","E","$","M","$","M","R","M","M","BOSS","R","M","M","?","?","?","T","$","M","M","?","?"],"items_purchased_type":["Relic","Relic","Potion","Card","Card","Card","Relic","Relic","Card","Relic","Card"],"build_version":"2020-12-22","purchased_purges":1,"victory":false,"max_hp_per_floor":[70,70,70,70,70,70,70,70,70,70,70,70,70,70,70,70,70,70,70,70,70,70,70,70,75,75,80,80,83,83,86,89,92,92,92,95,98,101,104,104,104,107,110,113,116,116,116,116],"card_choices":[{"not_picked":["bronze:DelayedGuard","bronze:Separator"],"picked":"bronze:DelayedSlice","floor":2.0},{"not_picked":["bronze:Iterate","bronze:Invalidate"],"picked":"bronze:Repulsor","floor":3.0},{"not_picked":["bronze:Separator","bronze:Shield"],"picked":"bronze:Flail","floor":5.0},{"not_picked":["bronze:Frontload","bronze:Turbo"],"picked":"bronze:Separator","floor":6.0},{"not_picked":["bronze:Iterate","bronze:Return"],"picked":"bronze:Branch","floor":10.0},{"not_picked":["bronze:BuggyMess","bronze:Frontload"],"picked":"bronze:BugBarrage","floor":11.0},{"not_picked":["bronze:Fortify","bronze:WildBeam"],"picked":"bronze:GetLatest","floor":12.0},{"not_picked":["bronze:WildBeam","bronze:WhirlingStrike"],"picked":"bronze:ItsAFeature","floor":15.0},{"not_picked":["bronze:Format","bronze:Break"],"picked":"bronze:Mutator","floor":16.0},{"not_picked":["bronze:Branch","bronze:Constructor"],"picked":"bronze:Allocate","floor":19.0},{"not_picked":["bronze:Deprecate","bronze:DelayedGuard"],"picked":"bronze:BronzeOrb","floor":20.0},{"not_picked":["bronze:ChildClass","bronze:Overheat"],"picked":"bronze:ItsAFeature+1","floor":22.0},{"not_picked":["bronze:Constructor","bronze:CutThrough"],"picked":"bronze:CloningBeam","floor":25.0},{"not_picked":["bronze:Turbo","bronze:CutThrough"],"picked":"bronze:Repair+1","floor":26.0},{"not_picked":["bronze:Allocate","bronze:BitShift"],"picked":"bronze:BuggyMess","floor":27.0},{"not_picked":["bronze:Shield","bronze:Constructor"],"picked":"bronze:FineTuning+1","floor":28.0},{"not_picked":["bronze:WildBeam","bronze:CloningBeam"],"picked":"bronze:WhirlingStrike","floor":29.0},{"not_picked":["bronze:AlphaBuild","bronze:Terminator"],"picked":"bronze:BugBarrage","floor":31},{"not_picked":["bronze:ClassDefault+1","bronze:Overheat"],"picked":"bronze:Iterate+1","floor":32},{"not_picked":["bronze:Library","bronze:Mutator"],"picked":"bronze:RecursiveStrike","floor":33},{"not_picked":["bronze:ForLoop+1","bronze:BitShift"],"picked":"bronze:Optimize","floor":36},{"not_picked":["bronze:Shell+1","bronze:BitShift"],"picked":"bronze:ForLoop+1","floor":37},{"not_picked":["Replay:SS_forest_2","expansioncontent:GuardianWhirl"],"picked":"expansioncontent:AwakenDeath","floor":38},{"not_picked":["expansioncontent:YouAreMine","expansioncontent:Hexaburn"],"picked":"expansioncontent:AwakenDeath","floor":38},{"not_picked":["Replay:SS_forest_2","expansioncontent:GuardianWhirl"],"picked":"expansioncontent:LastStand","floor":38},{"not_picked":["bronze:Terminator","bronze:Branch+1"],"picked":"bronze:Deprecate","floor":39},{"not_picked":["bronze:Repair","bronze:Branch"],"picked":"bronze:ForLoop+1","floor":42},{"not_picked":["bronze:CutThrough+1","bronze:Backtrace+1"],"picked":"bronze:BronzeArmor+1","floor":43},{"not_picked":["bronze:DelayedSlice+1","bronze:Flail"],"picked":"bronze:MaxOutput+1","floor":44},{"not_picked":["bronze:Iterate","bronze:BuggyMess"],"picked":"bronze:Frontload+1","floor":45}],"player_experience":162421,"relics_obtained":[{"floor":1.0,"key":"Bronze Scales"},{"floor":7.0,"key":"Replay:WaspNest"},{"floor":8.0,"key":"Replay:Bandana"},{"floor":10.0,"key":"Happy Flower"},{"floor":11.0,"key":"Divine Protection"},{"floor":12.0,"key":"Lantern"},{"floor":13.0,"key":"PreservedInsect"},{"floor":18.0,"key":"Counterbalance"},{"floor":23.0,"key":"Ring of Panic"},{"floor":23.0,"key":"ReplayTheSpireMod:Ring of Challenge"},{"floor":24.0,"key":"ReplayTheSpireMod:Shallot"},{"floor":25.0,"key":"Durian"},{"floor":29.0,"key":"Nunchaku"},{"floor":30.0,"key":"Blood Vial"},{"floor":36,"key":"Juzu Bracelet"},{"floor":39,"key":"Incense Burner"},{"floor":45,"key":"Replay:Towering Pillar of Hats"}],"event_choices":[{"damage_healed":0.0,"max_hp_gain":0.0,"max_hp_loss":0.0,"gold_gain":0.0,"event_name":"Scrap Ooze","player_choice":"Success","floor":4.0,"gold_loss":0.0,"damage_taken":3.0,"relics_obtained":["Shovel"]},{"cards_removed":["bronze:Optimize"],"damage_healed":0,"gold_gain":0,"player_choice":"Removed Power","damage_taken":0,"max_hp_gain":0,"max_hp_loss":0,"event_name":"Falling","floor":40,"gold_loss":0},{"damage_healed":0,"gold_gain":0,"player_choice":"Fight","damage_taken":0,"max_hp_gain":0,"max_hp_loss":0,"event_name":"Mysterious Sphere","floor":45,"gold_loss":0}],"is_beta":false,"boss_relics":[{"not_picked":["SacredBark","Replay:Bronze Core"],"picked":"bronze:MakeshiftBattery"},{"not_picked":["Empty Cage","Replay:Wanted Poster"],"picked":"Replay:Fungal Core"}],"items_purged_floors":[22],"is_endless":false,"potions_floor_spawned":[3,10,11,20,25,33,39,45],"ascension_level":0}}