{"host":"yq2wmfr0u0wuvxc0","time":1611702934,"event":{"mods":["Act Like it!","Aspiration","BaseMod","Curses Come First","Friendly Minions","Gensokyo","Hubris","Infinite Spire","Marisa????????","Minty Spire (QoL Compilation)","Pale of the Ancients","Prisma Mod","Remilia??????","Shop Mod","Spicy Shops","StSLib","The Jungle","The Servant 0.9.4","Wide Potions"],"gold_per_floor":[110,110,110,120,135,135,155,6,6,6,36,36,55,83,83,180,180,197,211,211,0,0,32,32,59,59,70,70,70,84,111,111,214,214,226,246,146,146,146,146,146,161,161,180,16,34,165,129,129,129,129,129,353,381,381],"floor_reached":56,"language":"ZHS","playtime":3336,"items_purged":["Strike_S","Defend_S"],"score":1704,"play_id":"7483aae6-fbac-40fa-bf44-98e0ad192087","local_time":"20210126151534","is_ascension_mode":true,"campfire_choices":[{"data":"Adrenaline","floor":6,"key":"SMITH"},{"data":"SoulSculpture","floor":10,"key":"SMITH"},{"data":"GearUp","floor":12,"key":"SMITH"},{"data":"Neutralize","floor":15,"key":"SMITH"},{"data":"Embodiment","floor":24,"key":"SMITH"},{"data":"Starlight","floor":28,"key":"SMITH"},{"floor":32,"key":"DIG"},{"floor":40,"key":"DIG"},{"floor":49,"key":"RECALL"},{"floor":52,"key":"DIG"}],"circlet_count":0,"master_deck":["Defend_S+1","KidneyShot","Exchange","Masterful Stab+1","Adrenaline+1","Starlight+1","Starlight+1","SoulSculpture+1","GearUp+1","Foresight","WasteNot","FastForward+1","BottledTime","SurpressingFire+1","Contraction","Parasite","Sunlight","Rearm","FlawlessForm","Misdirection+1","Gensokyo:PrivateSquare+1","Rearm+1","Moonlight+1","Sabotage+1","hubris:DuctTapeCard","SilverBlades","Luminosity+1"],"relics":["Uniform","infinitespire:ShieldingShard","aspiration:HatOfInfinitePower","aspiration:StickyExplosives_weak","Cursed Key","hubris:Towel","Lantern","White Beast Statue","hubris:64BitClover","Shovel","Meat on the Bone","SacredBark","hubris:Icosahedron","Smiling Mask","War Paint","hubris:SlimyHat","Mercury Hourglass","Mango","hubris:DuctTape","hubris:NiceRug","TungstenRod","Letter Opener","Strange Spoon","Bag of Marbles","hubris:SphereOfDissonance","Orrery","Akabeko"],"acts_visited":["Gensokyo:Gensokyo","Gensokyo:Gensokyoer","Gensokyo:Gensokyoest","TheEnding"],"potions_floor_usage":[23,27,35,35,44,46,50,50,53,55,55],"damage_taken":[{"damage":7.0,"enemies":"Gensokyo:Gryphon","floor":1.0,"turns":4.0},{"damage":0.0,"enemies":"Gensokyo:Python","floor":4.0,"turns":3.0},{"damage":0,"enemies":"Gensokyo:2_Kodama","floor":5,"turns":2},{"damage":0,"enemies":"Gensokyo:VengefulSpirit","floor":7,"turns":2},{"damage":0,"enemies":"Gensokyo:Cirno","floor":11,"turns":5},{"damage":0,"enemies":"Gensokyo:CorruptedTreant","floor":13,"turns":1},{"damage":0,"enemies":"Gensokyo:Mamizou","floor":14,"turns":4},{"damage":0,"enemies":"Gensokyo:Yukari","floor":16,"turns":8},{"damage":0,"enemies":"Gensokyo:Chomper","floor":18,"turns":3},{"damage":0,"enemies":"Gensokyo:3_Dogs","floor":19,"turns":4},{"damage":0,"enemies":"Gensokyo:Tenshi","floor":23,"turns":4},{"damage":0,"enemies":"Gensokyo:Koishi","floor":25,"turns":4},{"damage":0,"enemies":"Gensokyo:Slime_Group","floor":27,"turns":4},{"damage":0,"enemies":"Gensokyo:Chomper_and_Gloop","floor":30,"turns":3},{"damage":0,"enemies":"Gensokyo:Reisen","floor":31,"turns":4},{"damage":0,"enemies":"Gensokyo:Kaguya","floor":33,"turns":8},{"damage":0,"enemies":"Gensokyo:3_Boulders","floor":35,"turns":4},{"damage":0,"enemies":"Gensokyo:AncientGuardian","floor":36,"turns":4},{"damage":0,"enemies":"Gensokyo:SeedOfUnknown","floor":42,"turns":6},{"damage":2,"enemies":"Gensokyo:4_Bats","floor":44,"turns":5},{"damage":0,"enemies":"Gensokyo:3_Boulders","floor":46,"turns":7},{"damage":0,"enemies":"Gensokyo:Doremy","floor":47,"turns":7},{"damage":11,"enemies":"Gensokyo:Dusk_and_Dawn","floor":48,"turns":4},{"damage":0,"enemies":"Gensokyo:Yuyuko","floor":50,"turns":8},{"damage":0,"enemies":"hubris:Merchant","floor":53,"turns":9},{"damage":0,"enemies":"Shield and Spear","floor":54,"turns":5},{"damage":0,"enemies":"The Heart","floor":55,"turns":6}],"seed_played":"-8076464037442239075","potions_obtained":[{"floor":1.0,"key":"DuplicationPotion"},{"floor":11,"key":"Dexterity Potion"},{"floor":13,"key":"SpeedPotion"},{"floor":14,"key":"Fire Potion"},{"floor":16,"key":"PowerPotion"},{"floor":25,"key":"DistilledChaos"},{"floor":27,"key":"SkillPotion"},{"floor":30,"key":"Swift Potion"},{"floor":35,"key":"Weak Potion"},{"floor":42,"key":"DuplicationPotion"},{"floor":46,"key":"FearPotion"},{"floor":47,"key":"Ancient Potion"},{"floor":48,"key":"SteroidPotion"},{"floor":53,"key":"SteroidPotion"},{"floor":53,"key":"DistilledChaos"},{"floor":54,"key":"Strength Potion"}],"is_trial":false,"path_per_floor":["M","?","?","M","M","R","M","$","T","R","E","R","M","E","R","B",null,"M","M","?","?","?","E","R","E","T","M","R","?","M","E","R","B",null,"M","M","$","?","?","R","?","M","T","M","COS","M","E","M","R","B",null,"R","$","E","B",null],"character_chosen":"THE_SERVANT","items_purchased":["GearUp","Dexterity Potion"],"campfire_rested":0,"item_purchase_floors":[8,53],"current_hp_per_floor":[40,34,34,34,34,34,34,34,34,34,34,34,34,34,34,34,65,65,65,65,65,65,65,65,65,65,65,65,65,65,65,65,65,65,65,65,65,65,65,65,65,65,65,63,63,63,63,52,52,52,79,79,79,79,79],"gold":381,"neow_bonus":"REMOVE_TWO","is_daily":false,"chose_seed":false,"campfire_upgraded":6,"win_rate":0.0,"timestamp":1611702934,"path_taken":["M","?","?","M","M","R","?","$","T","R","E","R","M","E","R","BOSS","M","M","?","?","?","E","R","E","T","?","R","?","M","E","R","BOSS","M","M","$","?","?","R","?","M","T","M","COS","M","E","M","R","BOSS","R","$","E","BOSS"],"items_purchased_type":["Card","Potion"],"build_version":"2020-12-22","purchased_purges":2,"victory":true,"max_hp_per_floor":[65,65,65,65,65,65,65,65,65,65,65,65,65,65,65,65,65,65,65,65,65,65,65,65,65,65,65,65,65,65,65,65,65,65,65,65,65,65,65,65,65,65,65,65,65,65,65,65,65,79,79,79,79,79,79],"card_choices":[{"not_picked":["Spin","DualDimension","Collapse"],"picked":"SKIP","floor":1.0},{"not_picked":["Manipulate","Unruled"],"picked":"Starlight","floor":4},{"not_picked":["Replace","Revamp"],"picked":"Starlight","floor":5},{"not_picked":["Ricochet","DualDimension"],"picked":"SoulSculpture","floor":7},{"not_picked":["Replace","Revamp"],"picked":"Foresight","floor":11},{"not_picked":["Hightail","Unruled","Ricochet"],"picked":"SKIP","floor":13},{"not_picked":["TimeWarp","DoubleEdge"],"picked":"WasteNot","floor":14},{"not_picked":["Sunlight","SoulSculpture"],"picked":"Embodiment","floor":16},{"not_picked":["Ricochet","DoubleEdge+1"],"picked":"FastForward+1","floor":18},{"not_picked":["Potential","ReturningBlade"],"picked":"BottledTime","floor":19},{"not_picked":["BottledTime","Revamp"],"picked":"SurpressingFire+1","floor":23},{"not_picked":["Spin","Sunlight"],"picked":"Contraction","floor":25},{"not_picked":["Replace+1","FastForward","BottledTime+1"],"picked":"SKIP","floor":27},{"not_picked":["ShiftingGears","Potential"],"picked":"Rearm","floor":30},{"not_picked":["Alleviate","Spin","TimeWarp"],"picked":"SKIP","floor":31},{"not_picked":["PendulumOfEternity","Deny"],"picked":"FlawlessForm","floor":33},{"not_picked":["Alleviate","Revamp+1","Starlight"],"picked":"SKIP","floor":35},{"not_picked":["DoubleEdge","SpecialFormula"],"picked":"Misdirection+1","floor":36},{"not_picked":["Spin+1","Ricochet+1"],"picked":"Rearm","floor":42},{"not_picked":["Advance","Spin","FastForward+1"],"picked":"SKIP","floor":44},{"not_picked":["DoubleEdge+1","GearUp+1"],"picked":"Moonlight+1","floor":46},{"not_picked":["Ricochet","Alleviate+1","FastForward+1"],"picked":"SKIP","floor":46},{"not_picked":["Starlight+1","TimeWarp"],"picked":"Sabotage+1","floor":47},{"not_picked":["Starlight","BottledTime+1","Spin"],"picked":"SKIP","floor":48},{"not_picked":["Manipulate+1","ShiftingGears+1"],"picked":"SilverBlades","floor":53},{"not_picked":["Revamp+1","Ricochet"],"picked":"Luminosity+1","floor":53},{"not_picked":["Alleviate+1","WasteNot","Rearm"],"picked":"SKIP","floor":54}],"player_experience":234142,"relics_obtained":[{"floor":9,"key":"infinitespire:ShieldingShard"},{"floor":11,"key":"aspiration:HatOfInfinitePower"},{"floor":14,"key":"aspiration:StickyExplosives_weak"},{"floor":23,"key":"Lantern"},{"floor":25,"key":"White Beast Statue"},{"floor":26,"key":"hubris:64BitClover"},{"floor":31,"key":"Shovel"},{"floor":32,"key":"Meat on the Bone"},{"floor":40,"key":"Smiling Mask"},{"floor":44,"key":"War Paint"},{"floor":47,"key":"hubris:SlimyHat"},{"floor":52,"key":"hubris:DuctTape"},{"floor":53,"key":"TungstenRod"},{"floor":53,"key":"Letter Opener"},{"floor":53,"key":"Strange Spoon"},{"floor":53,"key":"Bag of Marbles"},{"floor":53,"key":"hubris:SphereOfDissonance"},{"floor":53,"key":"Orrery"},{"floor":54,"key":"Akabeko"}],"event_choices":[],"is_beta":false,"boss_relics":[{"not_picked":["Sozu","Runic Dome"],"picked":"Cursed Key"},{"not_picked":["Coffee Dripper","infinitespire:Cupcake"],"picked":"SacredBark"}],"items_purged_floors":[8,37],"is_endless":false,"potions_floor_spawned":[1,11,13,14,16,25,27,30,31,33,35,36,42,44,46,47,48,53,54],"ascension_level":1}}