{"host":"hszimsrtxxc2k25w","time":1611699883,"event":{"mods":["AchievementEnabler","BaseMod","Colored Map","DeckTracker","Minty Spire (QoL Compilation)","Rare Cards Sparkle","SuperFastMode"],"gold_per_floor":[119,194,119,119,44,69,69,102,102,120,136,150,161,186,186,262,262,279,293,293,310,310,336,348,360,372,284,319,28,28,43,43,43,43],"floor_reached":33,"language":"KOR","playtime":922,"items_purged":["Strike_G","Writhe","Writhe"],"score":688,"play_id":"f69da4a8-0880-4479-bf7b-6884c5ee4b76","local_time":"20210127072443","is_ascension_mode":true,"campfire_choices":[{"data":"Deadly Poison","floor":7,"key":"SMITH"},{"data":"Blade Dance","floor":15,"key":"SMITH"},{"floor":24,"key":"REST"},{"data":"Prepared","floor":30,"key":"SMITH"},{"data":"Reflex","floor":32,"key":"SMITH"}],"circlet_count":0,"master_deck":["AscendersBane","Strike_G","Strike_G","Strike_G","Defend_G","Defend_G","Defend_G","Survivor","Neutralize","Choke","Deadly Poison+1","Crippling Poison","Blade Dance+1","Adrenaline","Reflex+1","After Image","Prepared+1","Escape Plan"],"relics":["Ring of the Snake","NeowsBlessing","Blood Vial","Du-Vu Doll","Meat on the Bone","MealTicket","Cursed Key","MawBank","Orichalcum","Snake Skull","Centennial Puzzle","Omamori"],"acts_visited":["Exordium","TheCity"],"potions_floor_usage":[13,14,18,28,31],"damage_taken":[{"damage":0,"enemies":"2 Louse","floor":1,"turns":1},{"damage":0,"enemies":"Lagavulin","floor":6,"turns":1},{"damage":0,"enemies":"Gremlin Nob","floor":8,"turns":1},{"damage":0,"enemies":"Jaw Worm","floor":10,"turns":3},{"damage":0,"enemies":"Cultist","floor":11,"turns":3},{"damage":0,"enemies":"Blue Slaver","floor":12,"turns":4},{"damage":10,"enemies":"Lots of Slimes","floor":13,"turns":5},{"damage":29,"enemies":"3 Sentries","floor":14,"turns":12},{"damage":28,"enemies":"The Guardian","floor":16,"turns":10},{"damage":0,"enemies":"Chosen","floor":18,"turns":3},{"damage":11,"enemies":"Shell Parasite","floor":19,"turns":6},{"damage":9,"enemies":"Sentry and Sphere","floor":21,"turns":4},{"damage":31,"enemies":"Book of Stabbing","floor":23,"turns":5},{"damage":4,"enemies":"Gremlin Leader","floor":28,"turns":7},{"damage":23,"enemies":"Cultist and Chosen","floor":31,"turns":5},{"damage":49,"enemies":"Collector","floor":33,"turns":6}],"seed_played":"7607841839961483463","potions_obtained":[{"floor":6,"key":"DistilledChaos"},{"floor":11,"key":"AttackPotion"},{"floor":14,"key":"AttackPotion"},{"floor":18,"key":"ColorlessPotion"},{"floor":23,"key":"AttackPotion"}],"is_trial":false,"path_per_floor":["M","?","?","?","$","E","R","E","T","M","M","M","M","E","R","B",null,"M","M","?","M","?","E","R","T","T","$","E","$","R","M","R","B"],"character_chosen":"THE_SILENT","items_purchased":["Omamori"],"campfire_rested":1,"item_purchase_floors":[29],"current_hp_per_floor":[59,48,48,48,48,48,48,50,50,52,54,56,48,33,33,19,54,56,47,47,40,40,23,42,42,42,57,55,66,66,43,43,0,0],"gold":43,"neow_bonus":"THREE_ENEMY_KILL","is_daily":false,"chose_seed":false,"campfire_upgraded":4,"win_rate":0.0,"timestamp":1611699883,"path_taken":["M","?","?","?","$","E","R","E","T","M","M","?","M","E","R","BOSS","M","M","?","?","?","E","R","?","T","$","E","?","R","M","R","BOSS"],"items_purchased_type":["Relic"],"build_version":"2020-12-22","purchased_purges":3,"victory":false,"max_hp_per_floor":[66,66,66,66,66,66,66,66,66,66,66,66,66,66,66,66,66,66,66,66,66,66,66,66,66,66,66,66,66,66,66,66,66,66],"card_choices":[{"not_picked":["Prepared","Acrobatics"],"picked":"Choke","floor":1},{"not_picked":["Heel Hook","PiercingWail"],"picked":"Deadly Poison","floor":6},{"not_picked":["Blur","Sucker Punch"],"picked":"Crippling Poison","floor":8},{"not_picked":["Leg Sweep","Poisoned Stab","Bane"],"picked":"SKIP","floor":10},{"not_picked":["Endless Agony","Predator","Tools of the Trade"],"picked":"SKIP","floor":11},{"not_picked":["Backflip","Dagger Spray","Poisoned Stab"],"picked":"SKIP","floor":12},{"not_picked":["Outmaneuver","Dagger Spray","Deflect"],"picked":"SKIP","floor":13},{"not_picked":["Masterful Stab","Deflect"],"picked":"Blade Dance","floor":14},{"not_picked":["Storm of Steel","Doppelganger"],"picked":"Adrenaline","floor":16},{"not_picked":["Flying Knee","Dash"],"picked":"Reflex","floor":18},{"not_picked":["Quick Slash","Well Laid Plans","Cloak And Dagger"],"picked":"SKIP","floor":19},{"not_picked":["Setup","Quick Slash","Choke"],"picked":"SKIP","floor":21},{"not_picked":["Backflip","PiercingWail","Deadly Poison"],"picked":"SKIP","floor":23},{"not_picked":["Quick Slash","Acrobatics"],"picked":"Prepared","floor":28},{"not_picked":["Skewer","Dagger Spray"],"picked":"Escape Plan","floor":31}],"player_experience":647761,"relics_obtained":[{"floor":6,"key":"Blood Vial"},{"floor":8,"key":"Du-Vu Doll"},{"floor":9,"key":"Meat on the Bone"},{"floor":14,"key":"MealTicket"},{"floor":23,"key":"MawBank"},{"floor":25,"key":"Orichalcum"},{"floor":26,"key":"Snake Skull"},{"floor":28,"key":"Centennial Puzzle"}],"event_choices":[{"damage_healed":0,"gold_gain":75,"player_choice":"Gather Gold","damage_taken":11,"max_hp_gain":0,"max_hp_loss":0,"event_name":"World of Goop","floor":2,"gold_loss":0},{"cards_removed":["Strike_G"],"damage_healed":0,"gold_gain":0,"player_choice":"Card Removal","damage_taken":0,"max_hp_gain":0,"max_hp_loss":0,"event_name":"The Cleric","floor":3,"gold_loss":75},{"cards_removed":["Defend_G"],"damage_healed":0,"gold_gain":0,"player_choice":"Purged","damage_taken":0,"max_hp_gain":0,"max_hp_loss":0,"event_name":"Purifier","floor":4,"gold_loss":0},{"damage_healed":0,"gold_gain":0,"cards_transformed":["Defend_G"],"player_choice":"Transformed","damage_taken":0,"max_hp_gain":0,"max_hp_loss":0,"event_name":"Transmorgrifier","floor":20,"gold_loss":0,"cards_obtained":["After Image"]},{"damage_healed":0,"gold_gain":0,"player_choice":"Ignored","damage_taken":0,"max_hp_gain":0,"max_hp_loss":0,"event_name":"The Mausoleum","floor":22,"gold_loss":0}],"is_beta":false,"boss_relics":[{"not_picked":["Coffee Dripper","Ring of the Serpent"],"picked":"Cursed Key"}],"items_purged_floors":[5,27,29],"is_endless":false,"potions_floor_spawned":[6,11,12,14,18,23],"killed_by":"Collector","ascension_level":19}}