{"host":"2eswhqk6sgfpt1j1","time":1611657643,"event":{"mods":["Act Like it!","BaseMod","Colored Powertips","Downfall","Duelist Mod","Hallownest","Hunter ¡‘»À","Minty Spire (QoL Compilation)","Replay The Spire","StSLib","The Bug Knight","The Cursed","The Servant 0.9.4"],"gold_per_floor":[113,113,113,38,38,38,51,51,76,94,94,129,144,144,144,241,241,251,251,263,36,50,50,50,50,73,73,91,91,91,101,101,203,253,266,279,291,291,291,291,303,323,399,399,399],"floor_reached":44,"language":"ZHS","playtime":1762,"items_purged":["HollowMod:FocusHealStart"],"score":433,"play_id":"66b533ca-c9e0-49ed-9cdf-0db22cb6bd1e","local_time":"20210126184043","is_ascension_mode":false,"campfire_choices":[{"data":"HollowMod:NailStrikeStart","floor":6.0,"key":"SMITH"},{"data":"HollowMod:GreatSlash","floor":8.0,"key":"SMITH"},{"data":"HollowMod:CornifersMapStart","floor":11,"key":"SMITH"},{"data":"HollowMod:NailStrikeStart","floor":15,"key":"SMITH"},{"floor":23,"key":"REST"},{"data":"HollowMod:SoulSplash","floor":25,"key":"SMITH"},{"data":"HollowMod:PogoStrike","floor":27,"key":"SMITH"},{"data":"HollowMod:QuickDashStart","floor":29,"key":"SMITH"},{"data":"HollowMod:SoulShaman","floor":32,"key":"SMITH"},{"floor":40,"key":"REST"}],"circlet_count":0,"master_deck":["HollowMod:NailStrikeStart+1","HollowMod:NailStrikeStart+1","HollowMod:NailStrikeStart+1","HollowMod:NailStrikeStart+1","HollowMod:QuickDashStart","HollowMod:QuickDashStart+1","HollowMod:QuickDashStart+1","HollowMod:PogoStrike+1","HollowMod:SoulEater+1","HollowMod:GreatSlash+1","HollowMod:CornifersMapStart+1","HollowMod:AwokenDreamNail+1","HollowMod:SoulSplash+1","HollowMod:PureVessel+1","HollowMod:BaldurShell+1","HollowMod:SoulShaman+1","HollowMod:CycloneSlash+1","HollowMod:VengefulSpirit+1","Sickly","HollowMod:HuntersJournal+1"],"relics":["HollowMod:VesselMask","Happy Flower","Bag of Marbles","Ornamental Fan","Golden Egg","Painkiller Herb","ReplayTheSpireMod:TigerMarble","Tiny House","ReplayTheSpireMod:Ring of Challenge","Sundial"],"acts_visited":["Hallownest:Greenpath","Hallownest:CityofTears","Hallownest:KingdomsEdge"],"potions_floor_usage":[13,16,31,33,35,39,44],"damage_taken":[{"damage":2.0,"enemies":"Hallownest:monsterHuskGuard","floor":1.0,"turns":4.0},{"damage":1.0,"enemies":"Hallownest:2_MossCreeps","floor":7.0,"turns":4.0},{"damage":1.0,"enemies":"Hallownest:monsterHuskWarrior","floor":10.0,"turns":2.0},{"damage":0,"enemies":"Hallownest:eliteMossKnight","floor":12,"turns":5},{"damage":6,"enemies":"Hallownest:Guard_and_Warrior","floor":13,"turns":3},{"damage":64,"enemies":"Hallownest:BossFalseKnight","floor":16,"turns":8},{"damage":5,"enemies":"Hallownest:2_Mistakes","floor":18,"turns":4},{"damage":0,"enemies":"Hallownest:3_Youths","floor":20,"turns":4},{"damage":16,"enemies":"Hallownest:Master_and_Novice","floor":22,"turns":3},{"damage":1,"enemies":"Hallownest:Warrior_and_Youth","floor":28,"turns":5},{"damage":0,"enemies":"Hallownest:monsterShrumalOgre","floor":31,"turns":3},{"damage":48,"enemies":"Hallownest:BossGrimm","floor":33,"turns":7},{"damage":7,"enemies":"Hallownest:Shield_Heavy","floor":35,"turns":4},{"damage":42,"enemies":"Hallownest:2_Littles","floor":36,"turns":5},{"damage":9,"enemies":"Hallownest:2_Soldiers_and_1_Guardian","floor":37,"turns":4},{"damage":1,"enemies":"Hallownest:2_Soldiers_and_1_Guardian","floor":39,"turns":3},{"damage":15,"enemies":"Hallownest:2_Wing_and_1_Kings","floor":41,"turns":6},{"damage":25,"enemies":"Hallownest:Shield_Sturdy","floor":42,"turns":4},{"damage":13,"enemies":"Hallownest:2_Wandering_and_1_Horned","floor":44,"turns":3}],"seed_played":"-2059890212424223404","potions_obtained":[{"floor":1.0,"key":"Languid Potion"},{"floor":12,"key":"Elixir"},{"floor":13,"key":"Guardian:BlockOnCardUsePotion"},{"floor":16,"key":"Elixir"},{"floor":20,"key":"Venom Potion"},{"floor":34,"key":"Languid Potion"},{"floor":36,"key":"champ:CounterPotion"},{"floor":41,"key":"SpeedPotion"}],"is_trial":false,"path_per_floor":["M","?","?","?","?","R","M","R","T","M","R","E","M","T","R","B",null,"?","?","?","T","?","T","T","T","T","T","?","T","?","?","T","B",null,"?","?","?","?","?","T","?","?","T","?"],"character_chosen":"THE_BUGKNIGHT","items_purchased":["HollowMod:PureVessel"],"campfire_rested":2,"item_purchase_floors":[21],"current_hp_per_floor":[73,73,73,78,78,78,79,79,79,78,78,78,72,72,72,14,80,75,75,75,75,59,80,80,80,80,80,79,79,79,79,79,31,85,78,36,27,27,26,51,36,11,11,0,0],"gold":399,"neow_bonus":"RANDOM_COMMON_RELIC","is_daily":false,"chose_seed":false,"campfire_upgraded":8,"win_rate":0.0,"timestamp":1611657643,"path_taken":["M","?","?","?","?","R","M","R","T","M","R","E","M","?","R","BOSS","?","?","?","T","?","T","T","T","T","T","?","T","?","?","T","BOSS","?","?","?","?","?","T","?","?","T","?"],"items_purchased_type":["Card"],"build_version":"2020-12-22","purchased_purges":1,"victory":false,"max_hp_per_floor":[75,75,75,80,80,80,80,80,80,80,80,80,80,80,80,80,80,80,80,80,80,80,80,80,80,80,80,80,80,80,80,80,80,85,85,85,85,85,85,85,85,85,85,85,85],"card_choices":[{"not_picked":["HollowMod:SiblingsShadow","HollowMod:NewLittleFool"],"picked":"HollowMod:SoulEater","floor":1.0},{"not_picked":["HollowMod:CornifersMapStart","HollowMod:DashSlash"],"picked":"HollowMod:GreatSlash","floor":7.0},{"not_picked":["HollowMod:NewInfectedGuardian","HollowMod:DashSlash"],"picked":"HollowMod:CornifersMapStart","floor":10},{"not_picked":["HollowMod:LifebloodCocoon","HollowMod:DoubleDash","HollowMod:ShadowDash"],"picked":"SKIP","floor":12},{"not_picked":["HollowMod:AbyssShriek","HollowMod:NewJinnsSoul","HollowMod:LifebloodCocoon"],"picked":"SKIP","floor":13},{"not_picked":["HollowMod:LifebloodCore","HollowMod:Hiveblood"],"picked":"HollowMod:AwokenDreamNail","floor":16},{"not_picked":["HollowMod:CoiledNail+1","HollowMod:QuirrelsAssistance"],"picked":"HollowMod:SoulSplash","floor":18},{"not_picked":["HollowMod:WraithStrike+1","HollowMod:SharpenedNail","HollowMod:HeavyBlow"],"picked":"SKIP","floor":20},{"not_picked":["HollowMod:CornifersMapStart","HollowMod:GoodIntentions","HollowMod:MonomonsArchive"],"picked":"SKIP","floor":22},{"not_picked":["HollowMod:NewLittleFool+1","HollowMod:MothsMistake"],"picked":"HollowMod:BaldurShell+1","floor":28},{"not_picked":["HollowMod:InfectedAttack","HollowMod:VengefulVoid"],"picked":"HollowMod:SoulShaman","floor":31},{"not_picked":["HollowMod:SoulStrike","HollowMod:ChannelNail"],"picked":"HollowMod:CycloneSlash+1","floor":34},{"not_picked":["HollowMod:SiblingsSouls","HollowMod:ShadowDash+1"],"picked":"HollowMod:VengefulSpirit+1","floor":35},{"not_picked":["HollowMod:CycloneSlash+1","HollowMod:TaintedHusks","HollowMod:LifebloodCocoon"],"picked":"SKIP","floor":36},{"not_picked":["HollowMod:DescendingDark","HollowMod:SharpenedShadows","HollowMod:MothsMistake+1"],"picked":"SKIP","floor":37},{"not_picked":["HollowMod:SoulStrike+1","HollowMod:InfectedAttack+1"],"picked":"HollowMod:HuntersJournal+1","floor":41},{"not_picked":["HollowMod:QuirrelsAssistance","HollowMod:CloakDash","HollowMod:InfectionAssault+1"],"picked":"SKIP","floor":42}],"player_experience":446178,"relics_obtained":[{"floor":9.0,"key":"Bag of Marbles"},{"floor":12,"key":"Ornamental Fan"},{"floor":14,"key":"Golden Egg"},{"floor":26,"key":"ReplayTheSpireMod:TigerMarble"},{"floor":38,"key":"ReplayTheSpireMod:Ring of Challenge"},{"floor":43,"key":"Sundial"}],"event_choices":[],"is_beta":false,"boss_relics":[{"not_picked":["Runic Pyramid","Philosopher\u0027s Stone"],"picked":"Painkiller Herb"},{"not_picked":["SlaversCollar","Calling Bell"],"picked":"Tiny House"}],"items_purged_floors":[21],"is_endless":false,"potions_floor_spawned":[1,12,13,16,20,28,36,39,41],"killed_by":"Hallownest:2_Wandering_and_1_Horned","ascension_level":0}}