{"host":"7k2a2omxz3voj5ax","time":1611679277,"event":{"mods":["BaseMod","Marisa£¨ìFÓê¡¡Ä§ÀíÉ³£©","Minty Spire (QoL Compilation)","Quick Restart","Spicy Shops","StSLib","Starting Relic: Pandora\u0027s Box","Yakumo Yukari mod","¡¾ÒÅÎï¿¨ÅÆ¡¿REMEMod","óô»ðÖ¸ÄÏ"],"gold_per_floor":[111,111,111,125,150,150,183,196,196,121,139,152,152,152,152,223,273,283,283,298,309,329,359,359,388,399,481,506,329,345,357,376,376,453,453,464,477,169,183,183,208,108,140,214,230,70,87,87,97,97,97,97,97],"floor_reached":52,"language":"ZHS","playtime":1714,"items_purged":["UpSweep","ShootingEcho"],"score":1331,"play_id":"b9d48348-944c-4356-a6a6-73ee1c655aa8","local_time":"20210127014117","is_ascension_mode":true,"campfire_choices":[{"data":"Blasphemy","floor":6.0,"key":"SMITH"},{"data":"MilkyWay","floor":13.0,"key":"SMITH"},{"data":"PowerUp","floor":15.0,"key":"SMITH"},{"data":"GasGiant","floor":24.0,"key":"SMITH"},{"data":"BlazingStar","floor":33.0,"key":"SMITH"},{"floor":50,"key":"DIG"},{"floor":51,"key":"RECALL"}],"circlet_count":0,"master_deck":["AscendersBane","PowerUp+1","MilkyWay+1","OortCloud+1","WitchLeyline","WitchLeyline+1","PropBag","Blasphemy+1","ShootTheMoon","GasGiant","GasGiant+1","BlazingStar+1","REME_ShortnessOfBreath+1","OrrerysSun+1","Singularity","Singularity+1","6A","SuperNova"],"relics":["MiniHakkero","REME_ComplimentaryCards","NeowsBlessing","Centennial Puzzle","Pear","Bottled Lightning","Tiny House","Happy Flower","Art of War","Toxic Egg 2","Shovel","Black Star","Medical Kit","Akabeko","TungstenRod","Toy Ornithopter","Mercury Hourglass","Nunchaku","Bag of Marbles","Blue Candle"],"acts_visited":["Exordium","TheCity","TheBeyond"],"potions_floor_usage":[52,52],"damage_taken":[{"damage":0.0,"enemies":"Jaw Worm","floor":1.0,"turns":1.0},{"damage":0.0,"enemies":"2 Louse","floor":4.0,"turns":1.0},{"damage":0.0,"enemies":"Gremlin Nob","floor":7.0,"turns":1.0},{"damage":0.0,"enemies":"Small Slimes","floor":8.0,"turns":2.0},{"damage":0.0,"enemies":"Blue Slaver","floor":11.0,"turns":1.0},{"damage":0.0,"enemies":"Large Slime","floor":12.0,"turns":2.0},{"damage":25.0,"enemies":"The Guardian","floor":16.0,"turns":4.0},{"damage":1.0,"enemies":"3 Byrds","floor":18.0,"turns":2.0},{"damage":0.0,"enemies":"Shell Parasite","floor":20.0,"turns":2.0},{"damage":0.0,"enemies":"Cultist and Chosen","floor":21.0,"turns":2.0},{"damage":9.0,"enemies":"Centurion and Healer","floor":22.0,"turns":2.0},{"damage":11.0,"enemies":"Gremlin Leader","floor":23.0,"turns":2.0},{"damage":0.0,"enemies":"Book of Stabbing","floor":25.0,"turns":2.0},{"damage":2.0,"enemies":"Snecko","floor":26.0,"turns":3.0},{"damage":17.0,"enemies":"Slavers","floor":28.0,"turns":2.0},{"damage":0.0,"enemies":"Sentry and Sphere","floor":30.0,"turns":3.0},{"damage":0.0,"enemies":"Shelled Parasite and Fungi","floor":31.0,"turns":1.0},{"damage":2.0,"enemies":"Cultist and Chosen","floor":32.0,"turns":2.0},{"damage":14.0,"enemies":"Champ","floor":34.0,"turns":5.0},{"damage":0.0,"enemies":"Orb Walker","floor":36.0,"turns":2.0},{"damage":16.0,"enemies":"3 Darklings","floor":37.0,"turns":2.0},{"damage":0.0,"enemies":"Maw","floor":39.0,"turns":5.0},{"damage":20.0,"enemies":"Giant Head","floor":41.0,"turns":5.0},{"damage":11.0,"enemies":"Reptomancer","floor":43.0,"turns":4.0},{"damage":3.0,"enemies":"Spire Growth","floor":45.0,"turns":3.0},{"damage":2,"enemies":"4 Shapes","floor":47,"turns":5},{"damage":16,"enemies":"Jaw Worm Horde","floor":49,"turns":3},{"damage":28,"enemies":"Donu and Deca","floor":52,"turns":3}],"seed_played":"-4877406886134458217","potions_obtained":[{"floor":7.0,"key":"Explosive Potion"},{"floor":11.0,"key":"Block Potion"},{"floor":16.0,"key":"DistilledChaos"},{"floor":17.0,"key":"GamblersBrew"},{"floor":20.0,"key":"PanachePotion"},{"floor":22.0,"key":"LiquidBronze"},{"floor":37.0,"key":"Energy Potion"},{"floor":45.0,"key":"Dexterity Potion"}],"is_trial":false,"path_per_floor":["M","?","?","M","T","R","E","M","T","?","M","M","R","?","R","B",null,"M","?","M","M","M","E","R","E","M","T","E","$","M","M","M","R","B",null,"M","M","$","M","?","E","R","E","T","M","R","M","$","M","R","R","B"],"character_chosen":"MARISA","items_purchased":["REME_ShortnessOfBreath+1","Medical Kit","OrrerysSun","6A","Nunchaku"],"campfire_rested":0,"item_purchase_floors":[29,38,38,46,46],"current_hp_per_floor":[63,63,68,68,68,68,78,78,78,78,78,78,78,78,78,53,82,81,81,81,81,72,61,61,61,59,59,42,42,42,42,40,40,26,74,74,58,58,58,58,38,38,27,27,24,24,22,22,6,6,6,0,0],"gold":97,"neow_bonus":"THREE_ENEMY_KILL","is_daily":false,"chose_seed":false,"campfire_upgraded":5,"win_rate":0.0,"timestamp":1611679277,"path_taken":["M","?","?","M","?","R","E","M","T","?","M","?","R","?","R","BOSS","M","?","M","M","?","E","R","E","?","T","E","$","M","M","M","R","BOSS","M","M","$","M","?","E","R","E","T","M","R","?","?","M","R","R","BOSS"],"items_purchased_type":["Card","Relic","Card","Card","Relic"],"build_version":"2020-12-22","purchased_purges":2,"victory":false,"max_hp_per_floor":[70,70,75,75,75,75,85,85,85,85,85,85,85,85,85,85,90,90,90,90,90,90,90,90,90,90,90,90,90,90,90,90,90,90,90,90,90,90,90,90,90,90,90,90,90,90,90,90,90,90,90,90,90],"card_choices":[{"not_picked":["IllusionStar","AsteroidBelt","UnstableBomb"],"picked":"SKIP","floor":1.0},{"not_picked":["Orbital","DragonMeteor","AlicesGift"],"picked":"SKIP","floor":4.0},{"not_picked":["CasketOfStar","6A"],"picked":"ShootTheMoon","floor":7.0},{"not_picked":["WitchLeyline","PowerUp","GravityBeat"],"picked":"SKIP","floor":8.0},{"not_picked":["EventHorizon","GalacticHalo","LuminesStrike"],"picked":"SKIP","floor":11.0},{"not_picked":["GalacticHalo","ChargeUpSpray","GravityBeat"],"picked":"SKIP","floor":12.0},{"not_picked":["DoubleSpark","WitchLeyline","ShootTheMoon+1"],"picked":"SKIP","floor":18.0},{"not_picked":["DoubleSpark","ShootingEcho","WitchOfGreed+1"],"picked":"SKIP","floor":20.0},{"not_picked":["MachineGunSpark","MilkyWay","SuperPerseids"],"picked":"SKIP","floor":21.0},{"not_picked":["MysteriousBeam","UnstableBomb"],"picked":"GasGiant","floor":22.0},{"not_picked":["NonDirectionalLaser","SporeBomb"],"picked":"GasGiant","floor":23.0},{"not_picked":["ChargeUpSpray","LuminesStrike"],"picked":"BlazingStar","floor":25.0},{"not_picked":["DeepEcoloBomb","LuminesStrike","PropBag"],"picked":"SKIP","floor":26.0},{"not_picked":["StarBarrage","ShootingEcho","WitchOfGreed"],"picked":"SKIP","floor":28.0},{"not_picked":["ShootingEcho","ChargingUp+1","LuminesStrike"],"picked":"SKIP","floor":30.0},{"not_picked":["NonDirectionalLaser","WitchLeyline","IllusionStar+1"],"picked":"SKIP","floor":31.0},{"not_picked":["EscapeVelocity","6A+1","WitchLeyline"],"picked":"SKIP","floor":32.0},{"not_picked":["Robbery","PowerUp+1","DarkMatter+1"],"picked":"SKIP","floor":36.0},{"not_picked":["DeepEcoloBomb","NonDirectionalLaser","MilkyWay+1"],"picked":"SKIP","floor":37.0},{"not_picked":["ShootingEcho+1","PowerUp+1"],"picked":"Singularity","floor":39.0},{"not_picked":["ChargeUpSpray","IllusionStar+1"],"picked":"Singularity+1","floor":41.0},{"not_picked":["MagicAbsorber+1","MagicChant+1","WitchOfGreed+1"],"picked":"SKIP","floor":43.0},{"not_picked":["DarkSpark","LuminesStrike","GravityBeat"],"picked":"SKIP","floor":45.0},{"not_picked":["ChargingUp+1","DarkMatter+1","SprinkleStarSeal+1"],"picked":"SKIP","floor":47},{"not_picked":["UnstableBomb","6A+1"],"picked":"SuperNova","floor":49}],"player_experience":301619,"relics_obtained":[{"floor":5.0,"key":"Centennial Puzzle"},{"floor":7.0,"key":"Pear"},{"floor":9.0,"key":"Bottled Lightning"},{"floor":23.0,"key":"Happy Flower"},{"floor":25.0,"key":"Art of War"},{"floor":27.0,"key":"Toxic Egg 2"},{"floor":28.0,"key":"Shovel"},{"floor":41.0,"key":"Akabeko"},{"floor":41.0,"key":"TungstenRod"},{"floor":43.0,"key":"Toy Ornithopter"},{"floor":43.0,"key":"Mercury Hourglass"},{"floor":50,"key":"Bag of Marbles"}],"event_choices":[{"cards_removed":["MasterSpark"],"damage_healed":0.0,"max_hp_gain":0.0,"max_hp_loss":0.0,"gold_gain":0.0,"event_name":"Living Wall","player_choice":"Forget","floor":2.0,"gold_loss":0.0,"damage_taken":0.0},{"damage_healed":0.0,"max_hp_gain":5.0,"max_hp_loss":0.0,"gold_gain":0.0,"event_name":"Big Fish","player_choice":"Donut","floor":3.0,"gold_loss":0.0,"damage_taken":0.0},{"cards_removed":["IllusionStar"],"damage_healed":0.0,"max_hp_gain":0.0,"max_hp_loss":0.0,"gold_gain":0.0,"event_name":"The Cleric","player_choice":"Card Removal","floor":10.0,"gold_loss":75.0,"damage_taken":0.0},{"damage_healed":0.0,"max_hp_gain":0.0,"max_hp_loss":0.0,"gold_gain":0.0,"event_name":"Liars Game","player_choice":"Ignored","floor":14.0,"gold_loss":0.0,"damage_taken":0.0},{"damage_healed":0.0,"max_hp_gain":0.0,"max_hp_loss":0.0,"gold_gain":0.0,"event_name":"Upgrade Shrine","player_choice":"Upgraded","floor":19.0,"gold_loss":0.0,"damage_taken":0.0,"cards_upgraded":["OortCloud"]},{"damage_healed":0.0,"max_hp_gain":0.0,"max_hp_loss":0.0,"gold_gain":0.0,"event_name":"Upgrade Shrine","player_choice":"Upgraded","floor":40.0,"gold_loss":0.0,"damage_taken":0.0,"cards_upgraded":["OrrerysSun"]}],"is_beta":false,"boss_relics":[{"not_picked":["Velvet Choker","Busted Crown"],"picked":"Tiny House"},{"not_picked":["Snecko Eye","Cursed Key"],"picked":"Black Star"}],"items_purged_floors":[29,42],"is_endless":false,"potions_floor_spawned":[7,11,16,20,22,23,26,34,37,45,47,49],"killed_by":"Donu and Deca","ascension_level":20}}