{"host":"ifd7sfhtlbe34qll","time":1611683435,"event":{"mods":["2.2 Compatiblity","Act Like it!","BaseMod","Block Reminder","Colored Map","Curses Come First","Downfall","Highlight Path","Minty Spire (QoL Compilation)","Potion Indicator Mod","Quick Restart","Random Character Button","Relic Stats","StSLib","SuperFastMode"],"gold_per_floor":[113,188,203,27,37,71,71,103,103,103,103,116,130,130,130,205,205,222,233,116,134,174,203,203,236,236,299,299,299,330,164,164,301,301,381,24,1023,739,809,809,809,809],"floor_reached":41,"language":"ENG","playtime":3438,"items_purged":["Pain","Defend_P","Normality"],"score":1029,"play_id":"42d891b6-7529-47df-a845-6d481eff24a6","local_time":"20210126115035","is_ascension_mode":true,"campfire_choices":[{"floor":7.0,"key":"REST"},{"floor":11.0,"key":"REST"},{"data":"Tantrum","floor":15.0,"key":"SMITH"},{"floor":24,"key":"REST"},{"floor":28,"key":"REST"},{"data":"Eruption","floor":32,"key":"SMITH"},{"floor":40,"key":"RECALL"}],"circlet_count":0,"master_deck":["AscendersBane","Strike_P+1","Strike_P+1","Strike_P+1","Defend_P+1","Defend_P+1","Defend_P","Eruption+1","Vigilance+1","FearNoEvil+1","FlurryOfBlows","LessonLearned+1","Protect","DevaForm+1","Conclude","Tantrum+1","EmptyFist","FlurryOfBlows","Scrawl","CutThroughFate+1","MentalFortress+1","Wish+1","Wireheading","Wallop+1","DeusExMachina+1","Halt","Ghostly","Ghostly","Ghostly+1","Wish+1","SpiritShield","CurseOfTheBell","Normality"],"relics":["HolyWater","Dream Catcher","TungstenRod","Shuriken","WarpedTongs","Pear","GoldenEye","WingedGreaves","PreservedInsect","DollysMirror","Calling Bell","Happy Flower","StrikeDummy","CloakClasp","Membership Card","Ornamental Fan","Bag of Preparation","Gremlin Horn"],"acts_visited":["Exordium","TheCity","TheBeyond"],"potions_floor_usage":[23,30,33,41],"damage_taken":[{"damage":1.0,"enemies":"2 Louse","floor":1.0,"turns":5.0},{"damage":9.0,"enemies":"Small Slimes","floor":3.0,"turns":5.0},{"damage":0.0,"enemies":"Cultist","floor":5.0,"turns":2.0},{"damage":21.0,"enemies":"Lagavulin","floor":6.0,"turns":9.0},{"damage":8.0,"enemies":"3 Sentries","floor":8.0,"turns":4.0},{"damage":2.0,"enemies":"Blue Slaver","floor":12.0,"turns":4.0},{"damage":0.0,"enemies":"2 Fungi Beasts","floor":13.0,"turns":3.0},{"damage":19.0,"enemies":"Hexaghost","floor":16.0,"turns":9.0},{"damage":0,"enemies":"Chosen","floor":18,"turns":2},{"damage":0,"enemies":"Spheric Guardian","floor":19,"turns":3},{"damage":20,"enemies":"Snake Plant","floor":21,"turns":5},{"damage":20,"enemies":"Sentry and Sphere","floor":22,"turns":4},{"damage":8,"enemies":"Book of Stabbing","floor":23,"turns":4},{"damage":12,"enemies":"Gremlin Leader","floor":25,"turns":3},{"damage":23,"enemies":"Slavers","floor":27,"turns":6},{"damage":0,"enemies":"Book of Stabbing","floor":30,"turns":4},{"damage":28,"enemies":"Champ","floor":33,"turns":8},{"damage":0,"enemies":"3 Darklings","floor":35,"turns":6},{"damage":0,"enemies":"Orb Walker","floor":39,"turns":5},{"damage":38,"enemies":"Reptomancer","floor":41,"turns":3}],"seed_played":"-2096702808461762273","potions_obtained":[{"floor":1.0,"key":"BlessingOfTheForge"},{"floor":3.0,"key":"FairyPotion"},{"floor":5.0,"key":"SteroidPotion"},{"floor":8.0,"key":"Fire Potion"},{"floor":22,"key":"SkillPotion"},{"floor":25,"key":"Explosive Potion"},{"floor":30,"key":"Strength Potion"},{"floor":33,"key":"FearPotion"}],"is_trial":false,"path_per_floor":["M","?","M","$","M","E","R","E","T","?","R","M","M","?","R","B",null,"M","M","$","M","M","E","R","E","T","E","R","?","E","$","R","B",null,"M","$","?","$","M","R","E"],"character_chosen":"WATCHER","items_purchased":["LessonLearned","MentalFortress","DollysMirror","Membership Card","Ornamental Fan","Bag of Preparation","Gremlin Horn"],"campfire_rested":4,"item_purchase_floors":[4,20,31,36,36,38,38],"current_hp_per_floor":[66,55,46,46,46,25,47,39,39,33,55,53,53,53,53,34,64,64,64,64,44,24,26,51,39,39,16,41,41,41,41,41,13,35,35,35,35,35,35,35,0,0],"gold":809,"neow_bonus":"TEN_PERCENT_HP_BONUS","is_daily":false,"chose_seed":false,"campfire_upgraded":2,"win_rate":0.0,"timestamp":1611683435,"path_taken":["M","?","M","$","M","E","R","E","T","?","R","M","M","?","R","BOSS","M","?","$","M","M","E","R","E","T","E","R","?","E","$","R","BOSS","M","$","?","$","M","R","E"],"items_purchased_type":["Card","Card","Relic","Relic","Relic","Relic","Relic"],"build_version":"2020-12-22","purchased_purges":3,"victory":false,"max_hp_per_floor":[74,74,74,74,74,74,74,74,74,74,74,74,74,74,74,74,74,74,74,74,74,74,84,84,84,84,84,84,42,42,42,42,42,42,42,42,42,42,42,42,42,42],"relic_stats":{"Happy Flower":[4],"Gremlin Horn":[5,5],"counters":[20,94],"PreservedInsect":62,"CloakClasp":[72],"Bag of Preparation":[3],"GoldenEye":[23],"WarpedTongs":[60],"Dream Catcher":4,"Shuriken":[37],"Ornamental Fan":[16],"obtain_stats":[{"Pear":23,"Happy Flower":34,"Gremlin Horn":38,"PreservedInsect":30,"CloakClasp":34,"Bag of Preparation":38,"GoldenEye":25,"WarpedTongs":14,"Calling Bell":34,"Dream Catcher":6,"Shuriken":9,"DollysMirror":31,"Ornamental Fan":36,"HolyWater":17,"WingedGreaves":27,"Membership Card":36,"PureWater":0,"StrikeDummy":34,"TungstenRod":8},{"Pear":13,"Happy Flower":17,"Gremlin Horn":18,"PreservedInsect":16,"CloakClasp":17,"Bag of Preparation":18,"GoldenEye":14,"WarpedTongs":7,"Calling Bell":17,"Dream Catcher":4,"Shuriken":5,"DollysMirror":16,"Ornamental Fan":18,"HolyWater":8,"WingedGreaves":15,"Membership Card":18,"PureWater":0,"StrikeDummy":17,"TungstenRod":5},{"Pear":59,"Happy Flower":80,"Gremlin Horn":86,"PreservedInsect":72,"CloakClasp":80,"Bag of Preparation":86,"GoldenEye":62,"WarpedTongs":32,"Calling Bell":80,"Dream Catcher":21,"Shuriken":25,"DollysMirror":72,"Ornamental Fan":86,"HolyWater":41,"WingedGreaves":68,"Membership Card":86,"PureWater":0,"StrikeDummy":80,"TungstenRod":25}],"TungstenRod":52},"card_choices":[{"not_picked":["WaveOfTheHand","FollowUp"],"picked":"FearNoEvil","floor":1.0},{"not_picked":["JustLucky","FearNoEvil"],"picked":"FlurryOfBlows","floor":3.0},{"not_picked":["EmptyBody","Crescendo"],"picked":"Protect","floor":5.0},{"not_picked":["Prostrate","Weave"],"picked":"DevaForm","floor":6.0},{"not_picked":["Protect","Vengeance"],"picked":"Conclude","floor":7.0},{"not_picked":["Consecrate","Crescendo"],"picked":"Tantrum","floor":8.0},{"not_picked":["WindmillStrike","ClearTheMind"],"picked":"EmptyFist","floor":11.0},{"not_picked":["ClearTheMind","Consecrate","MasterReality"],"picked":"SKIP","floor":12.0},{"not_picked":["WheelKick","FlyingSleeves"],"picked":"FlurryOfBlows","floor":13.0},{"not_picked":["DevaForm","Establishment"],"picked":"Scrawl","floor":16.0},{"not_picked":["EmptyBody","Study","CarveReality"],"picked":"SKIP","floor":18},{"not_picked":["ClearTheMind","Consecrate"],"picked":"CutThroughFate+1","floor":19},{"not_picked":["Sanctity","JustLucky"],"picked":"Wish","floor":21},{"not_picked":["PathToVictory","SashWhip","Crescendo"],"picked":"SKIP","floor":22},{"not_picked":["SashWhip","Consecrate"],"picked":"Wireheading","floor":23},{"not_picked":["Crescendo+1","Perseverance"],"picked":"Wallop+1","floor":24},{"not_picked":["ThirdEye","EmptyFist"],"picked":"DeusExMachina","floor":25},{"not_picked":["SignatureMove","CrushJoints","Vengeance"],"picked":"SKIP","floor":27},{"not_picked":["FlyingSleeves","Crescendo+1"],"picked":"Halt","floor":28},{"not_picked":["ThirdEye","FlurryOfBlows","BowlingBash"],"picked":"SKIP","floor":30},{"not_picked":["DeusExMachina","ConjureBlade"],"picked":"SpiritShield","floor":33},{"not_picked":["DeceiveReality","ForeignInfluence+1","CutThroughFate"],"picked":"SKIP","floor":35},{"not_picked":["PathToVictory","Crescendo","CutThroughFate"],"picked":"SKIP","floor":39}],"player_experience":1712659,"relics_obtained":[{"floor":6.0,"key":"Dream Catcher"},{"floor":8.0,"key":"TungstenRod"},{"floor":9.0,"key":"Shuriken"},{"floor":23,"key":"Pear"},{"floor":25,"key":"GoldenEye"},{"floor":27,"key":"WingedGreaves"},{"floor":30,"key":"PreservedInsect"},{"floor":34,"key":"Happy Flower"},{"floor":34,"key":"StrikeDummy"},{"floor":34,"key":"CloakClasp"}],"event_choices":[{"damage_healed":0.0,"max_hp_gain":0.0,"max_hp_loss":0.0,"gold_gain":75.0,"event_name":"World of Goop","player_choice":"Gather Gold","floor":2.0,"gold_loss":0.0,"damage_taken":11.0},{"cards_removed":["Strike_P"],"damage_healed":0.0,"max_hp_gain":0.0,"max_hp_loss":0.0,"gold_gain":0.0,"event_name":"Golden Wing","player_choice":"Card Removal","floor":10.0,"gold_loss":0.0,"damage_taken":7.0},{"damage_healed":0.0,"max_hp_gain":0.0,"max_hp_loss":0.0,"gold_gain":0.0,"event_name":"Accursed Blacksmith","player_choice":"Rummage","floor":14.0,"gold_loss":0.0,"damage_taken":0.0,"relics_obtained":["WarpedTongs"],"cards_obtained":["Pain"]},{"damage_healed":0,"gold_gain":0,"player_choice":"Became a Ghost","damage_taken":0,"max_hp_gain":0,"max_hp_loss":42,"event_name":"Ghosts","floor":29,"gold_loss":0,"cards_obtained":["Ghostly","Ghostly","Ghostly"]},{"damage_healed":0,"gold_gain":999,"player_choice":"Gold","damage_taken":0,"max_hp_gain":0,"max_hp_loss":0,"event_name":"MindBloom","floor":37,"gold_loss":0,"cards_obtained":["Normality","Normality"]}],"is_beta":false,"boss_relics":[{"not_picked":["Ectoplasm","Velvet Choker"],"picked":"HolyWater"},{"not_picked":["Tiny House","Runic Dome"],"picked":"Calling Bell"}],"items_purged_floors":[20,36,38],"is_endless":false,"potions_floor_spawned":[1,3,5,8,22,25,30,33,39],"killed_by":"Reptomancer","ascension_level":20}}