{"host":"oje6be5eir840l9r","time":1611649011,"event":{"mods":["2.2 Compatiblity","AchievementEnabler","Alarm Clock","BaseMod","Bestiary","Colored Map","DeckTracker","Highlight Path","Minty Spire (QoL Compilation)","Random Character Button","StSLib"],"gold_per_floor":[114,114,64,79,79,109,109,109,134,134,149,164,179,279,279,379,379,394,394,409,424,424,424,49,49,49,64,64,94,94,194,194,294,294,309,309,309,324,324,354,354,369,444,459,9,24,39,69,69,69],"floor_reached":51,"language":"POL","playtime":2939,"items_purged":["Zap"],"score":800,"play_id":"a8b40931-507b-4dfc-9040-eeab8cb1d6a1","local_time":"20210126091651","daily_mods":["Chimera","Time Dilation","Lethality"],"is_ascension_mode":false,"campfire_choices":[{"data":"Clothesline","floor":8.0,"key":"SMITH"},{"data":"Power Through","floor":10.0,"key":"SMITH"},{"data":"Survivor","floor":15.0,"key":"SMITH"},{"data":"Limit Break","floor":23,"key":"SMITH"},{"data":"Sword Boomerang","floor":25,"key":"SMITH"},{"data":"Flex","floor":32,"key":"SMITH"},{"data":"Secret Technique","floor":41,"key":"SMITH"},{"data":"Barricade","floor":49,"key":"SMITH"}],"circlet_count":0,"master_deck":["Bash+1","Survivor+1","Eruption+1","Defend_R","Defend_G","Defend_P","Clothesline+1","Seeing Red+1","Power Through+1","Thunderclap","Flex+1","Limit Break+1","Shrug It Off","Bite","Bite","Bite","Bite+1","Bite+1","Sword Boomerang+1","Wild Strike+1","Barricade+1","Wild Strike","Secret Technique+1","Trip","Deep Breath","Spot Weakness","Heavy Blade","Armaments+1","Rage+1"],"relics":["Burning Blood","Darkstone Periapt","Du-Vu Doll","Omamori","Sozu","Gremlin Horn","Medical Kit","Regal Pillow","Self Forming Clay","Whetstone","CaptainsWheel","Mercury Hourglass","Cursed Key","Bronze Scales","Ornamental Fan","Unceasing Top","Brimstone","Centennial Puzzle"],"acts_visited":["Exordium","TheCity","TheBeyond"],"potions_floor_usage":[50,50],"damage_taken":[{"damage":4.0,"enemies":"Cultist","floor":1.0,"turns":3.0},{"damage":5.0,"enemies":"2 Louse","floor":4.0,"turns":2.0},{"damage":0.0,"enemies":"Gremlin Nob","floor":6.0,"turns":2.0},{"damage":0.0,"enemies":"Small Slimes","floor":11.0,"turns":1.0},{"damage":0.0,"enemies":"Exordium Thugs","floor":12.0,"turns":3.0},{"damage":14.0,"enemies":"Exordium Wildlife","floor":13.0,"turns":2.0},{"damage":22.0,"enemies":"Slime Boss","floor":16.0,"turns":11.0},{"damage":29,"enemies":"2 Thieves","floor":18,"turns":3},{"damage":1,"enemies":"Chosen","floor":20,"turns":2},{"damage":23,"enemies":"3 Cultists","floor":21,"turns":5},{"damage":5,"enemies":"Snake Plant","floor":27,"turns":3},{"damage":2,"enemies":"Gremlin Leader","floor":29,"turns":5},{"damage":22,"enemies":"Colosseum Slavers","floor":31,"turns":3},{"damage":13,"enemies":"Colosseum Nobs","floor":31,"turns":3},{"damage":9,"enemies":"Champ","floor":33,"turns":7},{"damage":0,"enemies":"3 Darklings","floor":35,"turns":3},{"damage":0,"enemies":"Orb Walker","floor":38,"turns":1},{"damage":2,"enemies":"Reptomancer","floor":40,"turns":3},{"damage":0,"enemies":"Jaw Worm Horde","floor":42,"turns":2},{"damage":0,"enemies":"Spire Growth","floor":44,"turns":3},{"damage":3,"enemies":"Sphere and 2 Shapes","floor":46,"turns":4},{"damage":19,"enemies":"4 Shapes","floor":47,"turns":3},{"damage":7,"enemies":"Giant Head","floor":48,"turns":3},{"damage":12,"enemies":"Donu and Deca","floor":50,"turns":5}],"seed_played":"7295166269203286773","potions_obtained":[{"floor":1.0,"key":"FearPotion"},{"floor":4.0,"key":"DistilledChaos"},{"floor":6.0,"key":"Strength Potion"},{"floor":11.0,"key":"Explosive Potion"}],"is_trial":false,"path_per_floor":["M","?","?","M","?","E","?","R","T","R","M","M","M","?","R","B",null,"M","?","M","M","T","R","$","R","T","M","$","E","?","?","R","B",null,"M","?","?","M","?","E","R","M","T","M","$","M","M","E","R","B",null],"character_chosen":"IRONCLAD","items_purchased":["Medical Kit","Regal Pillow","Unceasing Top","Brimstone"],"campfire_rested":0,"item_purchase_floors":[24,24,45,45],"current_hp_per_floor":[80,86,86,86,69,75,75,75,75,75,81,86,78,78,78,62,86,63,60,60,51,51,51,51,51,51,58,58,60,60,52,52,60,60,60,60,50,60,60,60,60,60,60,60,60,60,51,60,60,56],"gold":69,"neow_bonus":"","is_daily":true,"chose_seed":false,"campfire_upgraded":8,"win_rate":0.0,"timestamp":1611649011,"path_taken":["M","?","?","M","?","E","?","R","T","R","M","?","M","?","R","BOSS","M","?","M","M","?","R","$","R","T","M","?","E","?","?","R","BOSS","M","?","?","M","?","E","R","M","T","?","$","M","?","E","R","BOSS"],"items_purchased_type":["Relic","Relic","Relic","Relic"],"build_version":"2020-12-22","purchased_purges":1,"victory":true,"max_hp_per_floor":[80,86,86,86,86,86,86,86,86,86,86,86,86,86,86,86,86,86,60,60,60,60,60,60,60,60,60,60,60,60,60,60,60,60,60,60,60,60,60,60,60,60,60,60,60,60,60,60,60,60],"card_choices":[{"not_picked":["Bloodletting","Whirlwind"],"picked":"Clothesline","floor":1.0},{"not_picked":["Pommel Strike","Disarm"],"picked":"Seeing Red","floor":4.0},{"not_picked":["Fire Breathing","Cleave"],"picked":"Power Through","floor":6.0},{"not_picked":["Havoc","Clothesline"],"picked":"Thunderclap","floor":11.0},{"not_picked":["Body Slam","Headbutt","Ghostly Armor"],"picked":"SKIP","floor":12.0},{"not_picked":["Blood for Blood","Clothesline"],"picked":"Flex","floor":13.0},{"not_picked":["Demon Form","Reaper"],"picked":"Limit Break","floor":16.0},{"not_picked":["Burning Pact","Heavy Blade+1"],"picked":"Shrug It Off","floor":18},{"not_picked":["Body Slam+1","Pommel Strike","Uppercut"],"picked":"SKIP","floor":20},{"not_picked":["Entrench","Fire Breathing"],"picked":"Sword Boomerang","floor":21},{"not_picked":["Body Slam","Dropkick+1","Warcry+1"],"picked":"SKIP","floor":27},{"not_picked":["Bludgeon","Thunderclap"],"picked":"Wild Strike+1","floor":29},{"not_picked":["Reaper","Demon Form"],"picked":"Barricade","floor":33},{"not_picked":["Headbutt+1","Spot Weakness"],"picked":"Wild Strike","floor":35},{"not_picked":["Thinking Ahead","Purity"],"picked":"Secret Technique","floor":37},{"not_picked":["Impatience","Metamorphosis"],"picked":"Trip","floor":37},{"not_picked":["Trip","Chrysalis"],"picked":"Deep Breath","floor":37},{"not_picked":["Clash","Perfected Strike"],"picked":"Spot Weakness","floor":38},{"not_picked":["Whirlwind+1","Rampage+1"],"picked":"Heavy Blade","floor":40},{"not_picked":["Warcry","Body Slam","Clash+1"],"picked":"SKIP","floor":42},{"not_picked":["Wild Strike+1","Flame Barrier+1"],"picked":"Armaments+1","floor":44},{"not_picked":["Cleave","Combust","Havoc+1"],"picked":"SKIP","floor":46},{"not_picked":["Anger+1","Brutality","Shrug It Off+1"],"picked":"SKIP","floor":47},{"not_picked":["Sever Soul+1","Inflame"],"picked":"Rage+1","floor":48}],"player_experience":46379,"relics_obtained":[{"floor":6.0,"key":"Du-Vu Doll"},{"floor":9.0,"key":"Omamori"},{"floor":22,"key":"Gremlin Horn"},{"floor":26,"key":"Self Forming Clay"},{"floor":29,"key":"Whetstone"},{"floor":31,"key":"CaptainsWheel"},{"floor":31,"key":"Mercury Hourglass"},{"floor":40,"key":"Bronze Scales"},{"floor":43,"key":"Ornamental Fan"},{"floor":48,"key":"Centennial Puzzle"}],"event_choices":[{"damage_healed":0.0,"max_hp_gain":0.0,"max_hp_loss":0.0,"gold_gain":0.0,"event_name":"Big Fish","player_choice":"Box","floor":2.0,"gold_loss":0.0,"damage_taken":0.0,"relics_obtained":["Darkstone Periapt"],"cards_obtained":["Regret"]},{"cards_removed":["Regret"],"damage_healed":0.0,"max_hp_gain":0.0,"max_hp_loss":0.0,"gold_gain":0.0,"event_name":"The Cleric","player_choice":"Card Removal","floor":3.0,"gold_loss":50.0,"damage_taken":0.0},{"damage_healed":0.0,"max_hp_gain":0.0,"max_hp_loss":0.0,"gold_gain":0.0,"event_name":"Shining Light","player_choice":"Entered Light","floor":5.0,"gold_loss":0.0,"damage_taken":17.0,"cards_upgraded":["Seeing Red","Bash"]},{"damage_healed":0.0,"max_hp_gain":0.0,"max_hp_loss":0.0,"gold_gain":0.0,"event_name":"Upgrade Shrine","player_choice":"Upgraded","floor":7.0,"gold_loss":0.0,"damage_taken":0.0,"cards_upgraded":["Eruption"]},{"damage_healed":0.0,"max_hp_gain":0.0,"max_hp_loss":0.0,"gold_gain":100.0,"event_name":"Wheel of Change","player_choice":"Gold","floor":14.0,"gold_loss":0.0,"damage_taken":0.0},{"damage_healed":0,"gold_gain":0,"player_choice":"Became a vampire","damage_taken":0,"max_hp_gain":0,"max_hp_loss":26,"event_name":"Vampires","floor":19,"gold_loss":0,"cards_obtained":["Bite","Bite","Bite","Bite","Bite"]},{"damage_healed":0,"gold_gain":0,"player_choice":"Ignored","damage_taken":0,"max_hp_gain":0,"max_hp_loss":0,"event_name":"Beggar","floor":30,"gold_loss":0},{"damage_healed":0,"gold_gain":0,"player_choice":"Fight","damage_taken":0,"max_hp_gain":0,"max_hp_loss":0,"event_name":"Colosseum","floor":31,"gold_loss":0},{"damage_healed":0,"gold_gain":0,"player_choice":"Fought Nobs","damage_taken":0,"max_hp_gain":0,"max_hp_loss":0,"event_name":"Colosseum","floor":31,"gold_loss":0},{"damage_healed":0,"gold_gain":0,"player_choice":"Ignored","damage_taken":0,"max_hp_gain":0,"max_hp_loss":0,"event_name":"Tomb of Lord Red Mask","floor":36,"gold_loss":0},{"damage_healed":0,"gold_gain":0,"player_choice":"Memory 3","damage_taken":10,"max_hp_gain":0,"max_hp_loss":0,"event_name":"SensoryStone","floor":37,"gold_loss":0},{"damage_healed":15,"gold_gain":0,"player_choice":"Writhe","damage_taken":0,"max_hp_gain":0,"max_hp_loss":0,"event_name":"Winding Halls","floor":39,"gold_loss":0,"cards_obtained":["Writhe"]}],"is_beta":false,"boss_relics":[{"not_picked":["Pandora\u0027s Box","Fusion Hammer"],"picked":"Sozu"},{"not_picked":["Busted Crown","Velvet Choker"],"picked":"Cursed Key"}],"items_purged_floors":[24],"is_endless":false,"potions_floor_spawned":[1,4,6,11,21,33,35,44,46],"ascension_level":0}}