{"host":"am0cr9xwekqmrere","time":1611701276,"event":{"mods":["AchievementEnabler","BaseMod","Better Altar","Better Match","Better Note","Better Sensory Stone","Better Skull","Better Third Choice","BetterRewards","Conspire","Downfall","Hubris","Infinite Spire","Jorbs\u0027s Wanderer Trilogy","Minty Spire (QoL Compilation)","Rare Cards Sparkle","Spire Arcade","StSLib","The Runesmith","Unceasing Turn Reminder"],"gold_per_floor":[99,109,125,125,145,165,165,165,181,198,211,244,244,271,289,385,385,285,301,301,321,336,348,397,397,197,216,216,231,231,231,231],"floor_reached":30,"language":"ENG","playtime":1771,"items_purged":[],"score":248,"play_id":"bf38b0d0-f606-4b23-b958-446c7a59e41d","local_time":"20210126164756","is_ascension_mode":false,"campfire_choices":[{"data":"champ:Taunt","floor":1,"key":"SMITH"},{"data":"champ:DefensiveShout","floor":8,"key":"SMITH"},{"floor":13,"key":"REST"},{"floor":18,"key":"RECALL"},{"data":"infinitespire:SevenWalls","floor":26,"key":"SMITH"}],"circlet_count":0,"master_deck":["champ:Strike","champ:Strike","champ:Strike","champ:Strike","champ:Defend","champ:Defend","champ:Defend","champ:Defend","champ:Execute","champ:Taunt+1","champ:FanOfKnives","champ:GladiatorStyle","champ:Lariat","champ:DefensiveShout+1","champ:BladeFlurry","champ:SwordThrow","champ:BringItOn","champ:AdrenalArmor","champ:Devastate","champ:GutPunch","champ:GladiatorForm","champ:BladeFlurry","infinitespire:SevenWalls+1","infinitespire:Starlight","champ:Shatter+1","champ:FaceSlap","champ:SetATrap","hexamod:FifthSeal","champ:HoldFirm","hexamod:FirstSeal","champ:PerfectedStrike"],"relics":["champ:ChampionCrown","hubris:CuriousFeather","infinitespire:BottledMercury","Strawberry","Boot","sneckomod:SneckoTalon","downfall:HeartBlessingGreen","champ:ChampionCrownUpgraded","OrangePellets","downfall:HeartBlessingRed","downfall:HeartBlessingBlue","hubris:BottledHeart"],"acts_visited":["Exordium","TheCity"],"potions_floor_usage":[5,10,14,16,16,16,23,30,30],"damage_taken":[{"damage":10,"enemies":"2 Louse","floor":2,"turns":3},{"damage":18,"enemies":"Cultist","floor":3,"turns":4},{"damage":12,"enemies":"Jaw Worm","floor":5,"turns":3},{"damage":25,"enemies":"2 Fungi Beasts","floor":6,"turns":4},{"damage":29,"enemies":"Exordium Thugs","floor":9,"turns":4},{"damage":32,"enemies":"Blue Slaver","floor":10,"turns":5},{"damage":24,"enemies":"Lots of Slimes","floor":11,"turns":4},{"damage":25,"enemies":"3 Sentries","floor":12,"turns":9},{"damage":30,"enemies":"Lagavulin","floor":14,"turns":8},{"damage":39,"enemies":"Gremlin Gang","floor":15,"turns":5},{"damage":25,"enemies":"SI_SHIV_ARCHETYPE","floor":16,"turns":7},{"damage":15,"enemies":"Chosen","floor":19,"turns":6},{"damage":16,"enemies":"Shell Parasite","floor":21,"turns":5},{"damage":24,"enemies":"Snecko","floor":22,"turns":5},{"damage":24,"enemies":"Centurion and Healer","floor":23,"turns":8},{"damage":31,"enemies":"Shelled Parasite and Fungi","floor":27,"turns":5},{"damage":0,"enemies":"3 Cultists","floor":29,"turns":7},{"damage":5,"enemies":"Book of Stabbing","floor":30,"turns":6}],"seed_played":"-2897969192103161655","potions_obtained":[{"floor":2,"key":"EssenceOfSteel"},{"floor":5,"key":"EssenceOfSteel"},{"floor":9,"key":"SteroidPotion"},{"floor":11,"key":"SteroidPotion"},{"floor":12,"key":"AttackPotion"},{"floor":15,"key":"PowerPotion"},{"floor":16,"key":"Swift Potion"},{"floor":21,"key":"EssenceOfSteel"},{"floor":29,"key":"EssenceOfSteel"}],"is_trial":false,"path_per_floor":["R","M","M","?","M","M","T","R","M","M","M","E","R","E","M","B",null,"R","M","AVR","M","M","M","T","?","R","M","?","M","E"],"character_chosen":"THE_CHAMP","items_purchased":[],"campfire_rested":1,"item_purchase_floors":[],"current_hp_per_floor":[99,99,91,91,89,84,84,84,70,63,49,41,72,52,23,8,106,106,106,106,106,82,83,83,83,93,92,1,1,0,0,0],"gold":231,"neow_bonus":"TEN_PERCENT_HP_BONUS","is_daily":false,"chose_seed":false,"campfire_upgraded":3,"win_rate":0.0,"timestamp":1611701276,"path_taken":["R","M","M","?","M","M","T","R","M","M","M","E","R","E","M","BOSS","R","M","AVR","M","M","M","T","?","R","M","?","M","E"],"items_purchased_type":[],"build_version":"2020-12-22","purchased_purges":0,"victory":false,"max_hp_per_floor":[99,99,99,99,99,99,99,99,99,99,99,106,106,106,106,106,106,106,106,106,106,106,106,106,106,116,116,1,1,1,1,1],"card_choices":[{"not_picked":["champ:StanceDance","champ:AdrenalArmor"],"picked":"champ:FanOfKnives","floor":2},{"not_picked":["champ:EnGarde","champ:FaceSlap"],"picked":"champ:GladiatorStyle","floor":3},{"not_picked":["champ:ArenaPreparation","champ:Circumvent"],"picked":"champ:Lariat","floor":5},{"not_picked":["champ:RapidStrikes","champ:CrownThrow"],"picked":"champ:DefensiveShout","floor":6},{"not_picked":["champ:PreciseThrust","champ:DeathBlow"],"picked":"champ:BladeFlurry","floor":9},{"not_picked":["champ:EnGarde","champ:DefensiveShout"],"picked":"champ:SwordThrow","floor":10},{"not_picked":["champ:Haymaker","champ:CrownThrow"],"picked":"champ:BringItOn","floor":11},{"not_picked":["champ:StanceDance","champ:DeathBlow"],"picked":"champ:AdrenalArmor","floor":12},{"not_picked":["champ:SkillfulDodge","champ:RisingSlash"],"picked":"champ:Devastate","floor":14},{"not_picked":["champ:Haymaker","champ:StanceDance"],"picked":"champ:GutPunch","floor":15},{"not_picked":["champ:DancingMaster","champ:IgnorePain"],"picked":"champ:GladiatorForm","floor":16},{"not_picked":["champ:Haymaker+1","champ:TornadoPunch"],"picked":"champ:BladeFlurry","floor":19},{"not_picked":["champ:PreciseThrust+1","champ:StanceDance"],"picked":"champ:Shatter+1","floor":21},{"not_picked":["champ:FocusedDefense","champ:EnGarde"],"picked":"champ:FaceSlap","floor":22},{"not_picked":["champ:Shatter","champ:GutPunch"],"picked":"champ:SetATrap","floor":23},{"not_picked":["champ:PreciseThrust","champ:PerfectedStrike+1"],"picked":"champ:HoldFirm","floor":27},{"not_picked":["hexamod:ThirdSeal","hexamod:SixthSeal"],"picked":"hexamod:FirstSeal","floor":29},{"not_picked":["champ:EndlessRage","champ:BladeFlurry"],"picked":"champ:PerfectedStrike","floor":29}],"player_experience":2688091,"relics_obtained":[{"floor":4,"key":"hubris:CuriousFeather"},{"floor":7,"key":"infinitespire:BottledMercury"},{"floor":12,"key":"Strawberry"},{"floor":14,"key":"Boot"}],"event_choices":[{"cards_removed":["infinitespire:SevenWalls"],"damage_healed":0,"gold_gain":0,"player_choice":"Take \u0026 Give","damage_taken":0,"max_hp_gain":0,"max_hp_loss":0,"event_name":"betterNote:BetterNote","floor":25,"gold_loss":0,"cards_obtained":["hexamod:FifthSeal"]}],"is_beta":false,"boss_relics":[{"not_picked":["hubris:CrackedHourglass","infinitespire:Cupcake"],"picked":"sneckomod:SneckoTalon"}],"items_purged_floors":[],"is_endless":false,"potions_floor_spawned":[2,5,9,11,12,15,16,21,29],"killed_by":"Book of Stabbing","ascension_level":0}}