{"host":"hk3n60c9tb8azi3z","time":1611665428,"event":{"mods":["AchievementEnabler","BaseMod","Minty Spire (QoL Compilation)","Relic Sorter","Relic Stats"],"gold_per_floor":[115,115,115,131,143,143,178,12,36,46,78,78,95,111,111,187,237,249,264,278,293,133,161,161,191,191,191,210,236,250,269,269,343,343,354,1353,1353,1384,1396,1433,1445,1489,1553,1565,1605,1119,1153,1166,1166,1239,1318,1318,1336,1350,1408,1408,1421,1421,1437,1470,1493,1528,1547,1547,1573,1573,1573,1666,1666,1686,880,880,898,277,277,277,322,370,389,398,442,460,494,494,584,584,604,604,382,382,413,413,457,470,508,532,565,26,44,68,68,167,271,271,271,271],"floor_reached":105,"language":"ENG","playtime":12585,"items_purged":["Normality","Dodge and Roll","Deflect","Bane+1","Poisoned Stab+1"],"score":7866,"play_id":"c38d7c07-08ae-4315-885e-6bd1fb3f0dc9","local_time":"20210126135028","daily_mods":["SealedDeck","Vintage","Blue Cards"],"is_ascension_mode":true,"campfire_choices":[{"data":"Noxious Fumes","floor":6.0,"key":"SMITH"},{"data":"Deadly Poison","floor":12.0,"key":"SMITH"},{"data":"Bane","floor":15.0,"key":"SMITH"},{"data":"Wraith Form v2","floor":24.0,"key":"SMITH"},{"data":"Echo Form","floor":27.0,"key":"SMITH"},{"data":"Wraith Form v2","floor":32.0,"key":"SMITH"},{"data":"Skim","floor":44.0,"key":"SMITH"},{"data":"Well Laid Plans","floor":49.0,"key":"SMITH"},{"data":"Buffer","floor":58.0,"key":"SMITH"},{"data":"Self Repair","floor":67.0,"key":"SMITH"},{"data":"Steam+1","floor":75.0,"key":"PURGE"},{"data":"J.A.X.+1","floor":84.0,"key":"PURGE"},{"data":"Poisoned Stab+1","floor":92.0,"key":"PURGE"},{"data":"Deadly Poison+1","floor":101.0,"key":"PURGE"}],"circlet_count":0,"master_deck":["AscendersBane","Skim+1","Self Repair+1","Noxious Fumes+1","Wraith Form v2+1","Echo Form+1","Genetic Algorithm+1","Crippling Poison+1","PiercingWail+1","PiercingWail+1","Bouncing Flask+1","Wraith Form v2+1","Adrenaline+1","Backflip+1","Buffer+1","Well Laid Plans+1","Force Field+1","Burst+1","Seek+1","Core Surge+1","Aggregate+1","Dark Shackles+1","Force Field+1","Night Terror+1","Backflip+1","Leg Sweep+1","Hologram+1","Master of Strategy+1","Panache+1","Seek+1","Night Terror+1"],"relics":["Ring of the Serpent","Ancient Tea Set","Pear","Oddly Smooth Stone","Strawberry","Snake Skull","Dream Catcher","Toxic Egg 2","Anchor","Smiling Mask","Orichalcum","Tiny House","Kunai","Boot","Question Card","Orrery","HornCleat","The Courier","Eternal Feather","Shuriken","Singing Bowl","Nunchaku","Happy Flower","Coffee Dripper","Centennial Puzzle","MawBank","Potion Belt","StrikeDummy","Pantograph","Vajra","Molten Egg 2","White Beast Statue","Omamori","Paper Crane","SacredBark","Akabeko","InkBottle","Juzu Bracelet","Unceasing Top","Tiny Chest","Matryoshka","Golden Idol","Calling Bell","Bag of Marbles","Sundial","Thread and Needle","Bag of Preparation","ClockworkSouvenir","CeramicFish","Art of War","Peace Pipe","Nilry\u0027s Codex","Calipers","Toy Ornithopter","Frozen Egg 2","Bottled Tornado","Letter Opener","Lantern","Blue Candle","Blood Vial","Tingsha","Mercury Hourglass","Bronze Scales","The Specimen","Gambling Chip","Mummified Hand"],"acts_visited":["Exordium","TheCity","TheBeyond","TheCity","TheBeyond"],"potions_floor_usage":[],"damage_taken":[{"damage":6.0,"enemies":"Jaw Worm","floor":1.0,"turns":3.0},{"damage":0.0,"enemies":"Small Slimes","floor":4.0,"turns":2.0},{"damage":0.0,"enemies":"2 Louse","floor":5.0,"turns":2.0},{"damage":0.0,"enemies":"Gremlin Nob","floor":7.0,"turns":3.0},{"damage":6.0,"enemies":"2 Fungi Beasts","floor":10.0,"turns":3.0},{"damage":10.0,"enemies":"3 Sentries","floor":11.0,"turns":6.0},{"damage":0.0,"enemies":"Looter","floor":13.0,"turns":2.0},{"damage":0.0,"enemies":"Blue Slaver","floor":14.0,"turns":3.0},{"damage":0.0,"enemies":"Slime Boss","floor":16.0,"turns":6.0},{"damage":0.0,"enemies":"Spheric Guardian","floor":18.0,"turns":3.0},{"damage":1.0,"enemies":"Shell Parasite","floor":19.0,"turns":5.0},{"damage":0.0,"enemies":"Snake Plant","floor":20.0,"turns":4.0},{"damage":0.0,"enemies":"Shelled Parasite and Fungi","floor":21.0,"turns":4.0},{"damage":23.0,"enemies":"Book of Stabbing","floor":23.0,"turns":6.0},{"damage":0.0,"enemies":"Gremlin Leader","floor":25.0,"turns":5.0},{"damage":0.0,"enemies":"Centurion and Healer","floor":28.0,"turns":5.0},{"damage":12.0,"enemies":"Slavers","floor":29.0,"turns":4.0},{"damage":0.0,"enemies":"3 Cultists","floor":30.0,"turns":7.0},{"damage":10.0,"enemies":"Shelled Parasite and Fungi","floor":31.0,"turns":5.0},{"damage":5.0,"enemies":"Collector","floor":33.0,"turns":8.0},{"damage":0.0,"enemies":"3 Shapes","floor":35.0,"turns":4.0},{"damage":0.0,"enemies":"3 Darklings","floor":38.0,"turns":4.0},{"damage":0.0,"enemies":"Reptomancer","floor":40.0,"turns":6.0},{"damage":0.0,"enemies":"Nemesis","floor":42.0,"turns":7.0},{"damage":0.0,"enemies":"Reptomancer","floor":45.0,"turns":7.0},{"damage":1.0,"enemies":"Nemesis","floor":47.0,"turns":9.0},{"damage":5.0,"enemies":"4 Shapes","floor":48.0,"turns":8.0},{"damage":0.0,"enemies":"Donu and Deca","floor":50.0,"turns":10.0},{"damage":12.0,"enemies":"Time Eater","floor":51.0,"turns":13.0},{"damage":0.0,"enemies":"2 Louse","floor":53.0,"turns":3.0},{"damage":0.0,"enemies":"Small Slimes","floor":54.0,"turns":4.0},{"damage":0.0,"enemies":"3 Sentries","floor":55.0,"turns":6.0},{"damage":0.0,"enemies":"Cultist","floor":57.0,"turns":4.0},{"damage":0.0,"enemies":"Exordium Thugs","floor":59.0,"turns":4.0},{"damage":10.0,"enemies":"3 Sentries","floor":60.0,"turns":6.0},{"damage":0.0,"enemies":"Gremlin Nob","floor":62.0,"turns":5.0},{"damage":0.0,"enemies":"3 Louse","floor":63.0,"turns":2.0},{"damage":0.0,"enemies":"Lagavulin","floor":65.0,"turns":4.0},{"damage":0.0,"enemies":"The Guardian","floor":68.0,"turns":6.0},{"damage":0.0,"enemies":"3 Byrds","floor":70.0,"turns":5.0},{"damage":0.0,"enemies":"Shell Parasite","floor":73.0,"turns":4.0},{"damage":0.0,"enemies":"Gremlin Leader","floor":77.0,"turns":5.0},{"damage":0.0,"enemies":"Slavers","floor":78.0,"turns":5.0},{"damage":0.0,"enemies":"Chosen and Byrds","floor":79.0,"turns":7.0},{"damage":0.0,"enemies":"Gremlin Leader","floor":81.0,"turns":7.0},{"damage":0.0,"enemies":"Snake Plant","floor":82.0,"turns":4.0},{"damage":0.0,"enemies":"Book of Stabbing","floor":83.0,"turns":5.0},{"damage":0.0,"enemies":"Automaton","floor":85.0,"turns":9.0},{"damage":0.0,"enemies":"3 Darklings","floor":87.0,"turns":6.0},{"damage":0.0,"enemies":"Mind Bloom Boss Battle","floor":91.0,"turns":6.0},{"damage":0.0,"enemies":"Nemesis","floor":93.0,"turns":7.0},{"damage":0.0,"enemies":"Orb Walker","floor":94.0,"turns":2.0},{"damage":0.0,"enemies":"Reptomancer","floor":95.0,"turns":6.0},{"damage":0.0,"enemies":"4 Shapes","floor":96.0,"turns":4.0},{"damage":0.0,"enemies":"Nemesis","floor":97.0,"turns":7.0},{"damage":0.0,"enemies":"Maw","floor":100.0,"turns":5.0},{"damage":0.0,"enemies":"Awakened One","floor":102.0,"turns":7.0},{"damage":0.0,"enemies":"Donu and Deca","floor":103.0,"turns":5.0},{"damage":141,"enemies":"Jaw Worm","floor":105,"turns":9}],"seed_played":"-5439818620536916631","potions_obtained":[{"floor":1.0,"key":"Weak Potion"},{"floor":4.0,"key":"FearPotion"},{"floor":5.0,"key":"SpeedPotion"},{"floor":14.0,"key":"SpeedPotion"},{"floor":23.0,"key":"EntropicBrew"},{"floor":30.0,"key":"Energy Potion"},{"floor":33.0,"key":"PowerPotion"},{"floor":35.0,"key":"DuplicationPotion"},{"floor":38.0,"key":"DuplicationPotion"},{"floor":47.0,"key":"PowerPotion"},{"floor":48.0,"key":"EssenceOfSteel"},{"floor":51.0,"key":"AttackPotion"},{"floor":53.0,"key":"CultistPotion"},{"floor":55.0,"key":"PowerPotion"},{"floor":60.0,"key":"SpeedPotion"},{"floor":65.0,"key":"LiquidMemories"},{"floor":70.0,"key":"DuplicationPotion"},{"floor":82.0,"key":"Ancient Potion"},{"floor":102.0,"key":"Fire Potion"}],"is_trial":true,"path_per_floor":["M","?","?","M","M","R","E","$","T","M","E","R","M","M","R","B",null,"M","M","M","M","$","E","R","E","T","R","M","E","M","M","R","B",null,"M","?","T","M","?","E","?","E","T","R","E","$","E","M","R","B","B",null,"M","M","?","?","M","R","M","E","T","E","M","?","E","?","R","B",null,"M","$","?","M","$","R","?","E","E","M","?","E","M","E","R","B",null,"M","?","$","?","?","R","E","M","E","M","E","$","?","M","R","B","B",null,"M"],"character_chosen":"THE_SILENT","items_purchased":["Snake Skull","Orrery","White Beast Statue","Well Laid Plans","Force Field+1","Burst+1","ClockworkSouvenir","CeramicFish","Art of War","Peace Pipe","Dark Shackles+1","Force Field+1","Night Terror+1","Toy Ornithopter","Frozen Egg 2","Bottled Tornado","Hologram+1","Blood Vial","The Specimen","Gambling Chip"],"campfire_rested":0,"item_purchase_floors":[8,22,46,46,46,46,71,71,71,71,71,71,74,74,74,74,89,89,98,98],"current_hp_per_floor":[60,40,45,62,69,69,83,83,83,84,81,81,88,88,88,88,93,93,93,93,93,93,70,70,70,70,82,93,81,88,78,90,92,93,93,93,93,93,93,95,95,95,95,95,95,95,97,97,97,97,92,96,96,97,99,99,99,99,99,101,101,103,103,96,103,67,82,105,105,105,105,84,94,94,105,105,105,105,105,105,107,107,109,109,111,111,111,111,111,111,113,113,115,115,117,117,119,119,111,121,121,121,121,121,0,0],"gold":271,"neow_bonus":"","is_daily":false,"chose_seed":false,"campfire_upgraded":10,"win_rate":0.0,"timestamp":1611665428,"path_taken":["M","?","?","M","M","R","E","?","T","M","E","R","M","?","R","BOSS","M","M","M","M","$","E","R","E","T","R","M","E","M","M","R","BOSS","M","?","?","?","?","E","?","E","T","R","E","$","E","M","R","BOSS","BOSS","M","M","?","?","?","R","M","E","T","E","M","?","E","?","R","BOSS","M","$","?","M","$","R","?","E","E","M","?","E","M","E","R","BOSS","M","?","$","?","?","R","E","M","E","M","E","$","?","M","R","BOSS","BOSS","M"],"items_purchased_type":["Relic","Relic","Relic","Card","Card","Card","Relic","Relic","Relic","Relic","Card","Card","Card","Relic","Relic","Relic","Card","Relic","Relic","Relic"],"build_version":"2020-12-22","purchased_purges":5,"victory":false,"max_hp_per_floor":[66,66,71,81,81,81,88,88,88,88,88,88,88,88,88,88,93,93,93,93,93,93,93,93,93,93,93,93,93,93,93,93,93,93,93,93,93,93,93,95,95,95,95,95,95,95,97,97,97,97,97,97,97,97,99,99,99,99,99,101,101,103,103,103,103,103,103,105,105,105,105,105,105,105,105,105,105,105,105,105,107,107,109,109,111,111,111,111,111,111,113,113,115,115,117,117,119,119,121,121,121,121,121,121,121,121],"relic_stats":{"Singing Bowl":28,"CeramicFish":99,"Snake Skull":[1034],"Juzu Bracelet":0,"Bag of Preparation":[38],"Smiling Mask":250,"Boot":[47],"Blood Vial":2,"Dream Catcher":0,"Nunchaku":[10],"Centennial Puzzle":[15],"Sundial":[38],"Mummified Hand":[49],"Pantograph":21,"Gambling Chip":[4],"Tiny Chest":2,"Kunai":[6],"InkBottle":[89],"Happy Flower":[78],"counters":[59,313],"Golden Idol":168,"Blue Candle":[0],"Eternal Feather":50,"Tingsha":[12],"Letter Opener":[986],"Orichalcum":[504],"Question Card":35,"MawBank":108,"Mercury Hourglass":[180],"Peace Pipe":4,"Shuriken":[5],"Bronze Scales":[91],"Art of War":[67],"obtain_stats":[{"Tiny House":17,"Calipers":73,"Nilry\u0027s Codex":72,"CeramicFish":71,"Vajra":43,"Bottled Tornado":74,"Boot":20,"Blood Vial":89,"Centennial Puzzle":35,"HornCleat":23,"Sundial":69,"Strawberry":7,"Kunai":19,"Toxic Egg 2":10,"Pear":4,"Happy Flower":31,"Blue Candle":87,"Oddly Smooth Stone":5,"Eternal Feather":26,"Tingsha":91,"Letter Opener":79,"Paper Crane":48,"Question Card":21,"Akabeko":54,"Shuriken":28,"Bronze Scales":96,"Molten Egg 2":45,"StrikeDummy":40,"Unceasing Top":59,"Ring of the Serpent":86,"Lantern":82,"Singing Bowl":29,"SacredBark":52,"Snake Skull":8,"Juzu Bracelet":57,"Bag of Preparation":70,"Ancient Tea Set":1,"Smiling Mask":13,"ClockworkSouvenir":71,"Dream Catcher":9,"Nunchaku":30,"Matryoshka":63,"Mummified Hand":100,"Pantograph":42,"Gambling Chip":98,"Tiny Chest":61,"InkBottle":55,"Ring of the Snake":0,"Potion Belt":38,"The Specimen":98,"Golden Idol":66,"Thread and Needle":69,"The Courier":25,"Omamori":47,"Orichalcum":14,"Frozen Egg 2":74,"MawBank":37,"White Beast Statue":46,"Mercury Hourglass":94,"Calling Bell":69,"Peace Pipe":71,"Anchor":11,"Orrery":22,"Coffee Dripper":34,"Bag of Marbles":69,"Art of War":71,"Toy Ornithopter":74},{"Tiny House":9,"Calipers":41,"Nilry\u0027s Codex":40,"CeramicFish":40,"Vajra":24,"Bottled Tornado":41,"Boot":12,"Blood Vial":49,"Centennial Puzzle":21,"HornCleat":14,"Sundial":39,"Strawberry":4,"Kunai":11,"Toxic Egg 2":5,"Pear":2,"Happy Flower":19,"Blue Candle":49,"Oddly Smooth Stone":3,"Eternal Feather":15,"Tingsha":50,"Letter Opener":44,"Paper Crane":27,"Question Card":13,"Akabeko":31,"Shuriken":16,"Bronze Scales":54,"Molten Egg 2":25,"StrikeDummy":23,"Unceasing Top":34,"Ring of the Serpent":48,"Lantern":46,"Singing Bowl":17,"SacredBark":29,"Snake Skull":4,"Juzu Bracelet":33,"Bag of Preparation":40,"Ancient Tea Set":1,"Smiling Mask":7,"ClockworkSouvenir":40,"Dream Catcher":4,"Nunchaku":18,"Matryoshka":37,"Mummified Hand":56,"Pantograph":24,"Gambling Chip":55,"Tiny Chest":35,"InkBottle":31,"Ring of the Snake":0,"Potion Belt":22,"The Specimen":55,"Golden Idol":38,"Thread and Needle":39,"The Courier":15,"Omamori":26,"Orichalcum":8,"Frozen Egg 2":41,"MawBank":21,"White Beast Statue":25,"Mercury Hourglass":52,"Calling Bell":39,"Peace Pipe":40,"Anchor":6,"Orrery":13,"Coffee Dripper":20,"Bag of Marbles":39,"Art of War":40,"Toy Ornithopter":41},{"Tiny House":30,"Calipers":207,"Nilry\u0027s Codex":203,"CeramicFish":203,"Vajra":107,"Bottled Tornado":207,"Boot":42,"Blood Vial":255,"Centennial Puzzle":90,"HornCleat":52,"Sundial":198,"Strawberry":10,"Kunai":38,"Toxic Egg 2":13,"Pear":5,"Happy Flower":78,"Blue Candle":255,"Oddly Smooth Stone":7,"Eternal Feather":57,"Tingsha":261,"Letter Opener":224,"Paper Crane":131,"Question Card":46,"Akabeko":161,"Shuriken":62,"Bronze Scales":280,"Molten Egg 2":114,"StrikeDummy":100,"Unceasing Top":175,"Ring of the Serpent":249,"Lantern":235,"Singing Bowl":66,"SacredBark":154,"Snake Skull":10,"Juzu Bracelet":171,"Bag of Preparation":203,"Ancient Tea Set":3,"Smiling Mask":21,"ClockworkSouvenir":203,"Dream Catcher":10,"Nunchaku":73,"Matryoshka":188,"Mummified Hand":292,"Pantograph":107,"Gambling Chip":287,"Tiny Chest":181,"InkBottle":161,"Ring of the Snake":0,"Potion Belt":94,"The Specimen":287,"Golden Idol":192,"Thread and Needle":198,"The Courier":57,"Omamori":123,"Orichalcum":24,"Frozen Egg 2":207,"MawBank":90,"White Beast Statue":114,"Mercury Hourglass":270,"Calling Bell":198,"Peace Pipe":203,"Anchor":19,"Orrery":46,"Coffee Dripper":86,"Bag of Marbles":198,"Art of War":203,"Toy Ornithopter":207}],"Unceasing Top":[5],"Toy Ornithopter":0},"card_choices":[{"not_picked":["Acrobatics","Bane"],"picked":"Dodge and Roll","floor":7.0},{"not_picked":["Streamline","Rebound"],"picked":"Steam+1","floor":11.0},{"not_picked":["Tools of the Trade","Storm of Steel+1"],"picked":"Wraith Form v2","floor":16.0},{"not_picked":["Steam+1","Leap+1","Deadly Poison+1"],"picked":"Echo Form","floor":22.0},{"not_picked":["Expertise+1","Sweeping Beam","Steam Power+1"],"picked":"Genetic Algorithm+1","floor":22.0},{"not_picked":["Blade Dance+1","Slice","Reboot+1"],"picked":"Crippling Poison+1","floor":22.0},{"not_picked":["Acrobatics+1","Chill+1","Dagger Throw+1"],"picked":"PiercingWail+1","floor":22.0},{"not_picked":["Blizzard","Hologram+1","Double Energy+1"],"picked":"PiercingWail+1","floor":22.0},{"not_picked":["Redo+1","Gash+1","PiercingWail+1"],"picked":"Bouncing Flask+1","floor":23.0},{"not_picked":["Flying Knee","Hologram+1","Sweeping Beam","Ball Lightning"],"picked":"SKIP","floor":25.0},{"not_picked":["Quick Slash","Bane","Turbo+1"],"picked":"Wraith Form v2","floor":29.0},{"not_picked":["Grand Finale","Biased Cognition","Machine Learning"],"picked":"Adrenaline+1","floor":33.0},{"not_picked":["Slice","Tempest+1","Backflip+1","Heatsinks+1"],"picked":"Singing Bowl","floor":40.0},{"not_picked":["Eviscerate","Expertise+1","Dagger Spray"],"picked":"Backflip+1","floor":42.0},{"not_picked":["Doom and Gloom+1","Skewer+1","Expertise+1"],"picked":"Buffer","floor":45.0},{"not_picked":["Compile Driver+1","Flying Knee+1","Underhanded Strike+1","Gash+1"],"picked":"Singing Bowl","floor":47.0},{"not_picked":["Core Surge+1","Buffer","Amplify+1"],"picked":"Seek+1","floor":50.0},{"not_picked":["Doppelganger+1","Thunder Strike+1","Phantasmal Killer+1"],"picked":"Core Surge+1","floor":51.0},{"not_picked":["Dagger Throw+1","Go for the Eyes+1","Quick Slash+1","Skim+1"],"picked":"Singing Bowl","floor":55.0},{"not_picked":["Cold Snap+1","Compile Driver+1","Doom and Gloom+1","Gash+1"],"picked":"Singing Bowl","floor":60.0},{"not_picked":["Caltrops","Rip and Tear+1","Dagger Spray+1","Sunder+1"],"picked":"Singing Bowl","floor":62.0},{"not_picked":["Glacier+1","Blizzard+1","Multi-Cast+1"],"picked":"Aggregate+1","floor":65.0},{"not_picked":["After Image","Amplify+1","Phantasmal Killer+1","Die Die Die+1"],"picked":"Singing Bowl","floor":68.0},{"not_picked":["Gash+1","Expertise+1","Deadly Poison+1"],"picked":"Backflip+1","floor":77.0},{"not_picked":["Dagger Spray+1","Deadly Poison+1","Blade Dance+1"],"picked":"Leg Sweep+1","floor":78.0},{"not_picked":["Coolheaded+1","Melter+1","Dagger Throw+1","Cloak And Dagger+1"],"picked":"Singing Bowl","floor":81.0},{"not_picked":["Turbo+1","Core Surge+1","Rebound+1","Grand Finale+1"],"picked":"Singing Bowl","floor":83.0},{"not_picked":["Bullet Time+1","Amplify+1","Multi-Cast+1","Doppelganger+1"],"picked":"Singing Bowl","floor":85.0},{"not_picked":["Stack+1","Turbo+1","Leg Sweep+1","Lockon+1"],"picked":"Singing Bowl","floor":91.0},{"not_picked":["Sucker Punch+1","Go for the Eyes+1","Turbo+1","Force Field+1"],"picked":"Singing Bowl","floor":93.0},{"not_picked":["Steam+1","Reinforced Body+1","Skim+1","Darkness+1"],"picked":"Singing Bowl","floor":95.0},{"not_picked":["White Noise+1","Acrobatics+1","Noxious Fumes+1","Stack+1"],"picked":"Singing Bowl","floor":97.0},{"not_picked":["Enlightenment+1","Magnetism+1","The Bomb+1"],"picked":"Master of Strategy+1","floor":99.0},{"not_picked":["HandOfGreed+1","Trip+1","Mayhem+1","Dramatic Entrance+1"],"picked":"Singing Bowl","floor":99.0},{"not_picked":["Forethought+1","Flash of Steel+1","The Bomb+1"],"picked":"Panache+1","floor":99.0},{"not_picked":["Creative AI+1","Storm of Steel+1","Die Die Die+1"],"picked":"Seek+1","floor":102.0},{"not_picked":["Unload+1","Multi-Cast+1","Fission+1"],"picked":"Night Terror+1","floor":103.0}],"player_experience":1609722,"relics_obtained":[{"floor":1.0,"key":"Ancient Tea Set"},{"floor":4.0,"key":"Pear"},{"floor":5.0,"key":"Oddly Smooth Stone"},{"floor":7.0,"key":"Strawberry"},{"floor":9.0,"key":"Dream Catcher"},{"floor":10.0,"key":"Toxic Egg 2"},{"floor":11.0,"key":"Anchor"},{"floor":13.0,"key":"Smiling Mask"},{"floor":14.0,"key":"Orichalcum"},{"floor":19.0,"key":"Kunai"},{"floor":20.0,"key":"Boot"},{"floor":21.0,"key":"Question Card"},{"floor":23.0,"key":"HornCleat"},{"floor":25.0,"key":"The Courier"},{"floor":26.0,"key":"Eternal Feather"},{"floor":28.0,"key":"Shuriken"},{"floor":29.0,"key":"Singing Bowl"},{"floor":30.0,"key":"Nunchaku"},{"floor":31.0,"key":"Happy Flower"},{"floor":35.0,"key":"Centennial Puzzle"},{"floor":37.0,"key":"MawBank"},{"floor":38.0,"key":"Potion Belt"},{"floor":40.0,"key":"StrikeDummy"},{"floor":42.0,"key":"Pantograph"},{"floor":43.0,"key":"Vajra"},{"floor":45.0,"key":"Molten Egg 2"},{"floor":47.0,"key":"Omamori"},{"floor":48.0,"key":"Paper Crane"},{"floor":54.0,"key":"Akabeko"},{"floor":57.0,"key":"Juzu Bracelet"},{"floor":59.0,"key":"Unceasing Top"},{"floor":61.0,"key":"Tiny Chest"},{"floor":63.0,"key":"Matryoshka"},{"floor":69.0,"key":"Bag of Marbles"},{"floor":69.0,"key":"Sundial"},{"floor":69.0,"key":"Thread and Needle"},{"floor":70.0,"key":"Bag of Preparation"},{"floor":72.0,"key":"Nilry\u0027s Codex"},{"floor":73.0,"key":"Calipers"},{"floor":79.0,"key":"Letter Opener"},{"floor":82.0,"key":"Lantern"},{"floor":87.0,"key":"Blue Candle"},{"floor":91.0,"key":"Tingsha"},{"floor":94.0,"key":"Mercury Hourglass"},{"floor":96.0,"key":"Bronze Scales"},{"floor":100.0,"key":"Mummified Hand"}],"event_choices":[{"damage_healed":0.0,"max_hp_gain":0.0,"max_hp_loss":0.0,"gold_gain":0.0,"event_name":"Shining Light","player_choice":"Entered Light","floor":2.0,"gold_loss":0.0,"damage_taken":20.0,"cards_upgraded":["Poisoned Stab","Dash"]},{"damage_healed":0.0,"max_hp_gain":5.0,"max_hp_loss":0.0,"gold_gain":0.0,"event_name":"Big Fish","player_choice":"Donut","floor":3.0,"gold_loss":0.0,"damage_taken":0.0},{"damage_healed":0.0,"max_hp_gain":0.0,"max_hp_loss":0.0,"gold_gain":999.0,"event_name":"MindBloom","player_choice":"Gold","floor":36.0,"gold_loss":0.0,"damage_taken":0.0,"cards_obtained":["Normality","Normality"]},{"damage_healed":0.0,"max_hp_gain":0.0,"max_hp_loss":0.0,"gold_gain":0.0,"event_name":"Tomb of Lord Red Mask","player_choice":"Ignored","floor":39.0,"gold_loss":0.0,"damage_taken":0.0},{"cards_removed":["Dash"],"damage_healed":0.0,"max_hp_gain":0.0,"max_hp_loss":0.0,"gold_gain":0.0,"event_name":"Falling","player_choice":"Removed Attack","floor":41.0,"gold_loss":0.0,"damage_taken":0.0},{"damage_healed":0.0,"max_hp_gain":0.0,"max_hp_loss":0.0,"gold_gain":0.0,"event_name":"Dead Adventurer","player_choice":"Searched \u00272\u0027 times","floor":55.0,"gold_loss":0.0,"damage_taken":0.0,"relics_obtained":["InkBottle"]},{"cards_removed":["Normality"],"damage_healed":0.0,"max_hp_gain":0.0,"max_hp_loss":0.0,"gold_gain":0.0,"event_name":"Purifier","player_choice":"Purged","floor":56.0,"gold_loss":0.0,"damage_taken":0.0},{"cards_removed":["Cloak And Dagger"],"damage_healed":0.0,"max_hp_gain":0.0,"max_hp_loss":0.0,"gold_gain":0.0,"event_name":"Golden Wing","player_choice":"Card Removal","floor":64.0,"gold_loss":0.0,"damage_taken":7.0},{"damage_healed":0.0,"max_hp_gain":0.0,"max_hp_loss":0.0,"gold_gain":0.0,"event_name":"Golden Idol","player_choice":"Take Damage","floor":66.0,"gold_loss":0.0,"damage_taken":36.0,"relics_obtained":["Golden Idol"]},{"damage_healed":0.0,"max_hp_gain":0.0,"max_hp_loss":0.0,"gold_gain":0.0,"event_name":"Cursed Tome","player_choice":"Obtained Book","floor":72.0,"gold_loss":0.0,"damage_taken":21.0},{"damage_healed":0.0,"max_hp_gain":0.0,"max_hp_loss":0.0,"gold_gain":0.0,"event_name":"Vampires","player_choice":"Ignored","floor":76.0,"gold_loss":0.0,"damage_taken":0.0},{"damage_healed":0.0,"max_hp_gain":0.0,"max_hp_loss":0.0,"gold_gain":0.0,"event_name":"Drug Dealer","player_choice":"Obtain J.A.X.","floor":80.0,"gold_loss":0.0,"damage_taken":0.0,"cards_obtained":["J.A.X."]},{"damage_healed":22.0,"max_hp_gain":0.0,"max_hp_loss":0.0,"gold_gain":0.0,"event_name":"Winding Halls","player_choice":"Writhe","floor":88.0,"gold_loss":0.0,"damage_taken":0.0,"cards_obtained":["Writhe"]},{"damage_healed":0.0,"max_hp_gain":0.0,"max_hp_loss":0.0,"gold_gain":0.0,"event_name":"Tomb of Lord Red Mask","player_choice":"Ignored","floor":90.0,"gold_loss":0.0,"damage_taken":0.0},{"damage_healed":0.0,"max_hp_gain":0.0,"max_hp_loss":0.0,"gold_gain":0.0,"event_name":"MindBloom","player_choice":"Fight","floor":91.0,"gold_loss":0.0,"damage_taken":0.0},{"damage_healed":0.0,"max_hp_gain":0.0,"max_hp_loss":0.0,"gold_gain":0.0,"event_name":"SensoryStone","player_choice":"Memory 3","floor":99.0,"gold_loss":0.0,"damage_taken":10.0}],"is_beta":false,"boss_relics":[{"not_picked":["Empty Cage","Calling Bell"],"picked":"Tiny House"},{"not_picked":["Sozu","Fusion Hammer"],"picked":"Coffee Dripper"},{"not_picked":["Runic Pyramid","Runic Dome"],"picked":"SacredBark"},{"not_picked":["HoveringKite","Snecko Eye"],"picked":"Calling Bell"},{"not_picked":["Empty Cage","Velvet Choker"],"picked":"Ring of the Serpent"},{"not_picked":["Runic Pyramid","Sozu","Astrolabe"]}],"items_purged_floors":[46,71,74,89,98],"is_endless":true,"potions_floor_spawned":[1,4,5,14,19,23,25,30,31,33,35,38,47,48,50,51,53,54,55,57,59,60,62,63,65,68,70,73,77,78,79,81,82,83,85,87,91,93,94,95,96,97,100,102,103],"killed_by":"Jaw Worm","ascension_level":20}}