{"host":"iphsb0ccnjx0pfn6","time":1611642346,"event":{"mods":["2.2 Compatiblity","AchievementEnabler","BaseMod","Colored Map","DeckTracker","Keyboard Shortcuts","Minty Spire (QoL Compilation)","Permanent Neow","Quick Restart","Relic Stats","StSLib","SuperFastMode","Uncapped","everything is the same but u backflip on backflip"],"gold_per_floor":[173,117,192,205,223,236,236,262,40,40,40,40],"floor_reached":10,"language":"KOR","playtime":222,"items_purged":["Strike_G"],"score":136,"play_id":"b8efdb76-b9d0-4496-926d-b2a94d4bacfd","local_time":"20210126152546","is_ascension_mode":true,"campfire_choices":[{"data":"A Thousand Cuts","floor":6,"key":"SMITH"}],"circlet_count":0,"master_deck":["AscendersBane","Strike_G","Strike_G","Strike_G","Strike_G","Defend_G","Defend_G","Defend_G","Defend_G","Defend_G","Survivor","Neutralize","A Thousand Cuts+1","Masterful Stab","Prepared","Leg Sweep","Quick Slash","Blade Dance","Blade Dance"],"relics":["Ring of the Snake","Sundial","Membership Card","Molten Egg 2"],"acts_visited":["Exordium"],"potions_floor_usage":[7,10],"damage_taken":[{"damage":15,"enemies":"Small Slimes","floor":1,"turns":5},{"damage":0,"enemies":"Jaw Worm","floor":3,"turns":4},{"damage":9,"enemies":"Cultist","floor":4,"turns":4},{"damage":3,"enemies":"Looter","floor":5,"turns":5},{"damage":2,"enemies":"3 Sentries","floor":7,"turns":5},{"damage":22,"enemies":"Gremlin Nob","floor":10,"turns":4}],"seed_played":"2523236453103829624","potions_obtained":[{"floor":1,"key":"Block Potion"},{"floor":3,"key":"Explosive Potion"}],"is_trial":false,"path_per_floor":["M","?","M","M","M","R","E","$","T","E"],"character_chosen":"THE_SILENT","items_purchased":["Membership Card","Blade Dance"],"campfire_rested":0,"item_purchase_floors":[8,8],"current_hp_per_floor":[18,44,33,33,24,21,21,19,19,19,0,0],"gold":40,"neow_bonus":"ONE_RANDOM_RARE_CARD","is_daily":false,"chose_seed":false,"campfire_upgraded":1,"win_rate":0.0,"timestamp":1611642346,"path_taken":["M","?","M","M","M","R","E","$","T","E"],"items_purchased_type":["Relic","Card"],"build_version":"2020-12-22","purchased_purges":1,"victory":false,"max_hp_per_floor":[66,66,66,66,66,66,66,66,66,66,66,66],"relic_stats":{"counters":[6,27],"Sundial":[0],"obtain_stats":[{"Sundial":7,"Molten Egg 2":9,"Membership Card":8,"Ring of the Snake":0},{"Sundial":5,"Molten Egg 2":5,"Membership Card":5,"Ring of the Snake":0},{"Sundial":23,"Molten Egg 2":23,"Membership Card":23,"Ring of the Snake":0}],"Ring of the Snake":[12]},"card_choices":[{"not_picked":["Dagger Throw","Tactician"],"picked":"Masterful Stab","floor":1},{"not_picked":["Deadly Poison","Slice"],"picked":"Prepared","floor":3},{"not_picked":["PiercingWail","Flying Knee"],"picked":"Leg Sweep","floor":4},{"not_picked":["Blur","Prepared"],"picked":"Quick Slash","floor":5},{"not_picked":["A Thousand Cuts","Dash"],"picked":"Blade Dance","floor":7}],"player_experience":1279521,"relics_obtained":[{"floor":7,"key":"Sundial"},{"floor":9,"key":"Molten Egg 2"}],"event_choices":[{"damage_healed":0,"gold_gain":75,"player_choice":"Gather Gold","damage_taken":11,"max_hp_gain":0,"max_hp_loss":0,"event_name":"World of Goop","floor":2,"gold_loss":0}],"is_beta":false,"boss_relics":[],"items_purged_floors":[8],"is_endless":false,"potions_floor_spawned":[1,3,4],"killed_by":"Gremlin Nob","ascension_level":20}}