{"host":"3qsmo3lm67voi999","time":1611682271,"event":{"mods":["BaseMod","Minty Spire (QoL Compilation)"],"gold_per_floor":[99,99,99,59,59,59,59,59,59,59,59,59,59,59,59,59,59,0,0,0,0,0,0,0,0,0,0,0,0,0,0,0,0,0],"floor_reached":33,"language":"ENG","playtime":1223,"items_purged":[],"score":678,"play_id":"7f21e9ed-e5be-4341-97f6-b36f917dfe85","local_time":"20210126183111","is_ascension_mode":true,"campfire_choices":[{"floor":7.0,"key":"REST"},{"floor":11,"key":"REST"},{"floor":13,"key":"REST"},{"data":"Disarm","floor":15,"key":"SMITH"},{"data":"Armaments","floor":23,"key":"SMITH"},{"floor":25,"key":"REST"},{"data":"Shockwave","floor":29,"key":"SMITH"},{"floor":32,"key":"REST"}],"circlet_count":0,"master_deck":["AscendersBane","Strike_R","Strike_R","Strike_R","Strike_R","Defend_R","Defend_R","Defend_R","Bash","Clothesline","Cleave","Battle Trance","Armaments+1","Metallicize","Bludgeon","Shockwave+1","Disarm+1","Immolate","Rampage","Wild Strike","Body Slam","Pommel Strike"],"relics":["Ectoplasm","Potion Belt","Bottled Flame","Ornamental Fan","HornCleat","Black Star","Mango","Paper Frog","Pear","Sundial","Omamori"],"acts_visited":["Exordium","TheCity"],"potions_floor_usage":[8,14,33],"damage_taken":[{"damage":7.0,"enemies":"Jaw Worm","floor":1.0,"turns":2.0},{"damage":8.0,"enemies":"Small Slimes","floor":2.0,"turns":3.0},{"damage":8.0,"enemies":"2 Louse","floor":3.0,"turns":3.0},{"damage":13.0,"enemies":"Exordium Thugs","floor":4.0,"turns":4.0},{"damage":0.0,"enemies":"Large Slime","floor":5.0,"turns":3.0},{"damage":28.0,"enemies":"Gremlin Nob","floor":6.0,"turns":4.0},{"damage":16,"enemies":"Lagavulin","floor":8,"turns":8},{"damage":12,"enemies":"Lots of Slimes","floor":12,"turns":4},{"damage":10,"enemies":"Gremlin Nob","floor":14,"turns":3},{"damage":0,"enemies":"Hexaghost","floor":16,"turns":10},{"damage":14,"enemies":"2 Thieves","floor":18,"turns":4},{"damage":1,"enemies":"3 Byrds","floor":22,"turns":4},{"damage":34,"enemies":"Gremlin Leader","floor":24,"turns":6},{"damage":23,"enemies":"Slavers","floor":27,"turns":5},{"damage":0,"enemies":"3 Cultists","floor":31,"turns":3},{"damage":88,"enemies":"Champ","floor":33,"turns":10}],"seed_played":"990618703702605912","potions_obtained":[{"floor":2.0,"key":"DuplicationPotion"},{"floor":6.0,"key":"Explosive Potion"},{"floor":12,"key":"HeartOfIron"},{"floor":31,"key":"BlessingOfTheForge"}],"is_trial":false,"path_per_floor":["M","M","M","M","M","E","R","E","T","?","R","M","R","E","R","B",null,"M","?","?","?","M","R","E","R","T","E","$","R","?","M","R","B"],"character_chosen":"IRONCLAD","items_purchased":[],"campfire_rested":5,"item_purchase_floors":[],"current_hp_per_floor":[61,53,45,32,32,4,26,10,10,10,32,20,42,32,32,32,64,50,50,50,50,49,49,29,55,65,42,42,42,36,36,65,0,0],"gold":0,"neow_bonus":"BOSS_RELIC","is_daily":false,"chose_seed":false,"campfire_upgraded":3,"win_rate":0.0,"timestamp":1611682271,"path_taken":["M","M","M","M","M","E","R","E","T","?","R","M","R","E","R","BOSS","M","?","?","?","?","R","E","R","T","E","$","R","?","M","R","BOSS"],"items_purchased_type":[],"build_version":"2020-12-22","purchased_purges":0,"victory":false,"max_hp_per_floor":[75,75,75,75,75,75,75,75,75,75,75,75,75,75,75,75,75,75,75,75,75,75,75,89,89,99,99,99,99,99,99,99,99,99],"card_choices":[{"not_picked":["Thunderclap","Anger"],"picked":"Clothesline","floor":1.0},{"not_picked":["Warcry","Dark Embrace","Havoc"],"picked":"SKIP","floor":2.0},{"not_picked":["Reaper","True Grit"],"picked":"Cleave","floor":3.0},{"not_picked":["Heavy Blade","Clash"],"picked":"Battle Trance","floor":4.0},{"not_picked":["Sword Boomerang","Cleave"],"picked":"Armaments","floor":5.0},{"not_picked":["True Grit","Twin Strike"],"picked":"Metallicize","floor":6.0},{"not_picked":["Clothesline","Perfected Strike"],"picked":"Bludgeon","floor":8},{"not_picked":["Body Slam","Twin Strike"],"picked":"Shockwave","floor":12},{"not_picked":["Shrug It Off","Rage"],"picked":"Disarm","floor":14},{"not_picked":["Double Tap","Reaper"],"picked":"Immolate","floor":16},{"not_picked":["Cleave","Wild Strike"],"picked":"Rampage","floor":18},{"not_picked":["Cleave","Armaments","Clothesline"],"picked":"SKIP","floor":22},{"not_picked":["Anger+1","Pommel Strike","Power Through"],"picked":"SKIP","floor":24},{"not_picked":["Fiend Fire","Rupture"],"picked":"Pommel Strike","floor":27},{"not_picked":["Thunderclap","Pommel Strike","Headbutt"],"picked":"SKIP","floor":31}],"player_experience":351744,"relics_obtained":[{"floor":6.0,"key":"Potion Belt"},{"floor":8,"key":"Bottled Flame"},{"floor":9,"key":"Ornamental Fan"},{"floor":14,"key":"HornCleat"},{"floor":24,"key":"Mango"},{"floor":24,"key":"Paper Frog"},{"floor":26,"key":"Pear"},{"floor":27,"key":"Sundial"},{"floor":27,"key":"Omamori"}],"event_choices":[{"damage_healed":0,"gold_gain":71,"player_choice":"Gained Gold","damage_taken":0,"max_hp_gain":0,"max_hp_loss":0,"event_name":"Golden Wing","floor":10,"gold_loss":0},{"damage_healed":0,"gold_gain":0,"cards_transformed":["Strike_R","Defend_R"],"player_choice":"Became Test Subject","damage_taken":0,"max_hp_gain":0,"max_hp_loss":0,"event_name":"Drug Dealer","floor":19,"gold_loss":0,"cards_obtained":["Wild Strike","Body Slam"]},{"damage_healed":0,"gold_gain":0,"player_choice":"0 cards matched","damage_taken":0,"max_hp_gain":0,"max_hp_loss":0,"event_name":"Match and Keep!","floor":21,"gold_loss":0,"cards_obtained":[]},{"damage_healed":0,"gold_gain":0,"player_choice":"","damage_taken":6,"max_hp_gain":0,"max_hp_loss":0,"event_name":"Knowing Skull","floor":30,"potions_obtained":[],"gold_loss":0,"cards_obtained":[]}],"is_beta":false,"boss_relics":[{"not_picked":["Velvet Choker","Sozu"],"picked":"Black Star"}],"items_purged_floors":[],"is_endless":false,"potions_floor_spawned":[2,6,12,31],"killed_by":"Champ","ascension_level":17}}