{"host":"6xga3iob6qevsb35","time":1611676456,"event":{"mods":["ATMod(°¢èªMod)","BaseMod","Lobotomy","Minty Spire (QoL Compilation)","StSLib","The Bug Knight","¡¾ÒÅÎï¿¨ÅÆ¡¿REMEMod"],"gold_per_floor":[115,132,147,147,147,175,188,26,26,26,26,91,91,107,107,107,107,107,107],"floor_reached":16,"language":"ZHS","playtime":678,"items_purged":[],"score":100,"play_id":"542444ea-ee36-43a2-9417-86e1620cfe7d","local_time":"20210126235416","is_ascension_mode":false,"campfire_choices":[{"data":"AT_OneInchPunch","floor":10,"key":"SMITH"},{"floor":15,"key":"REST"}],"circlet_count":0,"master_deck":["HollowMod:NailStrikeStart","HollowMod:NailStrikeStart+1","HollowMod:NailStrikeStart","HollowMod:NailStrikeStart","HollowMod:QuickDashStart+1","HollowMod:QuickDashStart","HollowMod:QuickDashStart","HollowMod:QuickDashStart","HollowMod:FocusHealStart","HollowMod:PogoStrike","Dramatic Entrance","AT_OneInchPunch+1","Scorched","HollowMod:NewLittleFool","SpiderBud","HollowMod:DreamGate","CherryBlossoms","HollowMod:BaldurShell","PunishingBird","HollowMod:MothsMistake","CrumblingArmor","HollowMod:InfectedAttack","Secret Technique","BeautyBeast","HollowMod:SoulStrike+1","FieryBird","HollowMod:NewJinnsSoul"],"relics":["HollowMod:VesselMask","AT_ATBox","REME_ComplimentaryCards","CogitoBucket","AT_BellowingDragoncrestRing","Molten Egg 2","Ancient Tea Set","AT_ImmortalShieldbow","ResearcherNote"],"acts_visited":[],"potions_floor_usage":[],"damage_taken":[{"damage":0,"enemies":"Small Slimes","floor":1,"turns":2},{"damage":0,"enemies":"2 Louse","floor":2,"turns":1},{"damage":0,"enemies":"Cultist","floor":3,"turns":2},{"damage":4,"enemies":"Gremlin Nob","floor":6,"turns":3},{"damage":0,"enemies":"2 Fungi Beasts","floor":7,"turns":1},{"damage":42,"enemies":"3 Sentries","floor":12,"turns":3},{"damage":0,"enemies":"Red Slaver","floor":14,"turns":1},{"damage":0,"enemies":"The Guardian","floor":16,"turns":1},{"damage":100,"enemies":"The Guardian","floor":16,"turns":1}],"seed_played":"-7063102902500812217","potions_obtained":[{"floor":3,"key":"SmokeBomb"},{"floor":7,"key":"GamblersBrew"},{"floor":14,"key":"SmokeBomb"}],"is_trial":false,"path_per_floor":["M","M","M","?","?","E","M","$","T","R","?","?","?","M","R","B"],"character_chosen":"THE_BUGKNIGHT","items_purchased":["Secret Technique"],"campfire_rested":1,"item_purchase_floors":[8],"current_hp_per_floor":[75,75,75,75,60,56,56,56,56,56,56,18,11,11,33,33,33,0,0],"gold":107,"neow_bonus":"","is_daily":false,"chose_seed":false,"campfire_upgraded":1,"win_rate":0.0,"timestamp":1611676456,"path_taken":["M","M","M","?","?","E","M","$","T","R","?","?","?","M","R","BOSS"],"items_purchased_type":["Card"],"build_version":"2020-12-22","purchased_purges":0,"victory":false,"max_hp_per_floor":[75,75,75,75,75,75,75,75,75,75,75,75,75,75,75,75,75,75,75],"card_choices":[{"not_picked":["Freischutz","VoidDream"],"picked":"Scorched","floor":1},{"not_picked":["HollowMod:SoulSplash","HollowMod:DescendingDark"],"picked":"HollowMod:NewLittleFool","floor":1},{"not_picked":["PunishingBird","Alriune"],"picked":"SpiderBud","floor":2},{"not_picked":["HollowMod:SoulStrike","HollowMod:CloakDash"],"picked":"HollowMod:DreamGate","floor":2},{"not_picked":["MeatLantern","Bloodbath"],"picked":"CherryBlossoms","floor":3},{"not_picked":["HollowMod:MonarchWings","HollowMod:CoiledNail"],"picked":"HollowMod:BaldurShell","floor":3},{"not_picked":["MeatLantern","VoidDream"],"picked":"PunishingBird","floor":6},{"not_picked":["HollowMod:HuntersJournal","HollowMod:DescendingDark"],"picked":"HollowMod:MothsMistake","floor":6},{"not_picked":["MeatLantern","MHz"],"picked":"CrumblingArmor","floor":7},{"not_picked":["HollowMod:BlackTendrils","HollowMod:GoodIntentions"],"picked":"HollowMod:InfectedAttack","floor":7},{"not_picked":["MeatLantern","MHz"],"picked":"BeautyBeast","floor":12},{"not_picked":["HollowMod:SiblingsShadow","HollowMod:Grubsong"],"picked":"HollowMod:SoulStrike+1","floor":12},{"not_picked":["Wellcheers","Alriune"],"picked":"FieryBird","floor":14},{"not_picked":["HollowMod:GoodIntentions","HollowMod:TaintedHusks"],"picked":"HollowMod:NewJinnsSoul","floor":14}],"player_experience":5352,"relics_obtained":[{"floor":6,"key":"AT_BellowingDragoncrestRing"},{"floor":9,"key":"Molten Egg 2"},{"floor":12,"key":"Ancient Tea Set"}],"event_choices":[{"damage_healed":0,"gold_gain":0,"player_choice":"Ignored","damage_taken":0,"max_hp_gain":0,"max_hp_loss":0,"event_name":"Liars Game","floor":4,"gold_loss":0},{"damage_healed":0,"gold_gain":0,"player_choice":"Entered Light","damage_taken":15,"max_hp_gain":0,"max_hp_loss":0,"event_name":"Shining Light","floor":5,"gold_loss":0,"cards_upgraded":["HollowMod:NailStrikeStart","HollowMod:QuickDashStart"]},{"damage_healed":0,"gold_gain":30,"player_choice":"Searched \u00273\u0027 times","damage_taken":0,"max_hp_gain":0,"max_hp_loss":0,"event_name":"Dead Adventurer","floor":12,"gold_loss":0},{"damage_healed":0,"gold_gain":0,"player_choice":"Success","damage_taken":7,"relics_obtained":["AT_ImmortalShieldbow"],"max_hp_gain":0,"max_hp_loss":0,"event_name":"Scrap Ooze","floor":13,"gold_loss":0}],"is_beta":false,"boss_relics":[],"items_purged_floors":[],"is_endless":false,"potions_floor_spawned":[3,7,14],"killed_by":"The Guardian","ascension_level":0}}