{"host":"vyjryxuuuxkt43k4","time":1611657724,"event":{"mods":["AchievementEnabler","BaseMod","Colored Map","DeckTracker","Keyboard Shortcuts","Minty Spire (QoL Compilation)","Permanent Neow","Quick Restart","Rare Cards Sparkle","StSLib","SuperFastMode","everything is the same but u backflip on backflip"],"gold_per_floor":[116,116,116,132,157,157,173,173,173,214,248,282,307,350,350,446,446,465,19,19,38,57,57,95,95,120,151,174,224,247,38,38,136,136,159,159,159,159,209,252,252,4,29,48,92,107,127,97,97,97,97,97,97,54,95,95,95],"floor_reached":56,"language":"KOR","playtime":3124,"items_purged":["Strike_R","Strike_R"],"score":2055,"play_id":"3a64eb51-581f-4cfc-bb2e-6648dcdb103c","local_time":"20210126194204","is_ascension_mode":true,"campfire_choices":[{"data":"Immolate","floor":6.0,"key":"SMITH"},{"data":"Seeing Red","floor":8.0,"key":"SMITH"},{"data":"Inflame","floor":15.0,"key":"SMITH"},{"data":"Corruption","floor":23.0,"key":"SMITH"},{"floor":25.0,"key":"REST"},{"data":"Barricade","floor":32.0,"key":"SMITH"},{"floor":41.0,"key":"REST"},{"floor":49.0,"key":"RECALL"},{"data":"Entrench","floor":53.0,"key":"SMITH"}],"circlet_count":0,"master_deck":["AscendersBane","Defend_R","Defend_R","Defend_R","Defend_R","Bash","Evolve","Shrug It Off","Flame Barrier","Immolate+1","Dark Embrace+1","Seeing Red+1","Headbutt","Inflame+1","Dual Wield","Corruption+1","Warcry+1","Pommel Strike","Burning Pact","Shockwave","Barricade+1","Entrench+1","Reaper","Feed","Flex+1","Feel No Pain","True Grit+1","Apotheosis+1","Havoc+1","Burning Pact+1","Sentinel+1","Fire Breathing","Rage+1"],"relics":["Burning Blood","Golden Idol","The Courier","Ice Cream","Odd Mushroom","Red Skull","Prayer Wheel","Mark of Pain","ClockworkSouvenir","Incense Burner","Turnip","Ancient Tea Set","Anchor","Medical Kit","SacredBark","Toxic Egg 2","Orichalcum","Blood Vial"],"acts_visited":["Exordium","TheCity","TheBeyond","TheEnding"],"potions_floor_usage":[56],"damage_taken":[{"damage":8.0,"enemies":"Small Slimes","floor":1.0,"turns":5.0},{"damage":0.0,"enemies":"2 Louse","floor":4.0,"turns":2.0},{"damage":7.0,"enemies":"Jaw Worm","floor":5.0,"turns":4.0},{"damage":0.0,"enemies":"Gremlin Gang","floor":7.0,"turns":1.0},{"damage":20.0,"enemies":"Lagavulin","floor":10.0,"turns":5.0},{"damage":0.0,"enemies":"The Mushroom Lair","floor":11.0,"turns":2.0},{"damage":11.0,"enemies":"Gremlin Nob","floor":12.0,"turns":3.0},{"damage":7.0,"enemies":"Looter","floor":13.0,"turns":4.0},{"damage":5.0,"enemies":"Lagavulin","floor":14.0,"turns":5.0},{"damage":26.0,"enemies":"Slime Boss","floor":16.0,"turns":5.0},{"damage":9.0,"enemies":"Chosen","floor":18.0,"turns":5.0},{"damage":22.0,"enemies":"3 Byrds","floor":21.0,"turns":3.0},{"damage":1.0,"enemies":"Snecko","floor":22.0,"turns":4.0},{"damage":41.0,"enemies":"Book of Stabbing","floor":24.0,"turns":5.0},{"damage":0.0,"enemies":"Gremlin Leader","floor":27.0,"turns":4.0},{"damage":0.0,"enemies":"3 Cultists","floor":28.0,"turns":4.0},{"damage":2.0,"enemies":"Centurion and Healer","floor":30.0,"turns":6.0},{"damage":4.0,"enemies":"Collector","floor":33.0,"turns":5.0},{"damage":0.0,"enemies":"3 Darklings","floor":35.0,"turns":3.0},{"damage":0.0,"enemies":"3 Shapes","floor":37.0,"turns":1.0},{"damage":59.0,"enemies":"Reptomancer","floor":40.0,"turns":5.0},{"damage":0.0,"enemies":"Sphere and 2 Shapes","floor":44.0,"turns":5.0},{"damage":0.0,"enemies":"Giant Head","floor":45.0,"turns":8.0},{"damage":0.0,"enemies":"Writhing Mass","floor":46.0,"turns":5.0},{"damage":22.0,"enemies":"Jaw Worm Horde","floor":47.0,"turns":5.0},{"damage":51.0,"enemies":"Awakened One","floor":50.0,"turns":9.0},{"damage":44.0,"enemies":"Time Eater","floor":51.0,"turns":12.0},{"damage":123.0,"enemies":"Shield and Spear","floor":55.0,"turns":7.0},{"damage":20,"enemies":"The Heart","floor":56,"turns":3}],"seed_played":"-5293248841110695406","potions_obtained":[{"floor":1.0,"key":"PowerPotion"},{"floor":4.0,"key":"CultistPotion"},{"floor":11.0,"key":"SpeedPotion"},{"floor":14.0,"key":"SmokeBomb"},{"floor":16.0,"key":"PowerPotion"},{"floor":22.0,"key":"Explosive Potion"},{"floor":27.0,"key":"SteroidPotion"},{"floor":33.0,"key":"ElixirPotion"},{"floor":40.0,"key":"Fire Potion"},{"floor":47.0,"key":"Strength Potion"},{"floor":55.0,"key":"Dexterity Potion"}],"is_trial":false,"path_per_floor":["M","?","?","M","M","R","M","R","T","E","?","E","M","E","R","B",null,"M","$","?","M","M","R","E","R","T","E","M","?","M","$","R","B",null,"M","?","M","?","?","E","R","$","T","M","E","M","M","$","R","B","B",null,"R","$","E","B"],"character_chosen":"IRONCLAD","items_purchased":["ClockworkSouvenir","Incense Burner","Medical Kit","Apotheosis+1","FairyPotion","Fire Breathing","SteroidPotion"],"campfire_rested":2,"item_purchase_floors":[19,19,31,42,42,48,54],"current_hp_per_floor":[66,43,43,49,48,48,54,54,54,40,46,41,40,41,41,21,56,53,53,53,37,42,42,7,27,27,33,39,39,55,55,55,68,68,68,68,68,65,65,12,31,31,31,65,73,77,81,81,81,54,38,70,70,70,18,0,0],"gold":95,"neow_bonus":"TRANSFORM_TWO_CARDS","is_daily":false,"chose_seed":false,"campfire_upgraded":6,"win_rate":0.0,"timestamp":1611657724,"path_taken":["M","?","?","M","M","R","M","R","T","E","?","E","M","E","R","BOSS","M","$","?","M","M","R","E","R","T","E","M","?","?","$","R","BOSS","M","?","M","?","?","E","R","$","T","M","E","M","?","?","R","BOSS","BOSS","R","$","E","BOSS"],"items_purchased_type":["Relic","Relic","Relic","Card","Potion","Card","Potion"],"build_version":"2020-12-22","purchased_purges":2,"victory":false,"max_hp_per_floor":[68,68,68,68,68,68,68,68,68,68,68,68,68,68,68,68,68,68,68,68,68,68,68,68,68,68,68,68,68,68,68,68,68,68,68,68,68,65,65,65,65,65,65,69,73,77,81,81,81,81,81,81,81,81,81,81,81],"card_choices":[{"not_picked":["Bloodletting","Disarm"],"picked":"Flame Barrier","floor":1.0},{"not_picked":["Flame Barrier","Perfected Strike"],"picked":"Dark Embrace","floor":4.0},{"not_picked":["Clothesline","Twin Strike"],"picked":"Seeing Red","floor":5.0},{"not_picked":["Pommel Strike","Cleave"],"picked":"Headbutt","floor":7.0},{"not_picked":["Combust","Clothesline"],"picked":"Inflame","floor":10.0},{"not_picked":["Bloodletting","True Grit","Infernal Blade"],"picked":"SKIP","floor":12.0},{"not_picked":["Infernal Blade","Seeing Red","Sword Boomerang"],"picked":"SKIP","floor":13.0},{"not_picked":["Uppercut","Immolate"],"picked":"Dual Wield","floor":14.0},{"not_picked":["Reaper","Fiend Fire"],"picked":"Corruption","floor":16.0},{"not_picked":["Sword Boomerang","Body Slam"],"picked":"Warcry+1","floor":18.0},{"not_picked":["Twin Strike","Iron Wave","Clothesline"],"picked":"SKIP","floor":18.0},{"not_picked":["Perfected Strike","Bloodletting"],"picked":"Pommel Strike","floor":21.0},{"not_picked":["Dark Embrace","Heavy Blade","Clothesline"],"picked":"SKIP","floor":21.0},{"not_picked":["Sword Boomerang","Blood for Blood"],"picked":"Burning Pact","floor":22.0},{"not_picked":["Body Slam","Cleave","Armaments"],"picked":"SKIP","floor":22.0},{"not_picked":["Spot Weakness","Anger"],"picked":"Shockwave","floor":24.0},{"not_picked":["Dual Wield+1","Perfected Strike"],"picked":"Barricade","floor":27.0},{"not_picked":["Shrug It Off","Seeing Red"],"picked":"Entrench","floor":28.0},{"not_picked":["Thunderclap","Wild Strike"],"picked":"Reaper","floor":28.0},{"not_picked":["Flex","Wild Strike","Twin Strike"],"picked":"SKIP","floor":30.0},{"not_picked":["Seeing Red","Pommel Strike","Headbutt"],"picked":"SKIP","floor":30.0},{"not_picked":["Barricade","Demon Form"],"picked":"Feed","floor":33.0},{"not_picked":["Disarm","Twin Strike"],"picked":"Flex+1","floor":35.0},{"not_picked":["Flex","Uppercut+1"],"picked":"Feel No Pain","floor":35.0},{"not_picked":["Rupture+1","Warcry+1"],"picked":"True Grit+1","floor":40.0},{"not_picked":["Evolve","Cleave","Anger"],"picked":"SKIP","floor":44.0},{"not_picked":["Carnage","Perfected Strike","Anger+1"],"picked":"SKIP","floor":44.0},{"not_picked":["Blood for Blood","Corruption"],"picked":"Havoc+1","floor":45.0},{"not_picked":["Flex+1","Shrug It Off+1"],"picked":"Burning Pact+1","floor":46.0},{"not_picked":["Wild Strike","Headbutt"],"picked":"Sentinel+1","floor":46.0},{"not_picked":["Heavy Blade","Pommel Strike","Perfected Strike+1"],"picked":"SKIP","floor":47.0},{"not_picked":["Perfected Strike","Wild Strike","Whirlwind"],"picked":"SKIP","floor":47.0},{"not_picked":["Evolve","Thunderclap"],"picked":"Rage+1","floor":55.0}],"player_experience":372139,"relics_obtained":[{"floor":9.0,"key":"The Courier"},{"floor":10.0,"key":"Ice Cream"},{"floor":11.0,"key":"Odd Mushroom"},{"floor":12.0,"key":"Red Skull"},{"floor":14.0,"key":"Prayer Wheel"},{"floor":24.0,"key":"Turnip"},{"floor":26.0,"key":"Ancient Tea Set"},{"floor":27.0,"key":"Anchor"},{"floor":40.0,"key":"Toxic Egg 2"},{"floor":45.0,"key":"Orichalcum"},{"floor":55.0,"key":"Blood Vial"}],"event_choices":[{"damage_healed":0.0,"max_hp_gain":0.0,"max_hp_loss":0.0,"gold_gain":0.0,"event_name":"Golden Idol","player_choice":"Take Damage","floor":2.0,"gold_loss":0.0,"damage_taken":23.0,"relics_obtained":["Golden Idol"]},{"damage_healed":0.0,"max_hp_gain":0.0,"max_hp_loss":0.0,"gold_gain":0.0,"cards_transformed":["Strike_R"],"event_name":"Living Wall","player_choice":"Change","floor":3.0,"gold_loss":0.0,"damage_taken":0.0,"cards_obtained":["Immolate"]},{"damage_healed":0.0,"max_hp_gain":0.0,"max_hp_loss":0.0,"gold_gain":0.0,"event_name":"Mushrooms","player_choice":"Fought Mushrooms","floor":11.0,"gold_loss":0.0,"damage_taken":0.0},{"damage_healed":0.0,"max_hp_gain":0.0,"max_hp_loss":0.0,"gold_gain":0.0,"event_name":"Ghosts","player_choice":"Ignored","floor":20.0,"gold_loss":0.0,"damage_taken":0.0},{"damage_healed":0.0,"max_hp_gain":0.0,"max_hp_loss":0.0,"gold_gain":50.0,"event_name":"Golden Shrine","player_choice":"Pray","floor":29.0,"gold_loss":0.0,"damage_taken":0.0},{"damage_healed":0.0,"max_hp_gain":0.0,"max_hp_loss":0.0,"gold_gain":0.0,"event_name":"Accursed Blacksmith","player_choice":"Forge","floor":36.0,"gold_loss":0.0,"damage_taken":0.0,"cards_upgraded":["Dark Embrace"]},{"damage_healed":0.0,"max_hp_gain":0.0,"max_hp_loss":3.0,"gold_gain":0.0,"event_name":"Winding Halls","player_choice":"Max HP","floor":38.0,"gold_loss":0.0,"damage_taken":0.0},{"damage_healed":0.0,"max_hp_gain":0.0,"max_hp_loss":0.0,"gold_gain":50.0,"event_name":"Golden Shrine","player_choice":"Pray","floor":39.0,"gold_loss":0.0,"damage_taken":0.0}],"is_beta":false,"boss_relics":[{"not_picked":["Tiny House","Ectoplasm"],"picked":"Mark of Pain"},{"not_picked":["Black Blood","Calling Bell"],"picked":"SacredBark"}],"items_purged_floors":[19,31],"is_endless":false,"potions_floor_spawned":[1,4,11,14,16,22,27,28,33,37,40,47,55],"killed_by":"The Heart","ascension_level":20}}