{"host":"hc8xbdd8p6sd75vx","time":1611644864,"event":{"mods":["AchievementEnabler","AlwaysNeverKeys","BaseMod","Better Altar","Better Match","Better Sensory Stone","Better Skull","Better Third Choice","Colored Map","Hermit","Minty Spire (QoL Compilation)","Quick Restart","Shade Mod","Shop Mod","Spicy Shops","StSLib","The Servant 0.9.4"],"gold_per_floor":[111,125,135,149,149,149,177,177,177,177,177,192,192,11,11,113,113,126,126,47,47,65,65,65],"floor_reached":23,"language":"ENG","playtime":720,"items_purged":[],"score":220,"play_id":"23a08722-7227-43a8-9225-ff7e0dc9807c","local_time":"20210125230744","is_ascension_mode":true,"campfire_choices":[{"data":"Bouncing Flask","floor":6.0,"key":"SMITH"},{"floor":8.0,"key":"REST"},{"floor":15,"key":"REST"}],"circlet_count":0,"master_deck":["Strike_G","Strike_G","Strike_G","Strike_G","Strike_G","Defend_G","Defend_G+1","Defend_G+1","Defend_G","Defend_G","Survivor","Neutralize","Crippling Poison+1","Bouncing Flask+1","Catalyst","Caltrops","Accuracy","Phantasmal Killer","Poisoned Stab","Necronomicurse","Blade Dance","Poisoned Stab"],"relics":["MerchantsRug","HoveringKite","Necronomicon"],"acts_visited":["Exordium","TheCity"],"potions_floor_usage":[23],"damage_taken":[{"damage":0.0,"enemies":"Cultist","floor":1.0,"turns":5.0},{"damage":11.0,"enemies":"2 Louse","floor":2.0,"turns":3.0},{"damage":0.0,"enemies":"Jaw Worm","floor":3.0,"turns":4.0},{"damage":5.0,"enemies":"Gremlin Gang","floor":4.0,"turns":5.0},{"damage":12.0,"enemies":"Lagavulin","floor":7.0,"turns":5.0},{"damage":14.0,"enemies":"Lots of Slimes","floor":11.0,"turns":2.0},{"damage":5.0,"enemies":"Red Slaver","floor":12.0,"turns":4.0},{"damage":15,"enemies":"The Guardian","floor":16,"turns":8},{"damage":0,"enemies":"3 Byrds","floor":18,"turns":4},{"damage":18,"enemies":"Chosen","floor":22,"turns":5},{"damage":37,"enemies":"Book of Stabbing","floor":23,"turns":4}],"seed_played":"-4325297479547315430","potions_obtained":[{"floor":1.0,"key":"Weak Potion"},{"floor":3.0,"key":"Poison Potion"},{"floor":4.0,"key":"Ancient Potion"},{"floor":7.0,"key":"SmokeBomb"},{"floor":18,"key":"FearPotion"},{"floor":21,"key":"AttackPotion"}],"is_trial":false,"path_per_floor":["M","M","M","M","?","R","E","R","T","?","M","M","?","$","R","B",null,"M","?","$","?","M","E"],"character_chosen":"THE_SILENT","items_purchased":["MerchantsRug","Accuracy","Blade Dance"],"campfire_rested":2,"item_purchase_floors":[14,14,20],"current_hp_per_floor":[70,59,59,54,54,54,42,63,63,63,49,44,37,37,58,43,70,70,54,54,54,36,0,0],"gold":65,"neow_bonus":"BOSS_RELIC","is_daily":false,"chose_seed":false,"campfire_upgraded":1,"win_rate":0.0,"timestamp":1611644864,"path_taken":["M","M","?","M","?","R","E","R","T","?","?","?","?","$","R","BOSS","M","?","$","?","?","E"],"items_purchased_type":["Relic","Card","Card"],"build_version":"2020-12-22","purchased_purges":0,"victory":false,"max_hp_per_floor":[70,70,70,70,70,70,70,70,70,70,70,70,70,70,70,70,70,70,70,70,70,70,70,70],"card_choices":[{"not_picked":["Well Laid Plans","All Out Attack"],"picked":"Crippling Poison","floor":1.0},{"not_picked":["Flying Knee","Concentrate","Tactician"],"picked":"SKIP","floor":2.0},{"not_picked":["PiercingWail","Flechettes","Dagger Throw"],"picked":"SKIP","floor":3.0},{"not_picked":["Flechettes","Deadly Poison"],"picked":"Bouncing Flask","floor":4.0},{"not_picked":["Terror","Calculated Gamble"],"picked":"Catalyst","floor":7.0},{"not_picked":["Predator","Tactician"],"picked":"Caltrops","floor":12.0},{"not_picked":["Grand Finale","Malaise"],"picked":"Phantasmal Killer","floor":16},{"not_picked":["Dagger Throw+1","Quick Slash+1"],"picked":"Poisoned Stab","floor":18},{"not_picked":["Dagger Throw","Prepared"],"picked":"Poisoned Stab","floor":22}],"player_experience":234585,"relics_obtained":[{"floor":7.0,"key":"War Paint"},{"floor":9.0,"key":"Orichalcum"},{"floor":19,"key":"Necronomicon"}],"event_choices":[{"damage_healed":0.0,"max_hp_gain":0.0,"max_hp_loss":0.0,"gold_gain":0.0,"event_name":"Living Wall","player_choice":"Grow","floor":5.0,"gold_loss":0.0,"damage_taken":0.0,"cards_upgraded":["Crippling Poison"]},{"damage_healed":0.0,"max_hp_gain":0.0,"max_hp_loss":0.0,"gold_gain":0.0,"event_name":"Wheel of Change","player_choice":"Cursed","floor":10.0,"gold_loss":0.0,"damage_taken":0.0,"cards_obtained":["Decay"]},{"cards_removed":["Decay"],"damage_healed":0.0,"max_hp_gain":0.0,"max_hp_loss":0.0,"gold_gain":0.0,"event_name":"Golden Wing","player_choice":"Card Removal","floor":13.0,"gold_loss":0.0,"damage_taken":7.0},{"damage_healed":0,"gold_gain":0,"player_choice":"Obtained Book","damage_taken":16,"max_hp_gain":0,"max_hp_loss":0,"event_name":"Cursed Tome","floor":19,"gold_loss":0},{"damage_healed":0,"gold_gain":0,"player_choice":"Got Potions","damage_taken":0,"max_hp_gain":0,"max_hp_loss":0,"event_name":"Lab","floor":21,"gold_loss":0}],"is_beta":false,"boss_relics":[{"not_picked":["Pandora\u0027s Box","Calling Bell"],"picked":"HoveringKite"}],"items_purged_floors":[],"is_endless":false,"potions_floor_spawned":[1,3,4,7,18,22],"killed_by":"Book of Stabbing","ascension_level":3}}