{"host":"8a3jzv7qxg3y7b6t","time":1611644481,"event":{"mods":["BaseMod","Better Third Choice","Downfall","Hermit","Minty Spire (QoL Compilation)","Relic Stats","StSLib","The Bug Knight","The Cursed"],"gold_per_floor":[112,132,132,143,73,107,124,138,138,148,173,17,33,66,66,169,169,180,199,199,10,23,23,23,23],"floor_reached":24,"language":"ENG","playtime":1209,"items_purged":[],"score":297,"play_id":"7711f937-b105-4bb2-bad8-b8871d38bf2c","local_time":"20210125230121","is_ascension_mode":true,"campfire_choices":[{"floor":15,"key":"RECALL"},{"data":"TalkToTheHand","floor":23,"key":"SMITH"}],"circlet_count":0,"master_deck":["Strike_P","Strike_P","Strike_P","Strike_P","Defend_P","Defend_P","Defend_P","Defend_P","Eruption","Vigilance","WindmillStrike+1","Crescendo","ClearTheMind","TalkToTheHand+1","BattleHymn","Fasting2","CrushJoints","EmptyFist","FollowUp","MasterReality","Establishment","FlyingSleeves","CarveReality","Fasting2","Halt"],"relics":["Coffee Dripper","Happy Flower","Sundial","Damaru","Incense Burner","Black Star","Strange Spoon"],"acts_visited":["Exordium","TheCity"],"potions_floor_usage":[6,11,14,19,24,24],"damage_taken":[{"damage":0,"enemies":"Jaw Worm","floor":1,"turns":4},{"damage":0,"enemies":"Cultist","floor":2,"turns":2},{"damage":0,"enemies":"Small Slimes","floor":4,"turns":3},{"damage":28,"enemies":"Gremlin Nob","floor":6,"turns":4},{"damage":1,"enemies":"Red Slaver","floor":7,"turns":3},{"damage":6,"enemies":"3 Louse","floor":8,"turns":3},{"damage":7,"enemies":"2 Fungi Beasts","floor":10,"turns":3},{"damage":14,"enemies":"Lagavulin","floor":11,"turns":5},{"damage":0,"enemies":"Exordium Thugs","floor":13,"turns":4},{"damage":6,"enemies":"Gremlin Nob","floor":14,"turns":3},{"damage":0,"enemies":"Slime Boss","floor":16,"turns":4},{"damage":14,"enemies":"Shell Parasite","floor":18,"turns":3},{"damage":4,"enemies":"Chosen","floor":19,"turns":3},{"damage":24,"enemies":"3 Cultists","floor":22,"turns":5},{"damage":44,"enemies":"Slavers","floor":24,"turns":4}],"seed_played":"-1898405546695573493","potions_obtained":[{"floor":1,"key":"LiquidBronze"},{"floor":4,"key":"DuplicationPotion"},{"floor":7,"key":"SkillPotion"},{"floor":11,"key":"GamblersBrew"},{"floor":13,"key":"LiquidBronze"},{"floor":18,"key":"Weak Potion"}],"is_trial":false,"path_per_floor":["M","M","?","M","$","E","M","M","T","M","E","$","M","E","R","B",null,"M","M","?","$","M","R","E"],"character_chosen":"WATCHER","items_purchased":["TalkToTheHand","Damaru","Strange Spoon","Fasting2"],"campfire_rested":0,"item_purchase_floors":[5,12,21,21],"current_hp_per_floor":[72,72,72,72,72,44,43,37,37,30,16,16,16,10,10,10,72,58,54,72,72,48,48,4,4],"gold":23,"neow_bonus":"BOSS_RELIC","is_daily":false,"chose_seed":false,"campfire_upgraded":1,"win_rate":0.0,"timestamp":1611644481,"path_taken":["M","M","?","M","$","E","M","M","T","M","E","?","M","E","R","BOSS","M","M","?","$","?","R","E"],"items_purchased_type":["Card","Relic","Relic","Card"],"build_version":"2020-12-22","purchased_purges":0,"victory":false,"max_hp_per_floor":[72,72,72,72,72,72,72,72,72,72,72,72,72,72,72,72,72,72,72,72,72,72,72,72,72],"relic_stats":{"Strange Spoon":[5],"Happy Flower":[13],"counters":[15,53],"Sundial":[0],"Black Star":0,"obtain_stats":[{"Strange Spoon":21,"Happy Flower":6,"Sundial":11,"Damaru":12,"Coffee Dripper":0,"Incense Burner":14,"Black Star":17,"PureWater":0},{"Strange Spoon":13,"Happy Flower":4,"Sundial":8,"Damaru":8,"Coffee Dripper":0,"Incense Burner":10,"Black Star":11,"PureWater":0},{"Strange Spoon":44,"Happy Flower":13,"Sundial":27,"Damaru":27,"Coffee Dripper":0,"Incense Burner":34,"Black Star":38,"PureWater":0}]},"card_choices":[{"not_picked":["FollowUp","EmptyBody"],"picked":"WindmillStrike","floor":1},{"not_picked":["JustLucky","InnerPeace"],"picked":"Crescendo","floor":2},{"not_picked":["EmptyBody","Scrawl"],"picked":"ClearTheMind","floor":4},{"not_picked":["Evaluate","DeusExMachina"],"picked":"BattleHymn","floor":6},{"not_picked":["ThirdEye","Weave"],"picked":"Fasting2","floor":7},{"not_picked":["Wireheading","InnerPeace"],"picked":"CrushJoints","floor":8},{"not_picked":["WaveOfTheHand","FlyingSleeves"],"picked":"Conclude","floor":10},{"not_picked":["WreathOfFlame","Crescendo"],"picked":"EmptyFist","floor":11},{"not_picked":["Collect","EmptyBody"],"picked":"FollowUp","floor":13},{"not_picked":["SashWhip","FollowUp"],"picked":"MasterReality","floor":14},{"not_picked":["Wish","Judgement"],"picked":"Establishment","floor":16},{"not_picked":["ClearTheMind","Adaptation"],"picked":"FlyingSleeves","floor":18},{"not_picked":["Pray","CrushJoints"],"picked":"CarveReality","floor":19},{"not_picked":["FlurryOfBlows+1","Weave"],"picked":"Halt","floor":22}],"player_experience":628667,"relics_obtained":[{"floor":6,"key":"Happy Flower"},{"floor":11,"key":"Sundial"},{"floor":14,"key":"Incense Burner"}],"event_choices":[{"damage_healed":0,"gold_gain":0,"player_choice":"Upgraded","damage_taken":0,"max_hp_gain":0,"max_hp_loss":0,"event_name":"Upgrade Shrine","floor":3,"gold_loss":0,"cards_upgraded":["WindmillStrike"]},{"cards_removed":["Conclude"],"damage_healed":18,"gold_gain":0,"player_choice":"Offered Uncommon","damage_taken":0,"max_hp_gain":0,"max_hp_loss":0,"event_name":"Bonfire Elementals","floor":20,"gold_loss":0}],"is_beta":false,"boss_relics":[{"not_picked":["Velvet Choker","bronze:MakeshiftBattery"],"picked":"Black Star"}],"items_purged_floors":[],"is_endless":false,"potions_floor_spawned":[1,4,7,11,13,18],"killed_by":"Slavers","ascension_level":2}}