{"host":"8rqsnaeml9gxb0kp","time":1611646639,"event":{"mods":["AchievementEnabler","BaseMod","Dark Map","Minty Spire (QoL Compilation)","StSLib"],"gold_per_floor":[116,130,143,154,154,154,188,188,235,264,277,288,253,285,285,380,380,397,397,397,496,421,421,435,244,244,154,180,190,220,232,232,331,331,351,351,351,38,87,87,115,115,115,115,130,180,37,49,49,49],"floor_reached":51,"language":"ENG","playtime":3290,"items_purged":["Strike_R"],"score":1081,"play_id":"ed0ac671-0f7f-4231-b156-e3c3e6ac50d1","local_time":"20210125233719","is_ascension_mode":true,"campfire_choices":[{"floor":6.0,"key":"REST"},{"floor":8.0,"key":"REST"},{"data":"Flame Barrier","floor":15.0,"key":"SMITH"},{"data":"Whirlwind","floor":23,"key":"SMITH"},{"data":"Shockwave","floor":32,"key":"SMITH"}],"circlet_count":0,"master_deck":["AscendersBane","Defend_R","Defend_R","Bash","Shrug It Off+1","Infernal Blade+1","Carnage+1","Cleave","Clothesline","Thunderclap","Inflame","Spot Weakness","Reaper","Shockwave+1","Iron Wave","Flame Barrier+1","Reaper","Battle Trance+1","Whirlwind+1","Spot Weakness+1","Apotheosis+1","Twin Strike+1","Dual Wield+1","Impervious","Uppercut+1","Juggernaut+1","Sword Boomerang+1","Sword Boomerang+1","Spot Weakness+1","Berserk+1","Whirlwind+1"],"relics":["Astrolabe","Blue Candle","Blood Vial","Oddly Smooth Stone","Charon\u0027s Ashes","Coffee Dripper","MutagenicStrength","Frozen Egg 2","Mercury Hourglass","Calipers","Fusion Hammer","Eternal Feather","Gambling Chip","Strawberry","Bottled Tornado","Bird Faced Urn","Orrery"],"acts_visited":["Exordium","TheCity","TheBeyond"],"potions_floor_usage":[16,28,33,39,41,41],"damage_taken":[{"damage":1.0,"enemies":"Jaw Worm","floor":1.0,"turns":2.0},{"damage":1.0,"enemies":"2 Louse","floor":2.0,"turns":2.0},{"damage":0.0,"enemies":"Small Slimes","floor":3.0,"turns":1.0},{"damage":23.0,"enemies":"3 Louse","floor":4.0,"turns":3.0},{"damage":27.0,"enemies":"Lagavulin","floor":7.0,"turns":4.0},{"damage":12.0,"enemies":"Gremlin Nob","floor":10.0,"turns":3.0},{"damage":0.0,"enemies":"Large Slime","floor":11.0,"turns":5.0},{"damage":16.0,"enemies":"Exordium Thugs","floor":12.0,"turns":3.0},{"damage":16.0,"enemies":"Lagavulin","floor":14.0,"turns":6.0},{"damage":24,"enemies":"Hexaghost","floor":16,"turns":10},{"damage":0,"enemies":"Chosen","floor":18,"turns":3},{"damage":0,"enemies":"3 Byrds","floor":24,"turns":2},{"damage":5,"enemies":"Gremlin Leader","floor":28,"turns":5},{"damage":8,"enemies":"Centurion and Healer","floor":29,"turns":4},{"damage":33,"enemies":"Slavers","floor":30,"turns":3},{"damage":4,"enemies":"Chosen and Byrds","floor":31,"turns":4},{"damage":62,"enemies":"Automaton","floor":33,"turns":8},{"damage":0,"enemies":"Orb Walker","floor":35,"turns":3},{"damage":21,"enemies":"2 Orb Walkers","floor":39,"turns":3},{"damage":46,"enemies":"Giant Head","floor":41,"turns":7},{"damage":0,"enemies":"3 Shapes","floor":45,"turns":2},{"damage":27,"enemies":"Mind Bloom Boss Battle","floor":46,"turns":6},{"damage":24,"enemies":"Maw","floor":48,"turns":7},{"damage":98,"enemies":"Awakened One","floor":50,"turns":11}],"seed_played":"-7880591671880182345","potions_obtained":[{"floor":2.0,"key":"Swift Potion"},{"floor":4.0,"key":"SneckoOil"},{"floor":12.0,"key":"LiquidBronze"},{"floor":16,"key":"Explosive Potion"},{"floor":24,"key":"CultistPotion"},{"floor":29,"key":"BloodPotion"},{"floor":35,"key":"SneckoOil"},{"floor":39,"key":"DuplicationPotion"}],"is_trial":false,"path_per_floor":["M","M","M","M","?","R","E","R","T","E","M","M","?","E","R","B",null,"M","?","?","?","?","R","M","$","T","?","E","M","E","M","R","B",null,"M","?","?","$","?","R","E","R","T","?","M","?","$","M","R","B",null],"character_chosen":"IRONCLAD","items_purchased":["Apotheosis","Eternal Feather","Orrery"],"campfire_rested":2,"item_purchase_floors":[25,38,47],"current_hp_per_floor":[71,70,70,47,47,71,44,68,68,58,60,46,66,52,52,43,71,73,73,73,73,73,73,75,75,75,75,80,80,74,74,74,34,69,79,79,79,79,75,80,54,69,69,69,83,76,76,71,83,39],"gold":49,"neow_bonus":"BOSS_RELIC","is_daily":false,"chose_seed":false,"campfire_upgraded":3,"win_rate":0.0,"timestamp":1611646639,"path_taken":["M","M","M","M","?","R","E","R","T","E","M","M","?","E","R","BOSS","M","?","?","?","?","R","M","$","T","?","E","M","E","?","R","BOSS","M","?","?","$","?","R","E","R","T","?","?","?","$","M","R","BOSS"],"items_purchased_type":["Card","Relic","Relic"],"build_version":"2020-12-22","purchased_purges":1,"victory":true,"max_hp_per_floor":[80,80,80,80,80,80,80,80,80,80,80,80,80,80,80,80,80,80,80,80,80,80,80,80,80,80,80,80,80,80,80,80,80,80,80,80,80,80,80,80,87,87,87,83,83,83,83,83,83,83],"card_choices":[{"not_picked":["Flex","True Grit"],"picked":"Cleave","floor":1.0},{"not_picked":["Bloodletting","Heavy Blade"],"picked":"Clothesline","floor":2.0},{"not_picked":["Havoc","Warcry"],"picked":"Metallicize","floor":3.0},{"not_picked":["Headbutt","Perfected Strike"],"picked":"Thunderclap","floor":4.0},{"not_picked":["Clothesline","Cleave"],"picked":"Spot Weakness","floor":7.0},{"not_picked":["Feel No Pain","Fire Breathing"],"picked":"Reaper","floor":10.0},{"not_picked":["Entrench","Blood for Blood"],"picked":"Shockwave","floor":11.0},{"not_picked":["Sever Soul","Warcry"],"picked":"Iron Wave","floor":12.0},{"not_picked":["Fiend Fire","Armaments"],"picked":"Flame Barrier","floor":14.0},{"not_picked":["Corruption","Juggernaut"],"picked":"Reaper","floor":16},{"not_picked":["Flex","Perfected Strike"],"picked":"Battle Trance+1","floor":18},{"not_picked":["True Grit","Headbutt+1"],"picked":"Spot Weakness+1","floor":24},{"not_picked":["Thunderclap","Iron Wave"],"picked":"Twin Strike+1","floor":28},{"not_picked":["Headbutt","Havoc","Iron Wave+1"],"picked":"SKIP","floor":29},{"not_picked":["Fiend Fire","Havoc","Armaments"],"picked":"SKIP","floor":30},{"not_picked":["Uppercut","Flex+1"],"picked":"Dual Wield+1","floor":31},{"not_picked":["Bludgeon","Immolate"],"picked":"Impervious","floor":33},{"not_picked":["Warcry+1","Infernal Blade"],"picked":"Uppercut+1","floor":35},{"not_picked":["Clash+1","Combust+1"],"picked":"Juggernaut+1","floor":41},{"not_picked":["Twin Strike+1","Anger+1"],"picked":"Sword Boomerang+1","floor":45},{"not_picked":["Perfected Strike+1","Warcry"],"picked":"Sword Boomerang+1","floor":46},{"not_picked":["Feel No Pain+1","Heavy Blade"],"picked":"Spot Weakness+1","floor":47},{"not_picked":["Flame Barrier","Reckless Charge"],"picked":"Berserk+1","floor":47},{"not_picked":["Perfected Strike+1","Pummel"],"picked":"Whirlwind+1","floor":47},{"not_picked":["Warcry+1","Shrug It Off","Clash+1"],"picked":"SKIP","floor":48}],"player_experience":142603,"relics_obtained":[{"floor":7.0,"key":"Blue Candle"},{"floor":9.0,"key":"Blood Vial"},{"floor":10.0,"key":"Oddly Smooth Stone"},{"floor":14.0,"key":"Charon\u0027s Ashes"},{"floor":26,"key":"Frozen Egg 2"},{"floor":28,"key":"Mercury Hourglass"},{"floor":30,"key":"Calipers"},{"floor":39,"key":"Gambling Chip"},{"floor":41,"key":"Strawberry"},{"floor":43,"key":"Bottled Tornado"},{"floor":46,"key":"Bird Faced Urn"}],"event_choices":[{"damage_healed":0.0,"max_hp_gain":0.0,"max_hp_loss":0.0,"gold_gain":0.0,"cards_transformed":["Strike_R"],"event_name":"Living Wall","player_choice":"Change","floor":5.0,"gold_loss":0.0,"damage_taken":0.0,"cards_obtained":["Inflame"]},{"damage_healed":20.0,"max_hp_gain":0.0,"max_hp_loss":0.0,"gold_gain":0.0,"event_name":"The Cleric","player_choice":"Healed","floor":13.0,"gold_loss":35.0,"damage_taken":0.0},{"damage_healed":0,"gold_gain":0,"player_choice":"Read","damage_taken":0,"max_hp_gain":0,"max_hp_loss":0,"event_name":"The Library","floor":19,"gold_loss":0,"cards_obtained":["Whirlwind"]},{"damage_healed":0,"gold_gain":0,"player_choice":"Inject Mutagens","damage_taken":0,"relics_obtained":["MutagenicStrength"],"max_hp_gain":0,"max_hp_loss":0,"event_name":"Drug Dealer","floor":20,"gold_loss":0},{"damage_healed":0,"gold_gain":99,"player_choice":"Stole From Cult","damage_taken":0,"max_hp_gain":0,"max_hp_loss":0,"event_name":"Nest","floor":21,"gold_loss":0},{"cards_removed":["Strike_R"],"damage_healed":0,"gold_gain":0,"player_choice":"Gave Gold","damage_taken":0,"max_hp_gain":0,"max_hp_loss":0,"event_name":"Beggar","floor":22,"gold_loss":75},{"cards_removed":["Strike_R"],"damage_healed":0,"gold_gain":0,"player_choice":"Upgrade and Remove","damage_taken":0,"max_hp_gain":0,"max_hp_loss":0,"event_name":"Designer","floor":27,"gold_loss":90,"cards_upgraded":["Apotheosis"]},{"cards_removed":["Metallicize"],"damage_healed":0,"gold_gain":0,"player_choice":"Removed Power","damage_taken":0,"max_hp_gain":0,"max_hp_loss":0,"event_name":"Falling","floor":36,"gold_loss":0},{"damage_healed":0,"gold_gain":0,"player_choice":"Ignored","damage_taken":0,"max_hp_gain":0,"max_hp_loss":0,"event_name":"Tomb of Lord Red Mask","floor":37,"gold_loss":0},{"damage_healed":0,"gold_gain":0,"player_choice":"Fight","damage_taken":0,"max_hp_gain":0,"max_hp_loss":0,"event_name":"Mysterious Sphere","floor":39,"gold_loss":0},{"damage_healed":0,"gold_gain":0,"player_choice":"Max HP","damage_taken":0,"max_hp_gain":0,"max_hp_loss":4,"event_name":"Winding Halls","floor":44,"gold_loss":0},{"damage_healed":0,"gold_gain":0,"player_choice":"Fight","damage_taken":0,"max_hp_gain":0,"max_hp_loss":0,"event_name":"MindBloom","floor":46,"gold_loss":0}],"is_beta":false,"boss_relics":[{"not_picked":["Runic Dome","Runic Pyramid"],"picked":"Coffee Dripper"},{"not_picked":["Pandora\u0027s Box","Black Star"],"picked":"Fusion Hammer"}],"items_purged_floors":[38],"is_endless":false,"potions_floor_spawned":[2,4,12,16,24,29,35,39],"ascension_level":11}}