{"host":"t0dtoggyaif518ut","time":1611673973,"event":{"mods":["AchievementEnabler","BaseMod","Best Route Mod","Bestiary","Better Altar","Better Match","Better Note","Better Sensory Stone","Better Silent Start","Better Skull","Better Third Choice","Better Vampires","Block Reminder","Colored Powertips","Dark Map","Displayed Cursed Tome","Energized Spire","Evolution","Gold Saver","Ironclad Rager","Minty Spire (QoL Compilation)","Practice Mode","Quick Restart","RNG Fix","Random Character Button","Relic Stats","Retaliation","Reworked Bosses","StSLib","Treasure Hunter"],"gold_per_floor":[225,17,37,48,48,48,48,75,75,0,13,24,24,42,42,116,116,126,126,153,8,8,8,8,8],"floor_reached":24,"language":"RUS","playtime":860,"items_purged":["Strike_R"],"score":330,"play_id":"78e1242a-ea11-4714-9703-16cfebb27efc","local_time":"20210126221253","is_ascension_mode":true,"campfire_choices":[{"data":"Headbutt","floor":6,"key":"SMITH"},{"data":"Twin Strike","floor":13,"key":"SMITH"},{"floor":15,"key":"REST"},{"floor":23,"key":"REST"}],"circlet_count":0,"master_deck":["AscendersBane","Thunderclap","Strike_R","Defend_R","Defend_R","Defend_R","Defend_R","Bash","Headbutt+1","Twin Strike+1","Dropkick","Anger","Rampage","TH:CursedSword","Feed","Limit Break+1","TH:CursedSword"],"relics":["Burning Blood","EVO:Axolotl","Potion Belt","NlothsMask","Mercury Hourglass","Empty Cage","MealTicket","Toolbox","Enchiridion"],"acts_visited":["Exordium","TheCity"],"potions_floor_usage":[3,16,16,18,18],"damage_taken":[{"damage":6,"enemies":"Cultist","floor":1,"turns":3},{"damage":0,"enemies":"2 Louse","floor":3,"turns":2},{"damage":14,"enemies":"Jaw Worm","floor":4,"turns":3},{"damage":44,"enemies":"Gremlin Nob","floor":8,"turns":5},{"damage":14,"enemies":"Red Slaver","floor":11,"turns":3},{"damage":10,"enemies":"3 Louse","floor":12,"turns":2},{"damage":6,"enemies":"Exordium Wildlife","floor":14,"turns":2},{"damage":45,"enemies":"Hexaghost","floor":16,"turns":6},{"damage":46,"enemies":"Shell Parasite","floor":18,"turns":6},{"damage":60,"enemies":"Book of Stabbing","floor":24,"turns":4}],"seed_played":"5728031314848000723","potions_obtained":[{"floor":1,"key":"DistilledChaos"},{"floor":3,"key":"DuplicationPotion"},{"floor":11,"key":"SkillPotion"},{"floor":16,"key":"SkillPotion"},{"floor":18,"key":"Fruit Juice"}],"is_trial":false,"path_per_floor":["M","$","M","M","$","R","?","E","T","$","M","M","R","M","R","B",null,"M","?","T","$","?","R","E"],"character_chosen":"IRONCLAD","items_purchased":["Potion Belt","Headbutt","Toolbox"],"campfire_rested":2,"item_purchase_floors":[2,2,21],"current_hp_per_floor":[75,75,81,73,73,73,73,35,35,35,27,23,23,23,47,8,64,29,29,29,44,28,54,0,0],"gold":8,"neow_bonus":"TEN_PERCENT_HP_BONUS","is_daily":false,"chose_seed":false,"campfire_upgraded":2,"win_rate":0.0,"timestamp":1611673973,"path_taken":["M","$","M","M","?","R","?","E","T","$","?","M","R","M","R","BOSS","M","?","?","$","?","R","E"],"items_purchased_type":["Relic","Card","Relic"],"build_version":"2020-12-22","purchased_purges":1,"victory":false,"max_hp_per_floor":[82,82,82,82,82,82,82,82,82,82,82,82,82,82,82,82,82,87,87,87,87,87,87,87,87],"relic_stats":{"counters":[10,36],"MealTicket":15,"obtain_stats":[{"Potion Belt":2,"Toolbox":21,"Enchiridion":22,"MealTicket":20,"EVO:Axolotl":0,"Empty Cage":17,"Burning Blood":0,"NlothsMask":7,"Mercury Hourglass":8},{"Potion Belt":1,"Toolbox":9,"Enchiridion":9,"MealTicket":9,"EVO:Axolotl":0,"Empty Cage":8,"Burning Blood":0,"NlothsMask":3,"Mercury Hourglass":4},{"Potion Belt":3,"Toolbox":32,"Enchiridion":32,"MealTicket":32,"EVO:Axolotl":0,"Empty Cage":26,"Burning Blood":0,"NlothsMask":8,"Mercury Hourglass":13}],"Burning Blood":54,"Mercury Hourglass":[66]},"card_choices":[{"not_picked":["Body Slam","Pommel Strike","Rupture"],"picked":"SKIP","floor":1},{"not_picked":["DDmod:EasePowerCard","Havoc","Burning Pact"],"picked":"SKIP","floor":3},{"not_picked":["True Grit","DDmod:CallousedSkill","Pommel Strike"],"picked":"SKIP","floor":4},{"not_picked":["Perfected Strike","True Grit"],"picked":"Twin Strike","floor":8},{"not_picked":["TH:EnergyPotion","TH:Mimic"],"picked":"SKIP","floor":8},{"not_picked":["TH:BikiniMail","TH:ArmorSpikes"],"picked":"SKIP","floor":9},{"not_picked":["Body Slam","Reckless Charge"],"picked":"Dropkick","floor":11},{"not_picked":["Body Slam","Flame Barrier"],"picked":"Anger","floor":12},{"not_picked":["True Grit","Perfected Strike"],"picked":"Rampage","floor":14},{"not_picked":["TH:DeckOfManyThings"],"picked":"TH:CursedSword","floor":16},{"not_picked":["Corruption","Brutality"],"picked":"Feed","floor":16},{"not_picked":["Wild Strike","Dark Embrace","Body Slam"],"picked":"SKIP","floor":18},{"not_picked":["TH:TreasureMap"],"picked":"TH:CursedSword","floor":20}],"player_experience":299553,"relics_obtained":[{"floor":8,"key":"Mercury Hourglass"},{"floor":20,"key":"MealTicket"}],"event_choices":[{"damage_healed":0,"gold_gain":0,"player_choice":"Trade","damage_taken":0,"relics_obtained":["NlothsMask"],"max_hp_gain":0,"max_hp_loss":0,"event_name":"FaceTrader","floor":7,"gold_loss":0},{"cards_removed":["Limit Break"],"damage_healed":0,"gold_gain":0,"player_choice":"Take \u0026 Give","damage_taken":0,"max_hp_gain":0,"max_hp_loss":0,"event_name":"betterNote:BetterNote","floor":19,"gold_loss":0,"cards_obtained":["Limit Break"]},{"damage_healed":0,"gold_gain":0,"player_choice":"Obtained Book","damage_taken":16,"max_hp_gain":0,"max_hp_loss":0,"event_name":"Cursed Tome","floor":22,"gold_loss":0}],"is_beta":false,"boss_relics":[{"not_picked":["Busted Crown","Runic Pyramid"],"picked":"Empty Cage"}],"items_purged_floors":[10],"is_endless":false,"potions_floor_spawned":[1,3,11,16,18],"killed_by":"Book of Stabbing","ascension_level":14}}