{"host":"dyudzmz1c60osjjw","time":1611637206,"event":{"mods":["AchievementEnabler","BaseMod","BetterRewards","Colored Map","Conspire","Downfall","Duelist Mod","Friendly Minions","Hermit","Hubris","Infinite Spire","Koishi","Marisa????????","Minty Spire (QoL Compilation)","StSLib","The Administrix","The Animator","The Cursed","The Disciple","The Mystic","The Runesmith","The Servant 0.9.4"],"gold_per_floor":[114,128,128,147,47,102,102,7,31,67,112,123,123,137,137,147,147],"floor_reached":16,"language":"ENG","playtime":1061,"items_purged":[],"score":112,"play_id":"accb8753-2c28-4e6d-923f-a58149f628b0","local_time":"20210126160006","is_ascension_mode":false,"campfire_choices":[{"data":"hermit:TakeAim","floor":7,"key":"SMITH"},{"floor":13,"key":"REST"},{"floor":15,"key":"REST"}],"circlet_count":0,"master_deck":["hermit:Strike_Hermit","hermit:Strike_Hermit","hermit:Strike_Hermit","hermit:Strike_Hermit","hermit:Defend_Hermit","hermit:Defend_Hermit","hermit:Defend_Hermit","hermit:Defend_Hermit","hermit:Snapshot","hermit:Covet","Flash of Steel","hermit:WideOpen","hermit:TakeAim+1","hermit:Dive","conspire:SpireCoStock","conspire:SpireCoStock","hermit:Deadeye","hermit:Headshot","hermit:CalledShot"],"relics":["hermit:Momento","hubris:Icosahedron","Oddly Smooth Stone","Vajra","conspire:GlowingRock"],"acts_visited":["Exordium"],"potions_floor_usage":[6,10,10,10,16],"damage_taken":[{"damage":0,"enemies":"2 Louse","floor":1,"turns":1},{"damage":3,"enemies":"Small Slimes","floor":2,"turns":3},{"damage":6,"enemies":"Jaw Worm","floor":4,"turns":3},{"damage":7,"enemies":"Lagavulin","floor":6,"turns":6},{"damage":33,"enemies":"Gremlin Nob","floor":10,"turns":4},{"damage":13,"enemies":"Looter","floor":11,"turns":5},{"damage":11,"enemies":"Red Slaver","floor":12,"turns":2},{"damage":25,"enemies":"Exordium Wildlife","floor":14,"turns":6},{"damage":36,"enemies":"Hexaghost","floor":16,"turns":9}],"seed_played":"-2749706838775615557","potions_obtained":[{"floor":1,"key":"Fire Potion"},{"floor":6,"key":"Regen Potion"},{"floor":12,"key":"sneckomod:MuddlingPotion"},{"floor":14,"key":"champ:CounterPotion"}],"is_trial":false,"path_per_floor":["M","M","?","M","?","E","R","$","T","E","M","M","R","M","R","B"],"character_chosen":"HERMIT","items_purchased":["hermit:Headshot","ColorlessPotion"],"campfire_rested":2,"item_purchase_floors":[8,8],"current_hp_per_floor":[75,72,72,66,66,59,59,59,59,38,25,14,36,11,33,0,0],"gold":147,"neow_bonus":"RANDOM_COLORLESS","is_daily":false,"chose_seed":false,"campfire_upgraded":1,"win_rate":0.0,"timestamp":1611637206,"path_taken":["M","M","?","M","?","E","R","?","T","E","M","?","R","M","R","BOSS"],"items_purchased_type":["Card","Potion"],"build_version":"2020-12-22","purchased_purges":0,"victory":false,"max_hp_per_floor":[75,75,75,75,75,75,75,75,75,75,75,75,75,75,75,75,75],"card_choices":[{"not_picked":["Madness","Blind"],"picked":"Flash of Steel","floor":0},{"not_picked":["hermit:Quickdraw","hermit:Misfire"],"picked":"hermit:WideOpen","floor":1},{"not_picked":["hermit:TakeCover","hermit:SprayPray"],"picked":"hermit:TakeAim","floor":2},{"not_picked":["hermit:Quickdraw","hermit:TrackingShot"],"picked":"hermit:Dive","floor":4},{"not_picked":["hermit:Spite","hermit:Ricochet"],"picked":"hermit:Deadeye","floor":6},{"not_picked":["hermit:DeadMansHand","hermit:BodyArmor","hermit:Showdown"],"picked":"SKIP","floor":10},{"not_picked":["hermit:TrackingShot","hermit:FullyLoaded","hermit:Cheat"],"picked":"SKIP","floor":11},{"not_picked":["hermit:TakeCover","hermit:ItchyTrigger","hermit:DeadMansHand"],"picked":"SKIP","floor":12},{"not_picked":["hermit:TrackingShot","hermit:Coalescence"],"picked":"hermit:CalledShot","floor":14}],"player_experience":209121,"relics_obtained":[{"floor":6,"key":"Oddly Smooth Stone"},{"floor":9,"key":"Vajra"},{"floor":10,"key":"conspire:GlowingRock"}],"event_choices":[{"damage_healed":0,"gold_gain":0,"player_choice":"Invest 2","damage_taken":0,"max_hp_gain":0,"max_hp_loss":0,"event_name":"conspire:Investor","floor":5,"gold_loss":0}],"is_beta":false,"boss_relics":[],"items_purged_floors":[],"is_endless":false,"potions_floor_spawned":[1,6,12,14],"killed_by":"Hexaghost","ascension_level":0}}