{"host":"ssahdsoo349p0ms1","time":1611702582,"event":{"mods":["AchievementEnabler","BaseMod","Colored Powertips","Filter the Spire","Minty Spire (QoL Compilation)","StSLib"],"gold_per_floor":[119,132,145,156,173,173,203,203,203,217,217,231,259,279,279,374,374,390,406,406,331,342,342,367,381,381,381,397,407,418,453,453,552,552,565,575,575,241,259,294,294,306,306,25,56,56,71,89,89,89,89,89,89,119,119],"floor_reached":56,"language":"ENG","playtime":3895,"items_purged":["Strike_G","Strike_G","Strike_G"],"score":1342,"play_id":"fcddd607-6eaf-47be-96ea-20d480005f48","local_time":"20210126170942","is_ascension_mode":false,"campfire_choices":[{"data":"Neutralize","floor":6.0,"key":"SMITH"},{"data":"Blade Dance","floor":8.0,"key":"SMITH"},{"data":"Noxious Fumes","floor":11.0,"key":"SMITH"},{"data":"Catalyst","floor":15.0,"key":"SMITH"},{"data":"Night Terror","floor":23.0,"key":"SMITH"},{"data":"After Image","floor":27.0,"key":"SMITH"},{"data":"Footwork","floor":32.0,"key":"SMITH"},{"floor":41.0,"key":"RECALL"},{"data":"Acrobatics","floor":49,"key":"SMITH"},{"data":"Deflect","floor":52,"key":"SMITH"}],"circlet_count":0,"master_deck":["Defend_G","Defend_G","Defend_G","Defend_G","Defend_G","Survivor","Neutralize+1","Blade Dance+1","Deflect+1","Noxious Fumes+1","Acrobatics+1","Night Terror+1","Catalyst+1","Deflect","After Image+1","Backflip+1","Blur+1","Backflip+1","Prepared+1","Footwork+1","PiercingWail+1","Deflect+1","Venomology+1","Night Terror+1","Madness+1","Prepared+1","Blade Dance+1","Bullet Time+1","Deadly Poison+1","PiercingWail+1"],"relics":["Runic Pyramid","Calipers","Strawberry","Orichalcum","Empty Cage","Toxic Egg 2","Paper Crane","Gambling Chip","Coffee Dripper","PreservedInsect","DollysMirror","Matryoshka","Ninja Scroll","Oddly Smooth Stone","Pen Nib","Nunchaku","Bottled Tornado"],"acts_visited":["Exordium","TheCity","TheBeyond","TheEnding"],"potions_floor_usage":[50,54,54,54,55,55,55,55,55,55,55],"damage_taken":[{"damage":1.0,"enemies":"Cultist","floor":1.0,"turns":4.0},{"damage":3.0,"enemies":"Jaw Worm","floor":2.0,"turns":4.0},{"damage":0.0,"enemies":"Small Slimes","floor":3.0,"turns":3.0},{"damage":21.0,"enemies":"Exordium Thugs","floor":4.0,"turns":7.0},{"damage":0.0,"enemies":"Exordium Wildlife","floor":5.0,"turns":3.0},{"damage":10.0,"enemies":"Gremlin Nob","floor":7.0,"turns":4.0},{"damage":2.0,"enemies":"Looter","floor":10.0,"turns":3.0},{"damage":1.0,"enemies":"Large Slime","floor":12.0,"turns":6.0},{"damage":16.0,"enemies":"Lagavulin","floor":13.0,"turns":9.0},{"damage":0.0,"enemies":"Red Slaver","floor":14.0,"turns":5.0},{"damage":1.0,"enemies":"Hexaghost","floor":16.0,"turns":5.0},{"damage":16.0,"enemies":"2 Thieves","floor":18.0,"turns":5.0},{"damage":1.0,"enemies":"Shell Parasite","floor":19.0,"turns":6.0},{"damage":7.0,"enemies":"Snecko","floor":22.0,"turns":10.0},{"damage":2.0,"enemies":"Book of Stabbing","floor":24.0,"turns":6.0},{"damage":4.0,"enemies":"Centurion and Healer","floor":25.0,"turns":6.0},{"damage":0.0,"enemies":"Snake Plant","floor":28.0,"turns":5.0},{"damage":5.0,"enemies":"3 Cultists","floor":29.0,"turns":6.0},{"damage":0.0,"enemies":"Chosen and Byrds","floor":30.0,"turns":9.0},{"damage":8.0,"enemies":"Gremlin Leader","floor":31.0,"turns":8.0},{"damage":0.0,"enemies":"Champ","floor":33.0,"turns":7.0},{"damage":0.0,"enemies":"3 Darklings","floor":35.0,"turns":17.0},{"damage":0.0,"enemies":"Orb Walker","floor":36.0,"turns":7.0},{"damage":0.0,"enemies":"3 Darklings","floor":39.0,"turns":7.0},{"damage":0.0,"enemies":"Nemesis","floor":40.0,"turns":7.0},{"damage":0.0,"enemies":"Spire Growth","floor":42.0,"turns":5.0},{"damage":6.0,"enemies":"Reptomancer","floor":45.0,"turns":7.0},{"damage":0.0,"enemies":"Writhing Mass","floor":47.0,"turns":7.0},{"damage":2,"enemies":"Sphere and 2 Shapes","floor":48,"turns":6},{"damage":19,"enemies":"Awakened One","floor":50,"turns":11},{"damage":0,"enemies":"Shield and Spear","floor":54,"turns":6},{"damage":2,"enemies":"The Heart","floor":55,"turns":13}],"seed_played":"-6254875422600265650","potions_obtained":[{"floor":2.0,"key":"SteroidPotion"},{"floor":3.0,"key":"Dexterity Potion"},{"floor":7.0,"key":"SpeedPotion"},{"floor":12.0,"key":"Explosive Potion"},{"floor":16.0,"key":"PowerPotion"},{"floor":24.0,"key":"LiquidBronze"},{"floor":29.0,"key":"Fire Potion"}],"is_trial":false,"path_per_floor":["M","M","M","M","M","R","E","R","T","M","R","M","E","M","R","B",null,"M","M","?","$","M","R","E","M","T","R","M","M","M","E","R","B",null,"M","M","?","$","M","E","R","M","T","$","E","T","M","M","R","B",null,"R","$","E","B",null],"character_chosen":"THE_SILENT","items_purchased":["DollysMirror","Madness+1","Bullet Time+1"],"campfire_rested":0,"item_purchase_floors":[38,38,44],"current_hp_per_floor":[69,66,66,45,45,45,35,35,42,40,40,39,23,23,23,22,77,61,60,54,54,47,47,45,41,41,41,41,36,36,28,28,28,77,77,77,77,77,77,77,77,77,77,77,71,71,71,69,69,50,77,77,77,77,75],"gold":119,"neow_bonus":"BOSS_RELIC","is_daily":false,"chose_seed":false,"campfire_upgraded":9,"win_rate":0.0,"timestamp":1611702582,"path_taken":["M","M","?","M","M","R","E","R","T","M","R","M","E","M","R","BOSS","M","M","?","$","?","R","E","M","T","R","M","M","M","E","R","BOSS","M","M","?","$","M","E","R","M","T","?","E","?","M","?","R","BOSS","R","$","E","BOSS"],"items_purchased_type":["Relic","Card","Card"],"build_version":"2020-12-22","purchased_purges":3,"victory":true,"max_hp_per_floor":[70,70,70,70,70,70,70,70,77,77,77,77,77,77,77,77,77,77,77,77,77,77,77,77,77,77,77,77,77,77,77,77,77,77,77,77,77,77,77,77,77,77,77,77,77,77,77,77,77,77,77,77,77,77,77],"card_choices":[{"not_picked":["Outmaneuver","Sucker Punch","Bane"],"picked":"SKIP","floor":1.0},{"not_picked":["Underhanded Strike","Backflip"],"picked":"Blade Dance","floor":2.0},{"not_picked":["Outmaneuver","Backstab"],"picked":"Deflect","floor":3.0},{"not_picked":["Cloak And Dagger","Quick Slash","Skewer"],"picked":"SKIP","floor":4.0},{"not_picked":["Outmaneuver","Sucker Punch"],"picked":"Noxious Fumes","floor":5.0},{"not_picked":["Reflex","Noxious Fumes"],"picked":"Acrobatics","floor":7.0},{"not_picked":["Masterful Stab","Choke"],"picked":"Night Terror","floor":10.0},{"not_picked":["Poisoned Stab","Acrobatics"],"picked":"Catalyst","floor":12.0},{"not_picked":["Dagger Throw","Dodge and Roll","Bouncing Flask"],"picked":"SKIP","floor":13.0},{"not_picked":["Dodge and Roll","Underhanded Strike"],"picked":"Deflect","floor":14.0},{"not_picked":["Unload","Glass Knife"],"picked":"After Image","floor":16.0},{"not_picked":["Calculated Gamble","Slice"],"picked":"Backflip+1","floor":18.0},{"not_picked":["Terror","PiercingWail+1"],"picked":"Blur+1","floor":19.0},{"not_picked":["Poisoned Stab","Dagger Spray+1","Terror"],"picked":"SKIP","floor":22.0},{"not_picked":["Acrobatics+1","Dodge and Roll+1"],"picked":"Backflip+1","floor":24.0},{"not_picked":["Sucker Punch+1","Dagger Spray"],"picked":"Prepared+1","floor":25.0},{"not_picked":["Venomology+1","Accuracy"],"picked":"Footwork","floor":28.0},{"not_picked":["Flying Knee","Underhanded Strike+1"],"picked":"PiercingWail+1","floor":29.0},{"not_picked":["Slice+1","Riddle With Holes+1"],"picked":"Deflect+1","floor":30.0},{"not_picked":["Bane+1","Sucker Punch","Poisoned Stab"],"picked":"SKIP","floor":31.0},{"not_picked":["Unload","Doppelganger+1"],"picked":"Venomology+1","floor":33.0},{"not_picked":["Bane","Backflip+1","Choke"],"picked":"SKIP","floor":35.0},{"not_picked":["Underhanded Strike+1","Cloak And Dagger+1","Predator+1"],"picked":"SKIP","floor":36.0},{"not_picked":["Infinite Blades+1","Backflip+1"],"picked":"Prepared+1","floor":39.0},{"not_picked":["Reflex+1","Backstab","All Out Attack"],"picked":"SKIP","floor":40.0},{"not_picked":["Backflip+1","PiercingWail+1"],"picked":"Blade Dance+1","floor":42.0},{"not_picked":["Choke+1","After Image","Predator"],"picked":"SKIP","floor":45.0},{"not_picked":["Choke+1","After Image","Predator"],"picked":"SKIP","floor":45.0},{"not_picked":["Noxious Fumes","Dodge and Roll+1","Reflex+1"],"picked":"SKIP","floor":47.0},{"not_picked":["Backflip+1","Riddle With Holes+1"],"picked":"Deadly Poison+1","floor":48},{"not_picked":["Deadly Poison+1","Die Die Die"],"picked":"PiercingWail+1","floor":54}],"player_experience":598144,"relics_obtained":[{"floor":7.0,"key":"Calipers"},{"floor":9.0,"key":"Strawberry"},{"floor":13.0,"key":"Orichalcum"},{"floor":24.0,"key":"Toxic Egg 2"},{"floor":26.0,"key":"Paper Crane"},{"floor":31.0,"key":"Gambling Chip"},{"floor":40.0,"key":"Matryoshka"},{"floor":43.0,"key":"Ninja Scroll"},{"floor":45.0,"key":"Oddly Smooth Stone"},{"floor":46.0,"key":"Pen Nib"},{"floor":46.0,"key":"Nunchaku"},{"floor":54,"key":"Bottled Tornado"}],"event_choices":[{"damage_healed":0.0,"max_hp_gain":0.0,"max_hp_loss":0.0,"gold_gain":0.0,"event_name":"Knowing Skull","player_choice":"","floor":20.0,"potions_obtained":[],"gold_loss":0.0,"damage_taken":6.0,"cards_obtained":[]},{"damage_healed":0.0,"max_hp_gain":0.0,"max_hp_loss":0.0,"gold_gain":0.0,"event_name":"WeMeetAgain","player_choice":"Gave Potion","floor":37.0,"gold_loss":0.0,"damage_taken":0.0,"relics_obtained":["PreservedInsect"]}],"is_beta":false,"boss_relics":[{"not_picked":["Snecko Eye","Tiny House"],"picked":"Empty Cage"},{"not_picked":["Fusion Hammer","WristBlade"],"picked":"Coffee Dripper"}],"items_purged_floors":[21,38,44],"is_endless":false,"potions_floor_spawned":[2,3,7,12,16,18,19,24,29,31,33,35,40,42,47,48,54],"ascension_level":0}}