{"host":"yiuxawbvzhpm7ctb","time":1611639051,"event":{"mods":["AchievementEnabler","Act Like it!","Aspiration","BaseMod","Better Altar","Better Match","Better Note","Better Sensory Stone","Better Skull","Better Third Choice","Better Vampires","Colored Map","Conspire","Downfall","Emptier Cage","Halation","Hubris","Infinite Spire","Jedi Mod","Marisa????????","Minty Spire (QoL Compilation)","Pale of the Ancients","Reliquary","Replay The Spire","StSLib","The Jungle","Wandering Minibosses"],"gold_per_floor":[99,111,111,111,125,125,125,144,178,17,117,152,137,150,167,262,262,262,282,300,317,261,261,336,336,348,348,365,365,365,365],"floor_reached":29,"language":"ENG","playtime":2041,"items_purged":["Heel Hook"],"score":260,"play_id":"40b26fa5-bfdc-4928-9b3a-1e1d9c2c67ce","local_time":"20210126003051","is_ascension_mode":false,"campfire_choices":[{"data":"hexamod:Sear","floor":1,"key":"SMITH"},{"data":"hexamod:BurningTouch","floor":6,"key":"SMITH"},{"data":"hexamod:TimeOfNeed","floor":18,"key":"SMITH"},{"floor":23,"key":"REST"},{"floor":25,"key":"REST"}],"circlet_count":0,"master_deck":["hexamod:Strike","hexamod:Strike","hexamod:Defend","hexamod:Defend","hexamod:Defend","hexamod:Sear+1","hexamod:Float","hexamod:ThermalTransfer","Calculated Gamble","Slice","hexamod:BurningTouch+1","hexamod:EmpoweredFlame","hexamod:InspiringFlames","hexamod:SoulSteal","hexamod:RadiantFlame","hexamod:HexaLevel","hexamod:HeatMetal","hexamod:TimeOfNeed+1","hexamod:Again","hexamod:DynamicBlow+1","hexamod:Incineration"],"relics":["hexamod:SpiritBrand","Snack Pack","jedi:shrinkray","aspiration:TomeofQuesting","aspiration:ChemicalBlood","halation:PrussianBluePaint","halation:SmartPhone","hubris:MobiusCoin","infinitespire:Joker Card"],"acts_visited":["Exordium","TheCity"],"potions_floor_usage":[9,12,16,16,16,16,21,26,28,29,29],"damage_taken":[{"damage":1,"enemies":"Jaw Worm","floor":2,"turns":3},{"damage":0,"enemies":"Small Slimes","floor":5,"turns":4},{"damage":4,"enemies":"conspire:RoseBush","floor":8,"turns":3},{"damage":12,"enemies":"3 Sentries","floor":9,"turns":8},{"damage":0,"enemies":"downfall:FleeingMerchant","floor":10,"turns":4},{"damage":3,"enemies":"Lagavulin","floor":12,"turns":5},{"damage":5,"enemies":"downfall:FleeingMerchant","floor":13,"turns":4},{"damage":8,"enemies":"Red Slaver","floor":14,"turns":3},{"damage":10,"enemies":"Exordium Thugs","floor":15,"turns":3},{"damage":34,"enemies":"DF_ARCHETYPE_STREAMLINE","floor":16,"turns":8},{"damage":22,"enemies":"3 Byrds","floor":19,"turns":4},{"damage":16,"enemies":"Spheric Guardian","floor":20,"turns":5},{"damage":17,"enemies":"Cultist and Chosen","floor":21,"turns":6},{"damage":10,"enemies":"downfall:FleeingMerchant","floor":22,"turns":4},{"damage":23,"enemies":"Shelled Parasite and Fungi","floor":26,"turns":4},{"damage":28,"enemies":"Centurion and Healer","floor":28,"turns":6},{"damage":27,"enemies":"Gremlin Leader","floor":29,"turns":4}],"seed_played":"1239415185439589535","potions_obtained":[{"floor":5,"key":"SkillPotion"},{"floor":8,"key":"SkillPotion"},{"floor":14,"key":"FairyPotion"},{"floor":15,"key":"AttackPotion"},{"floor":26,"key":"EssenceOfSteel"},{"floor":26,"key":"Fire Potion"},{"floor":28,"key":"LiquidMemories"}],"is_trial":false,"path_per_floor":["R","M","?","?","M","R","T","M","E","$","?","E","$","M","M","B",null,"R","M","M","M","$","R","T","R","M","AVR","M","E"],"character_chosen":"THE_SPIRIT","items_purchased":["aspiration:ChemicalBlood","hexamod:Incineration"],"campfire_rested":2,"item_purchase_floors":[10,22],"current_hp_per_floor":[77,76,76,76,76,76,76,72,62,62,62,61,58,52,42,12,77,77,55,41,17,2,25,25,48,27,27,25,0,0,0],"gold":365,"neow_bonus":"TEN_PERCENT_HP_BONUS","is_daily":false,"chose_seed":false,"campfire_upgraded":3,"win_rate":0.0,"timestamp":1611639051,"path_taken":["R","M","?","?","M","R","T","?","E","?","?","E","$","?","M","BOSS","R","M","?","M","$","R","T","R","?","AVR","M","E"],"items_purchased_type":["Relic","Card"],"build_version":"2020-12-22","purchased_purges":1,"victory":false,"max_hp_per_floor":[77,77,77,77,77,77,77,77,77,77,77,77,77,77,77,77,77,77,77,77,77,77,77,77,77,77,77,77,77,77,77],"card_choices":[{"not_picked":["hexamod:BacktrackSmack","hexamod:SpectersWail"],"picked":"hexamod:ThermalTransfer","floor":2},{"not_picked":["hexamod:Again","hexamod:Firestarter"],"picked":"hexamod:BurningTouch","floor":5},{"not_picked":["hexamod:HauntingEcho","hexamod:UnleashSpirits"],"picked":"hexamod:EmpoweredFlame","floor":8},{"not_picked":["hexamod:ShieldOfDarkness","hexamod:Hexaguard"],"picked":"hexamod:InspiringFlames","floor":9},{"not_picked":["hexamod:SecondSeal","hexamod:GhostflameBarrier"],"picked":"hexamod:SoulSteal","floor":10},{"not_picked":["hexamod:UnleashSpirits","hexamod:BacktrackSmack"],"picked":"hexamod:RadiantFlame","floor":12},{"not_picked":["hexamod:RetreatToShadows","hexamod:TimeWarp"],"picked":"hexamod:HexaLevel","floor":13},{"not_picked":["hexamod:GhostShield","hexamod:GhostLash","hexamod:ShieldOfDarkness"],"picked":"SKIP","floor":14},{"not_picked":["hexamod:Hexaguard","hexamod:BacktrackSmack"],"picked":"hexamod:HeatMetal","floor":15},{"not_picked":["hexamod:ParanormalForm","hexamod:TurnItUp"],"picked":"hexamod:TimeOfNeed","floor":16},{"not_picked":["hexamod:Rewind","hexamod:ThermalTransfer"],"picked":"hexamod:Again","floor":19},{"not_picked":["hexamod:FastForward","hexamod:HeatMetal+1","hexamod:GhostLash+1"],"picked":"SKIP","floor":20},{"not_picked":["hexamod:ShieldOfDarkness","hexamod:PhantomCloak"],"picked":"hexamod:DynamicBlow+1","floor":21},{"not_picked":["hexamod:HexaLevel","hexamod:DynamicBlow+1","hexamod:HeatMetal"],"picked":"SKIP","floor":22},{"not_picked":["hexamod:ThirdSeal","hexamod:GhostShield","hexamod:NightmareGuise"],"picked":"SKIP","floor":26},{"not_picked":["hexamod:NightmareGuise","hexamod:Rewind","hexamod:ChargedBarrage+1"],"picked":"SKIP","floor":28}],"player_experience":596231,"relics_obtained":[{"floor":3,"key":"Snack Pack"},{"floor":7,"key":"jedi:shrinkray"},{"floor":9,"key":"aspiration:TomeofQuesting"},{"floor":12,"key":"halation:PrussianBluePaint"},{"floor":24,"key":"hubris:MobiusCoin"}],"event_choices":[],"is_beta":false,"boss_relics":[{"not_picked":["hubris:HollowSoul","Sozu"],"picked":"halation:SmartPhone"}],"items_purged_floors":[27],"is_endless":false,"potions_floor_spawned":[5,8,14,15,21,26],"killed_by":"Gremlin Leader","ascension_level":0}}