{"host":"1qhzi8r9ejho5yph","time":1611696456,"event":{"mods":["AchievementEnabler","BaseMod","Colored Map","Colored Powertips","Highlight Path","Minty Spire (QoL Compilation)","Permanent Neow","Quick Restart","Random Character Button","StSLib","SuperFastMode"],"gold_per_floor":[115,115,3,19,19,19,36,55,81,81,109,125,88,103,103,202,202,212,212,228,46,63,63,162,162,162,162,176,194,194,210,210,210,210],"floor_reached":33,"language":"ENG","playtime":1536,"items_purged":["Defend_R","Defend_R"],"score":274,"play_id":"177159e1-71b4-4b13-a3fc-79f42fc95430","local_time":"20210127052736","is_ascension_mode":false,"campfire_choices":[{"data":"Inflame","floor":6,"key":"SMITH"},{"data":"Uppercut","floor":10,"key":"SMITH"},{"data":"Inflame","floor":15,"key":"SMITH"},{"data":"Forethought","floor":23,"key":"SMITH"},{"data":"Pummel","floor":25,"key":"SMITH"},{"floor":32,"key":"REST"}],"circlet_count":0,"master_deck":["Strike_R","Strike_R","Strike_R","Strike_R","Defend_R","Defend_R","Bash","Forethought+1","Inflame+1","Flame Barrier","Inflame+1","Uppercut+1","Ghostly Armor","Iron Wave","Shrug It Off","Fire Breathing","Reaper","Feed","Flex","Pummel+1","Battle Trance","Shrug It Off","Headbutt","Shrug It Off+1"],"relics":["Burning Blood"],"acts_visited":["Exordium","TheCity"],"potions_floor_usage":[11,18,27,27,29,33],"damage_taken":[{"damage":0,"enemies":"Small Slimes","floor":1,"turns":4},{"damage":10,"enemies":"Cultist","floor":4,"turns":4},{"damage":0,"enemies":"2 Louse","floor":7,"turns":3},{"damage":2,"enemies":"Blue Slaver","floor":8,"turns":5},{"damage":10,"enemies":"3 Sentries","floor":11,"turns":8},{"damage":12,"enemies":"2 Fungi Beasts","floor":12,"turns":4},{"damage":9,"enemies":"Large Slime","floor":14,"turns":4},{"damage":7,"enemies":"The Guardian","floor":16,"turns":12},{"damage":32,"enemies":"3 Byrds","floor":18,"turns":7},{"damage":7,"enemies":"Chosen","floor":20,"turns":6},{"damage":24,"enemies":"Centurion and Healer","floor":22,"turns":10},{"damage":8,"enemies":"Colosseum Slavers","floor":27,"turns":4},{"damage":39,"enemies":"Shelled Parasite and Fungi","floor":28,"turns":6},{"damage":5,"enemies":"Cultist and Chosen","floor":29,"turns":7},{"damage":14,"enemies":"Snecko","floor":31,"turns":7},{"damage":117,"enemies":"Automaton","floor":33,"turns":12}],"seed_played":"-3670459277729945308","potions_obtained":[{"floor":1,"key":"Fire Potion"},{"floor":8,"key":"LiquidMemories"},{"floor":14,"key":"Energy Potion"},{"floor":16,"key":"Block Potion"},{"floor":18,"key":"SteroidPotion"},{"floor":28,"key":"Weak Potion"},{"floor":31,"key":"SmokeBomb"}],"is_trial":false,"path_per_floor":["M","?","$","M","?","R","M","M","T","R","E","M","$","M","R","B",null,"M","?","M","$","M","R","?","R","T","?","M","M","?","M","R","B"],"character_chosen":"IRONCLAD","items_purchased":["Flame Barrier","Fire Breathing","Pummel"],"campfire_rested":1,"item_purchase_floors":[3,13,21],"current_hp_per_floor":[80,80,80,76,81,81,85,85,85,85,81,75,75,72,72,71,85,71,54,53,53,50,50,50,50,50,58,25,26,59,54,84,0,0],"gold":210,"neow_bonus":"RANDOM_COLORLESS","is_daily":false,"chose_seed":false,"campfire_upgraded":5,"win_rate":0.0,"timestamp":1611696456,"path_taken":["M","?","$","?","?","R","M","M","T","R","E","M","$","M","R","BOSS","M","?","M","$","M","R","?","R","T","?","M","M","?","M","R","BOSS"],"items_purchased_type":["Card","Card","Card"],"build_version":"2020-12-22","purchased_purges":2,"victory":false,"max_hp_per_floor":[80,80,80,80,85,85,85,85,85,85,85,85,85,85,85,85,85,88,93,93,93,96,96,96,96,96,99,99,99,99,102,102,102,102],"card_choices":[{"not_picked":["Blind","Jack Of All Trades"],"picked":"Forethought","floor":0},{"not_picked":["Iron Wave","True Grit"],"picked":"Inflame","floor":1},{"not_picked":["Searing Blow","Wild Strike"],"picked":"Inflame","floor":4},{"not_picked":["Clash","Spot Weakness"],"picked":"Uppercut","floor":7},{"not_picked":["Hemokinesis","Thunderclap"],"picked":"Ghostly Armor","floor":8},{"not_picked":["Reaper","Sentinel"],"picked":"Iron Wave","floor":11},{"not_picked":["Flex","Spot Weakness"],"picked":"Shrug It Off","floor":12},{"not_picked":["Combust","Wild Strike"],"picked":"Reaper","floor":14},{"not_picked":["Brutality","Juggernaut"],"picked":"Feed","floor":16},{"not_picked":["Spot Weakness","Body Slam","Burning Pact"],"picked":"SKIP","floor":18},{"not_picked":["Thunderclap","Clash"],"picked":"Flex","floor":20},{"not_picked":["Headbutt","Fire Breathing"],"picked":"Battle Trance","floor":22},{"not_picked":["Second Wind+1","Clothesline+1"],"picked":"Shrug It Off","floor":28},{"not_picked":["Heavy Blade","Offering"],"picked":"Headbutt","floor":29},{"not_picked":["Armaments","Thunderclap"],"picked":"Shrug It Off+1","floor":31}],"player_experience":336197,"relics_obtained":[],"event_choices":[{"cards_removed":["Strike_R"],"damage_healed":0,"gold_gain":0,"player_choice":"Purged","damage_taken":0,"max_hp_gain":0,"max_hp_loss":0,"event_name":"Purifier","floor":2,"gold_loss":0},{"damage_healed":0,"gold_gain":0,"player_choice":"Donut","damage_taken":0,"max_hp_gain":5,"max_hp_loss":0,"event_name":"Big Fish","floor":5,"gold_loss":0},{"damage_healed":0,"gold_gain":0,"player_choice":"Shed Blood","damage_taken":22,"max_hp_gain":5,"max_hp_loss":0,"event_name":"Forgotten Altar","floor":19,"gold_loss":0},{"damage_healed":0,"gold_gain":99,"player_choice":"Stole From Cult","damage_taken":0,"max_hp_gain":0,"max_hp_loss":0,"event_name":"Nest","floor":24,"gold_loss":0},{"damage_healed":0,"gold_gain":0,"player_choice":"Fight","damage_taken":0,"max_hp_gain":0,"max_hp_loss":0,"event_name":"Colosseum","floor":27,"gold_loss":0},{"damage_healed":0,"gold_gain":0,"player_choice":"Fled From Nobs","damage_taken":0,"max_hp_gain":0,"max_hp_loss":0,"event_name":"Colosseum","floor":27,"gold_loss":0},{"damage_healed":33,"gold_gain":0,"player_choice":"Heal","damage_taken":0,"max_hp_gain":0,"max_hp_loss":0,"event_name":"The Library","floor":30,"gold_loss":0}],"is_beta":false,"boss_relics":[{"not_picked":[]}],"items_purged_floors":[3,21],"is_endless":false,"potions_floor_spawned":[1,8,14,16,18,27,28,31],"killed_by":"Automaton","ascension_level":0}}