{"host":"nb3r5a3er9rrnn3n","time":1611639901,"event":{"mods":["BaseMod","Colored Map","Downfall","Minty Spire (QoL Compilation)","Spire Arcade","StSLib"],"gold_per_floor":[99,113,126,137,153,180,207,220,252,152,179,13,13,13,28,124,124,124,144,164,164,74,94,141,167,167,179,179,179,179,196,215,320,320,320,335,345,395,476,528,528,528,403,421,452,470,470,137,156,156,156,156],"floor_reached":50,"language":"ENG","playtime":3272,"items_purged":["downfall:Malfunctioning","bronze:Replicate","bronze:ChildClass+1"],"score":693,"play_id":"3c4434e9-88ba-4a09-8d94-3dd767d8d548","local_time":"20210126164501","is_ascension_mode":true,"campfire_choices":[{"floor":1.0,"key":"RECALL"},{"data":"bronze:DarkDash","floor":10.0,"key":"SMITH"},{"data":"bronze:Flail","floor":13.0,"key":"SMITH"},{"data":"bronze:FindAndReplace","floor":18.0,"key":"SMITH"},{"data":"bronze:BronzeOrb","floor":28.0,"key":"SMITH"},{"data":"bronze:BronzeOrb","floor":30.0,"key":"SMITH"},{"data":"bronze:Verify","floor":35.0,"key":"SMITH"}],"circlet_count":0,"master_deck":["bronze:Defend+1","bronze:Defend+1","bronze:Defend","bronze:Defend","bronze:Goto+1","bronze:Flail+1","bronze:BronzeOrb+1","bronze:DarkDash+1","bronze:FineTuning","bronze:ForLoop","bronze:Verify+1","bronze:FindAndReplace+1","bronze:BronzeOrb+1","bronze:BuggyMess","Bite","Bite","Bite","Bite","Bite","bronze:Verify+1"],"relics":["bronze:BronzeCore","Vajra","Toy Ornithopter","Oddly Smooth Stone","downfall:HeartBlessingRed","Shuriken","sneckomod:SneckoTalon","Enchiridion","Juzu Bracelet","War Paint","Snecko Eye","FossilizedHelix","DollysMirror","Mango","bronze:DecasWashers","bronze:BottledCode","Guardian:PocketSentry"],"acts_visited":["Exordium","TheCity","TheBeyond"],"potions_floor_usage":[50,50,50,50],"damage_taken":[{"damage":0.0,"enemies":"Cultist","floor":2.0,"turns":5.0},{"damage":4.0,"enemies":"Small Slimes","floor":3.0,"turns":4.0},{"damage":2.0,"enemies":"Jaw Worm","floor":4.0,"turns":4.0},{"damage":2.0,"enemies":"Large Slime","floor":5.0,"turns":5.0},{"damage":15.0,"enemies":"3 Sentries","floor":6.0,"turns":5.0},{"damage":2.0,"enemies":"Blue Slaver","floor":8.0,"turns":3.0},{"damage":4.0,"enemies":"Gremlin Nob","floor":9.0,"turns":3.0},{"damage":11.0,"enemies":"Lagavulin","floor":11.0,"turns":4.0},{"damage":0.0,"enemies":"downfall:FleeingMerchant","floor":12.0,"turns":4.0},{"damage":0.0,"enemies":"Red Slaver","floor":15.0,"turns":1.0},{"damage":14.0,"enemies":"SI_SHIV_ARCHETYPE","floor":16.0,"turns":6.0},{"damage":5.0,"enemies":"3 Byrds","floor":19.0,"turns":2.0},{"damage":0.0,"enemies":"Spheric Guardian","floor":20.0,"turns":3.0},{"damage":0.0,"enemies":"downfall:FleeingMerchant","floor":22.0,"turns":4.0},{"damage":11.0,"enemies":"Snake Plant","floor":23.0,"turns":4.0},{"damage":24.0,"enemies":"Gremlin Leader","floor":25.0,"turns":5.0},{"damage":0.0,"enemies":"Cultist and Chosen","floor":27.0,"turns":4.0},{"damage":0.0,"enemies":"Chosen and Byrds","floor":31.0,"turns":4.0},{"damage":3.0,"enemies":"Snecko","floor":32.0,"turns":4.0},{"damage":15.0,"enemies":"WA_ARCHETYPE_CALM","floor":33.0,"turns":9.0},{"damage":4.0,"enemies":"3 Darklings","floor":36.0,"turns":3.0},{"damage":0.0,"enemies":"Orb Walker","floor":37.0,"turns":3.0},{"damage":34.0,"enemies":"Orb Walker","floor":38.0,"turns":8.0},{"damage":0.0,"enemies":"downfall:FleeingMerchant","floor":39.0,"turns":4.0},{"damage":15,"enemies":"2 Orb Walkers","floor":40,"turns":4},{"damage":0,"enemies":"Sphere and 2 Shapes","floor":44,"turns":5},{"damage":19,"enemies":"Nemesis","floor":45,"turns":5},{"damage":0,"enemies":"3 Darklings","floor":46,"turns":3},{"damage":0,"enemies":"Maw","floor":49,"turns":5},{"damage":80,"enemies":"DF_ARCHETYPE_ORBS","floor":50,"turns":6}],"seed_played":"1747452167053597343","potions_obtained":[{"floor":2.0,"key":"Dexterity Potion"},{"floor":3.0,"key":"SpeedPotion"},{"floor":6.0,"key":"BlessingOfTheForge"},{"floor":8.0,"key":"Energy Potion"},{"floor":9.0,"key":"ColorlessPotion"},{"floor":29.0,"key":"GamblersBrew"},{"floor":29.0,"key":"EntropicBrew"},{"floor":38.0,"key":"EssenceOfSteel"},{"floor":46,"key":"ColorlessPotion"}],"is_trial":false,"path_per_floor":["R","M","M","M","M","E","T","M","E","R","E","$","R","?","M","B",null,"R","M","M","?","$","M","T","E","?","M","R","?","R","M","M","B",null,"R","M","M","?","$","?","T","?","$","M","E","M","?","?","M","B"],"character_chosen":"THE_AUTOMATON","items_purchased":["bronze:Verify","DollysMirror"],"campfire_rested":0,"item_purchase_floors":[12,39],"current_hp_per_floor":[70,70,66,64,62,47,47,50,46,46,40,40,40,40,40,26,59,59,59,59,43,43,32,32,8,8,20,20,20,20,36,41,45,48,48,47,47,28,47,54,54,53,53,53,38,46,46,60,60,0,0,0],"gold":156,"neow_bonus":"UPGRADE_CARD","is_daily":false,"chose_seed":false,"campfire_upgraded":6,"win_rate":0.0,"timestamp":1611639901,"path_taken":["R","M","M","M","M","E","T","M","E","R","E","$","R","?","M","BOSS","R","M","M","?","$","M","T","E","?","M","R","?","R","M","M","BOSS","R","M","M","?","$","?","T","?","$","M","E","M","?","?","M","BOSS"],"items_purchased_type":["Card","Relic"],"build_version":"2020-12-22","purchased_purges":3,"victory":false,"max_hp_per_floor":[70,70,70,70,70,70,70,70,70,70,70,70,70,70,70,70,70,70,70,70,70,70,70,70,70,49,49,49,49,49,49,49,49,49,49,49,49,49,49,63,63,53,53,53,53,53,53,60,60,60,60,60],"card_choices":[{"not_picked":["bronze:NullPointer","bronze:WhirlingStrike","bronze:ChildClass"],"picked":"SKIP","floor":2.0},{"not_picked":["bronze:ClassDefault","bronze:Iterate"],"picked":"bronze:Flail","floor":3.0},{"not_picked":["bronze:Turbo","bronze:Shell"],"picked":"bronze:BronzeOrb","floor":4.0},{"not_picked":["bronze:BronzeArmor","bronze:BuggyMess"],"picked":"bronze:DarkDash","floor":5.0},{"not_picked":["bronze:BitShift","bronze:Separator","bronze:ThunderWave"],"picked":"SKIP","floor":6.0},{"not_picked":["bronze:WhirlingStrike","bronze:BuggyMess"],"picked":"bronze:FineTuning","floor":8.0},{"not_picked":["bronze:FollowUp","bronze:Repulsor"],"picked":"bronze:ChildClass","floor":9.0},{"not_picked":["bronze:Backtrace","bronze:BugBarrage"],"picked":"bronze:ForLoop","floor":11.0},{"not_picked":["bronze:Deprecate","bronze:DelayedSlice","bronze:Shield"],"picked":"SKIP","floor":12.0},{"not_picked":["bronze:ChosenStrike","bronze:ForLoop","bronze:Backtrace"],"picked":"SKIP","floor":15.0},{"not_picked":["bronze:ChosenStrike","bronze:ForLoop","bronze:Backtrace"],"picked":"SKIP","floor":15.0},{"not_picked":["bronze:Format","bronze:AlphaBuild"],"picked":"bronze:FindAndReplace","floor":16.0},{"not_picked":["bronze:FineTuning","bronze:Repair","bronze:CutThrough"],"picked":"SKIP","floor":19.0},{"not_picked":["bronze:WildBeam","bronze:Shield+1","bronze:Fortify+1"],"picked":"SKIP","floor":20.0},{"not_picked":["bronze:Turbo","bronze:MaxOutput"],"picked":"bronze:BronzeOrb","floor":22.0},{"not_picked":["bronze:Turbo+1","bronze:CloningBeam+1","bronze:Shield"],"picked":"SKIP","floor":23.0},{"not_picked":["bronze:Repair","bronze:BronzeArmor"],"picked":"bronze:BuggyMess","floor":25.0},{"not_picked":["bronze:DigitalCarnage+1","bronze:Shield","bronze:Repulsor"],"picked":"SKIP","floor":27.0},{"not_picked":["bronze:OilSpill","bronze:Boost","bronze:BugBarrage"],"picked":"SKIP","floor":31.0},{"not_picked":["bronze:Safeguard","bronze:Deprecate","bronze:FollowUp"],"picked":"SKIP","floor":32.0},{"not_picked":["bronze:BugBarrage","bronze:GetLatest","bronze:Philosophize"],"picked":"SKIP","floor":36.0},{"not_picked":["bronze:Shell+1","bronze:DelayedSlice+1","bronze:Repair"],"picked":"SKIP","floor":37.0},{"not_picked":["bronze:Refactor+1","bronze:WildBeam"],"picked":"bronze:BronzeOrb+1","floor":38.0},{"not_picked":["bronze:NullPointer","bronze:ForLoop+1","bronze:CutThrough"],"picked":"SKIP","floor":44},{"not_picked":["bronze:Assembly","bronze:Terminator","bronze:Boost+1"],"picked":"SKIP","floor":45},{"not_picked":["bronze:Constructor","bronze:Boost+1","bronze:BuggyMess"],"picked":"SKIP","floor":46},{"not_picked":["bronze:WhirlingStrike+1","bronze:Turbo+1","bronze:Separator+1"],"picked":"SKIP","floor":49}],"player_experience":1938539,"relics_obtained":[{"floor":6.0,"key":"Vajra"},{"floor":7.0,"key":"Toy Ornithopter"},{"floor":9.0,"key":"Oddly Smooth Stone"},{"floor":11.0,"key":"Shuriken"},{"floor":21.0,"key":"Enchiridion"},{"floor":24.0,"key":"Juzu Bracelet"},{"floor":25.0,"key":"War Paint"},{"floor":38.0,"key":"FossilizedHelix"},{"floor":40,"key":"Mango"},{"floor":41,"key":"bronze:DecasWashers"},{"floor":45,"key":"Guardian:PocketSentry"}],"event_choices":[{"damage_healed":0.0,"max_hp_gain":0.0,"max_hp_loss":21.0,"gold_gain":0.0,"event_name":"Vampires","player_choice":"Became a vampire","floor":26.0,"gold_loss":0.0,"damage_taken":0.0,"cards_obtained":["Bite","Bite","Bite","Bite","Bite"]},{"damage_healed":0.0,"max_hp_gain":0.0,"max_hp_loss":0.0,"gold_gain":0.0,"event_name":"Lab","player_choice":"Got Potions","floor":29.0,"gold_loss":0.0,"damage_taken":0.0},{"damage_healed":0,"gold_gain":0,"player_choice":"Fight","damage_taken":0,"max_hp_gain":0,"max_hp_loss":0,"event_name":"Mysterious Sphere","floor":40,"gold_loss":0},{"cards_removed":["bronze:BronzeOrb"],"damage_healed":0,"gold_gain":0,"player_choice":"Removed Attack","damage_taken":0,"max_hp_gain":0,"max_hp_loss":0,"event_name":"Falling","floor":47,"gold_loss":0}],"is_beta":false,"boss_relics":[{"not_picked":["Tiny House","SacredBark"],"picked":"sneckomod:SneckoTalon"},{"not_picked":["Sozu","Coffee Dripper"],"picked":"Snecko Eye"}],"items_purged_floors":[22,39,43],"is_endless":false,"potions_floor_spawned":[2,3,6,8,9,31,32,38,46],"killed_by":"DF_ARCHETYPE_ORBS","ascension_level":5}}