{"host":"cq2iqt18u9swspes","time":1611657819,"event":{"mods":["AchievementEnabler","BaseMod","BetterRewards","Colored Map","Downfall","Minty Spire (QoL Compilation)","StSLib","The Cursed"],"gold_per_floor":[118,135,135,148,164,175,250,260,18,3,3,103,120,185,185,285,285,296,307,30,30,30,45,45,45,62,62,47,82,94,117,129,236,248,275,162,212,212,227,244,268,268,268,268,279,311,211,222,122,122],"floor_reached":51,"language":"ENG","playtime":6146,"items_purged":["champ:Strike","champ:SkillfulDodge+1"],"score":764,"play_id":"3496f641-6387-4b8e-9dcd-3264d8c13a23","local_time":"20210126114339","is_ascension_mode":false,"campfire_choices":[{"floor":11,"key":"REST"},{"floor":15,"key":"REST"},{"floor":25,"key":"REST"},{"floor":27,"key":"REST"},{"floor":30,"key":"REST"},{"data":"champ:HeartStrike","floor":32,"key":"SMITH"},{"data":"champ:GladiatorForm","floor":43,"key":"SMITH"},{"floor":47,"key":"RECALL"},{"floor":49,"key":"REST"}],"circlet_count":0,"master_deck":["champ:Strike","champ:Strike","champ:Strike","champ:Defend","champ:Defend","champ:Defend","champ:Execute","champ:Taunt+1","champ:BerserkersShout","champ:RisingSlash","champ:FaceSlap","champ:EnGarde","champ:FanOfKnives","champ:AdrenalArmor","champ:StanceDance","champ:RisingSlash","champ:CrookedStrike","champ:PreciseThrust","champ:Shatter","champ:Devastate","champ:BladeFlurry","champ:StanceDance+1","champ:VampiricStrike","champ:FanOfKnives+1","champ:ShieldSlam+1","champ:HeartStrike+1","champ:GladiatorForm+1","champ:FocusedBerserking+1","champ:FaceSlap+1","expansioncontent:PrepareCrush","champ:FaceSlap","champ:BringItOn","champ:ShieldWall","champ:AdrenalArmor+1","champ:AdrenalArmor+1","champ:FaceSlap+1","champ:PreciseThrust+1"],"relics":["champ:ChampionCrown","Letter Opener","Regal Pillow","CloakClasp","Du-Vu Doll","Black Star","Bottled Lightning","Ornamental Fan","StoneCalendar","Potion Belt","MawBank","SlaversCollar","FossilizedHelix","Oddly Smooth Stone","Juzu Bracelet","Pear","downfall:HeartBlessingGreen","downfall:HeartBlessingRed"],"acts_visited":["Exordium","TheCity","TheBeyond"],"potions_floor_usage":[2,12,33,33,33,40,40,50,50,50],"damage_taken":[{"damage":27,"enemies":"Jaw Worm","floor":1,"turns":6},{"damage":48,"enemies":"Cultist","floor":2,"turns":5},{"damage":0,"enemies":"2 Louse","floor":4,"turns":2},{"damage":40,"enemies":"2 Fungi Beasts","floor":5,"turns":5},{"damage":42,"enemies":"Exordium Wildlife","floor":6,"turns":4},{"damage":49,"enemies":"Blue Slaver","floor":8,"turns":3},{"damage":60,"enemies":"downfall:FleeingMerchant","floor":9,"turns":4},{"damage":35,"enemies":"downfall:FleeingMerchant","floor":10,"turns":4},{"damage":108,"enemies":"downfall:FleeingMerchant","floor":12,"turns":8},{"damage":15,"enemies":"3 Louse","floor":13,"turns":2},{"damage":33,"enemies":"Lagavulin Event","floor":14,"turns":4},{"damage":82,"enemies":"IC_STATUS_ARCHETYPE","floor":16,"turns":7},{"damage":41,"enemies":"Shell Parasite","floor":18,"turns":6},{"damage":43,"enemies":"Spheric Guardian","floor":19,"turns":4},{"damage":35,"enemies":"downfall:FleeingMerchant","floor":20,"turns":4},{"damage":57,"enemies":"Snake Plant","floor":23,"turns":3},{"damage":56,"enemies":"Shelled Parasite and Fungi","floor":26,"turns":4},{"damage":61,"enemies":"downfall:FleeingMerchant","floor":28,"turns":4},{"damage":85,"enemies":"Book of Stabbing","floor":29,"turns":6},{"damage":29,"enemies":"Snecko","floor":31,"turns":5},{"damage":144,"enemies":"DF_ARCHETYPE_CLAW","floor":33,"turns":7},{"damage":76,"enemies":"3 Shapes","floor":35,"turns":5},{"damage":49,"enemies":"downfall:FleeingMerchant","floor":36,"turns":3},{"damage":50,"enemies":"downfall:FleeingMerchant","floor":37,"turns":5},{"damage":5,"enemies":"Orb Walker","floor":39,"turns":2},{"damage":49,"enemies":"Sphere and 2 Shapes","floor":40,"turns":5},{"damage":46,"enemies":"Spire Growth","floor":45,"turns":4},{"damage":68,"enemies":"Reptomancer","floor":46,"turns":7},{"damage":41,"enemies":"Jaw Worm Horde","floor":48,"turns":5},{"damage":165,"enemies":"SI_POISON_ARCHETYPE","floor":50,"turns":6}],"seed_played":"-2626429831731749209","potions_obtained":[{"floor":2,"key":"Fruit Juice"},{"floor":6,"key":"BlessingOfTheForge"},{"floor":13,"key":"Explosive Potion"},{"floor":14,"key":"sneckomod:MuddlingPotion"},{"floor":16,"key":"LiquidMemories"},{"floor":19,"key":"Strength Potion"},{"floor":31,"key":"FairyPotion"},{"floor":33,"key":"PowerPotion"},{"floor":35,"key":"BlessingOfTheForge"},{"floor":40,"key":"GamblersBrew"},{"floor":45,"key":"hexamod:SoulburnPotion"},{"floor":48,"key":"champ:CounterPotion"}],"is_trial":false,"path_per_floor":["M","M","?","M","M","M","T","M","$","$","R","?","M","?","R","B",null,"M","M","$","?","T","M","T","R","M","R","$","E","R","M","R","B",null,"M","$","?","?","M","M","T","?","R","?","M","E","R","M","R","B",null],"character_chosen":"THE_CHAMP","items_purchased":["Regal Pillow","Bottled Lightning","expansioncontent:PrepareCrush","champ:FaceSlap","Swift Potion","Strength Potion","champ:BringItOn","champ:ShieldWall"],"campfire_rested":6,"item_purchase_floors":[9,20,36,36,36,36,36,36],"current_hp_per_floor":[92,89,89,89,84,82,82,58,53,48,94,74,74,66,104,77,104,88,70,70,70,70,53,53,99,73,104,88,53,99,90,90,34,104,68,54,54,54,54,55,55,91,91,91,91,87,87,71,101,30],"gold":122,"neow_bonus":"TEN_PERCENT_HP_BONUS","is_daily":false,"chose_seed":false,"campfire_upgraded":2,"win_rate":0.0,"timestamp":1611657819,"path_taken":["M","M","?","M","M","M","T","M","?","$","R","?","M","?","R","BOSS","M","M","$","?","?","M","T","R","M","R","?","E","R","M","R","BOSS","M","$","?","?","M","?","T","?","R","?","M","E","R","M","R","BOSS"],"items_purchased_type":["Relic","Relic","Card","Card","Potion","Potion","Card","Card"],"build_version":"2020-12-22","purchased_purges":2,"victory":true,"max_hp_per_floor":[99,104,104,104,104,104,104,104,104,104,104,104,104,104,104,104,104,104,104,104,104,104,104,104,104,104,104,104,104,104,104,104,104,104,104,104,104,104,104,104,104,91,91,91,91,101,101,101,101,101],"card_choices":[{"not_picked":["champ:Parry","champ:BringItOn"],"picked":"champ:BerserkersShout","floor":1},{"not_picked":["champ:PerfectedStrike","champ:PreemptiveStrike"],"picked":"champ:RisingSlash","floor":2},{"not_picked":["champ:ShieldWall","champ:Backstep"],"picked":"champ:FaceSlap","floor":4},{"not_picked":["champ:BladeFlurry","champ:FanOfKnives"],"picked":"champ:EnGarde","floor":5},{"not_picked":["champ:FlashCut","champ:Encircle"],"picked":"champ:FanOfKnives","floor":6},{"not_picked":["champ:GladiatorStyle","champ:DefensiveShout"],"picked":"champ:AdrenalArmor","floor":8},{"not_picked":["champ:FalseCounter","champ:Backstep"],"picked":"champ:StanceDance","floor":9},{"not_picked":["champ:Encircle","champ:GutPunch"],"picked":"champ:RisingSlash","floor":10},{"not_picked":["champ:Shatter","champ:FalseCounter"],"picked":"champ:CrookedStrike","floor":12},{"not_picked":["champ:CalledShot","champ:SetATrap"],"picked":"champ:PreciseThrust","floor":13},{"not_picked":["champ:PreciseThrust","champ:Circumvent"],"picked":"champ:Shatter","floor":14},{"not_picked":["champ:MurderStrike","champ:SwordThrow"],"picked":"champ:Devastate","floor":16},{"not_picked":["champ:PreciseThrust","champ:CrownThrow"],"picked":"champ:BladeFlurry","floor":18},{"not_picked":["champ:FanOfKnives","champ:Backstep"],"picked":"champ:StanceDance+1","floor":19},{"not_picked":["champ:StanceDance","champ:Haymaker"],"picked":"champ:VampiricStrike","floor":20},{"not_picked":["champ:Duel","champ:Backstep"],"picked":"champ:FanOfKnives+1","floor":23},{"not_picked":["champ:BladeFlurry","champ:StanceDance"],"picked":"champ:SkillfulDodge+1","floor":26},{"not_picked":["champ:StanceDance+1","champ:PreemptiveStrike"],"picked":"champ:ShieldSlam+1","floor":28},{"not_picked":["champ:PreemptiveStrike","champ:RapidStrikes"],"picked":"champ:HeartStrike","floor":29},{"not_picked":["champ:TornadoPunch","champ:EndlessRage","champ:DeathBlow"],"picked":"SKIP","floor":31},{"not_picked":["champ:IgnorePain","champ:ShieldThrow"],"picked":"champ:GladiatorForm","floor":33},{"not_picked":["champ:RisingSlash","champ:DeathBlow"],"picked":"champ:FocusedBerserking+1","floor":35},{"not_picked":["champ:FlashCut+1","champ:DefensiveShout"],"picked":"champ:FaceSlap+1","floor":36},{"not_picked":["champ:BringItOn+1","champ:TornadoPunch"],"picked":"champ:AdrenalArmor+1","floor":37},{"not_picked":["champ:PerfectedStrike","champ:Circumvent+1","champ:HeartStrike"],"picked":"SKIP","floor":39},{"not_picked":["champ:SetATrap+1","champ:FalseCounter"],"picked":"champ:AdrenalArmor+1","floor":40},{"not_picked":["champ:TripleStrike","champ:IronFortress+1"],"picked":"champ:FaceSlap+1","floor":45},{"not_picked":["champ:FlashCut","champ:EnGarde"],"picked":"champ:PreciseThrust+1","floor":46},{"not_picked":["champ:TripleStrike","champ:Encircle+1","champ:BerserkersShout"],"picked":"SKIP","floor":48}],"player_experience":55135,"relics_obtained":[{"floor":7,"key":"Letter Opener"},{"floor":12,"key":"CloakClasp"},{"floor":14,"key":"Du-Vu Doll"},{"floor":22,"key":"Ornamental Fan"},{"floor":24,"key":"StoneCalendar"},{"floor":29,"key":"Potion Belt"},{"floor":29,"key":"MawBank"},{"floor":37,"key":"FossilizedHelix"},{"floor":41,"key":"Oddly Smooth Stone"},{"floor":46,"key":"Juzu Bracelet"},{"floor":46,"key":"Pear"}],"event_choices":[{"damage_healed":0,"gold_gain":0,"player_choice":"Forge","damage_taken":0,"max_hp_gain":0,"max_hp_loss":0,"event_name":"Accursed Blacksmith","floor":3,"gold_loss":0,"cards_upgraded":["champ:Taunt"]},{"cards_removed":["champ:Defend"],"damage_healed":0,"gold_gain":0,"player_choice":"Removed Skill","damage_taken":0,"max_hp_gain":0,"max_hp_loss":0,"event_name":"Falling","floor":38,"gold_loss":0},{"damage_healed":0,"gold_gain":0,"player_choice":"Ignored","damage_taken":0,"max_hp_gain":0,"max_hp_loss":0,"event_name":"Mysterious Sphere","floor":44,"gold_loss":0}],"is_beta":false,"boss_relics":[{"not_picked":["Runic Pyramid","SacredBark"],"picked":"Black Star"},{"not_picked":["Philosopher\u0027s Stone","Runic Dome"],"picked":"SlaversCollar"}],"items_purged_floors":[9,36],"is_endless":false,"potions_floor_spawned":[2,6,13,14,16,19,31,33,35,40,45,48],"ascension_level":0}}