{"host":"amnup8uv961nil3y","time":1611693547,"event":{"mods":["Act Like it!","Aspiration","BaseMod","Bestiary","Better Altar","Better Match","Better Sensory Stone","Better Synergies","Better Third Choice","Block Reminder","Challenge The Spire","Colored Map","Colored Powertips","Colorless Booster Pack","Conspire","DeckTracker","Disable Question Mark Monsters","Elementarium","Energized Spire","Evolution","GifTheSpireLib","Halation","HexUI Lib","Highlight Path","Hubris","Infinite Spire","Lotus Mark","Menagerie","Minty Spire (QoL Compilation)","Pale of the Ancients","Potion Indicator Mod","Quarter Circle Forward PUNCH!","Random Character Button","Relic Stats","Reliquary","Replay The Spire","Reworked Bosses","Shop Mod","Small Relic Pack","Spicy Shops","Spikes Relics","StSLib","Stuff the Spire","Swap Starting Deck Mod","The Jungle","TheSurvivalist","Trackpad","Useless Jewels Mod","Wandering Minibosses"],"gold_per_floor":[110,124,124,124,140,140,173,192,192,206,206,206,206,216,216,321,321,333,222,222,222,237,268,284,284,308,333,333,350,366,382,382,481,481,500,515,533,77,97,97,122,122,122,147,195,206,206,224,224,224],"floor_reached":51,"language":"ENG","playtime":6923,"items_purged":["Regret","Pain"],"score":1101,"play_id":"a50f5960-0df0-408a-8b45-b0065231b5ae","local_time":"20210126203907","is_ascension_mode":false,"campfire_choices":[{"data":"survmod:FlareQuiver","floor":6.0,"key":"SMITH"},{"floor":13.0,"key":"REST"},{"floor":15.0,"key":"REST"},{"data":"survmod:Sprint","floor":25,"key":"SMITH"},{"floor":32,"key":"REST"},{"data":"survmod:TacticalManeuver","floor":40,"key":"SMITH"},{"data":"survmod:FlareQuiver","floor":42,"key":"SMITH"},{"floor":49,"key":"DIG"}],"circlet_count":0,"master_deck":["survmod:Strike+1","survmod:Strike+1","survmod:Strike+1","survmod:Strike+1","survmod:Defend+1","survmod:Defend+1","survmod:Defend+1","survmod:Defend+1","survmod:VersatileOffense","survmod:Sprint+1","survmod:FlareQuiver+1","survmod:GoForFace","survmod:QuickThinking","survmod:AcidTrap","survmod:DuckAndFlare","survmod:DuckAndFlare","survmod:MarkedFromAfar","survmod:TrapTrap","survmod:MarkedShot","survmod:FlashbangTrap","survmod:FlashbangTrap","Swivel","survmod:MarkedFromAfar","survmod:PiercingShot","Prostrate","Replay:ManipulateFuture+1","survmod:QuickDash","FTL","survmod:DuckAndFlare","ReplayTheSpireMod:Speed Training","survmod:AcidArrow","survmod:MarkTrap","survmod:TacticalManeuver+1","survmod:MarkedForDeath","survmod:SwiftKick+1","survmod:SkillfulManeuver+1","survmod:MarkedShot+1","survmod:DuckAndFlare","Pot Of Greed","Pot Of Greed","Pot Of Greed","Pot Of Greed","survmod:FlareQuiver+1","survmod:OverwhelmingAssault","survmod:NockAnArrow","survmod:FlareQuiver+1","survmod:TacticalManeuver"],"relics":["infinitespire:DarkRift","EVO:Axolotl","infinitespire:Cubic Diamond","Bag of Preparation","Replay:Rubber Ducky","aspiration:SneckoTail","SnailShell","Honey Jar","qcfpunch:School_Backpack","Iron Hammer","Happy Flower","reliquary:RosewoodLute","WarpedTongs","energizedSpire:MagnifyingGlass","wanderingMiniBosses:AbyssPearl","survmod:RunningShoes","reliquary:PartyBalloon","halation:PeacePiece","Grinning Jar","Replay:Mystery Machine","aspiration:FrozenJewel","StuffTheSpire:Nightcore","ReplayTheSpireMod:Ring of Challenge","hubris:BundleOfHerbs"],"acts_visited":["Exordium","TheCity","TheBeyond"],"potions_floor_usage":[29,30,30,33],"damage_taken":[{"damage":0.0,"enemies":"conspire:RoseBush","floor":1.0,"turns":4.0},{"damage":0.0,"enemies":"Small Slimes","floor":2.0,"turns":4.0},{"damage":6.0,"enemies":"infinitespire:Voidling","floor":5.0,"turns":6.0},{"damage":26.0,"enemies":"Gremlin Nob","floor":7.0,"turns":4.0},{"damage":11.0,"enemies":"Looter","floor":8.0,"turns":3.0},{"damage":2.0,"enemies":"3 Louse","floor":10.0,"turns":4.0},{"damage":17.0,"enemies":"Large Slime","floor":14.0,"turns":7.0},{"damage":8.0,"enemies":"Slime Boss","floor":16.0,"turns":12.0},{"damage":6,"enemies":"Spheric Guardian","floor":18,"turns":5},{"damage":0,"enemies":"3 Byrds","floor":22,"turns":4},{"damage":25,"enemies":"Gremlin Leader","floor":23,"turns":8},{"damage":0,"enemies":"Snake Plant","floor":24,"turns":3},{"damage":0,"enemies":"Replay:Snechameleon","floor":27,"turns":4},{"damage":2,"enemies":"Snecko","floor":29,"turns":6},{"damage":17,"enemies":"Chosen and Byrds","floor":30,"turns":7},{"damage":0,"enemies":"Centurion and Healer","floor":31,"turns":5},{"damage":9,"enemies":"bossMod:newCollector","floor":33,"turns":8},{"damage":8,"enemies":"3 Shapes","floor":35,"turns":5},{"damage":0,"enemies":"Orb Walker","floor":36,"turns":3},{"damage":0,"enemies":"Sphere and 2 Shapes","floor":37,"turns":1},{"damage":0,"enemies":"Spire Growth","floor":39,"turns":3},{"damage":0,"enemies":"Reptomancer","floor":41,"turns":2},{"damage":0,"enemies":"Nemesis","floor":44,"turns":3},{"damage":0,"enemies":"2 Orb Walkers","floor":45,"turns":3},{"damage":0,"enemies":"3 Darklings","floor":46,"turns":2},{"damage":0,"enemies":"Jaw Worm Horde","floor":48,"turns":4},{"damage":0,"enemies":"bossMod:newShapes","floor":50,"turns":6}],"seed_played":"-6109850148106153386","potions_obtained":[{"floor":1.0,"key":"Explosive Potion"},{"floor":5.0,"key":"LiquidBronze"},{"floor":8.0,"key":"Ancient Potion"},{"floor":10.0,"key":"BlessingOfTheForge"},{"floor":22,"key":"SpeedPotion"},{"floor":29,"key":"Weak Potion"},{"floor":30,"key":"PowerPotion"},{"floor":36,"key":"LiquidMemories"},{"floor":39,"key":"Fire Potion"},{"floor":45,"key":"Dexterity Potion"}],"is_trial":false,"path_per_floor":["M","M","?","?","M","R","E","M","T","M","?","?","R","M","R","B",null,"M","$","?","AVR","M","E","M","R","T","E","?","M","M","M","R","B",null,"M","M","M","$","M","R","E","R","T","E","?","M","?","M","R_BF","B",null],"character_chosen":"THE_SURVIVOR","items_purchased":["survmod:FlashbangTrap","survmod:RunningShoes","reliquary:PartyBalloon","halation:PeacePiece"],"campfire_rested":3,"item_purchase_floors":[19,38,38,38],"current_hp_per_floor":[55,55,55,55,49,49,23,12,12,10,3,3,19,2,18,10,55,49,49,49,49,49,24,24,24,24,24,24,22,5,5,21,12,55,47,47,47,47,47,47,47,47,47,47,47,47,47,47,47,47],"gold":224,"neow_bonus":"TEN_PERCENT_HP_BONUS","is_daily":false,"chose_seed":false,"campfire_upgraded":4,"win_rate":0.0,"timestamp":1611693547,"path_taken":["M","M","?","?","M","R","E","M","T","M","?","?","R","M","R","BOSS","M","$","?","AVR","M","E","M","R","T","E","?","M","M","M","R","BOSS","M","?","M","$","M","R","E","R","T","E","?","M","?","M","R_BF","BOSS"],"items_purchased_type":["Card","Relic","Relic","Relic"],"build_version":"2020-12-22","purchased_purges":2,"victory":true,"max_hp_per_floor":[55,55,55,55,55,55,55,55,55,55,55,55,55,55,55,55,55,55,55,55,55,55,55,55,55,55,55,55,55,55,55,55,55,55,55,55,55,55,55,55,55,55,55,55,55,55,55,55,55,55],"relic_stats":{"Happy Flower":[20],"counters":[27,125],"Bag of Preparation":[50],"obtain_stats":[{"SnailShell":11,"aspiration:SneckoTail":9,"reliquary:PartyBalloon":38,"infinitespire:Cubic Diamond":3,"wanderingMiniBosses:AbyssPearl":35,"Bag of Preparation":4,"EVO:Axolotl":0,"Replay:Mystery Machine":43,"Replay:Rubber Ducky":7,"Honey Jar":17,"Iron Hammer":23,"StuffTheSpire:Nightcore":45,"survmod:InnateMutation":0,"Happy Flower":26,"reliquary:RosewoodLute":27,"aspiration:FrozenJewel":44,"WarpedTongs":28,"survmod:RunningShoes":38,"infinitespire:DarkRift":3,"qcfpunch:School_Backpack":21,"hubris:BundleOfHerbs":49,"energizedSpire:MagnifyingGlass":34,"Grinning Jar":41,"ReplayTheSpireMod:Ring of Challenge":47,"halation:PeacePiece":38},{"SnailShell":6,"aspiration:SneckoTail":5,"reliquary:PartyBalloon":20,"infinitespire:Cubic Diamond":2,"wanderingMiniBosses:AbyssPearl":18,"Bag of Preparation":2,"EVO:Axolotl":0,"Replay:Mystery Machine":22,"Replay:Rubber Ducky":4,"Honey Jar":8,"Iron Hammer":11,"StuffTheSpire:Nightcore":24,"survmod:InnateMutation":0,"Happy Flower":12,"reliquary:RosewoodLute":13,"aspiration:FrozenJewel":23,"WarpedTongs":13,"survmod:RunningShoes":20,"infinitespire:DarkRift":2,"qcfpunch:School_Backpack":9,"hubris:BundleOfHerbs":26,"energizedSpire:MagnifyingGlass":17,"Grinning Jar":22,"ReplayTheSpireMod:Ring of Challenge":25,"halation:PeacePiece":20},{"SnailShell":25,"aspiration:SneckoTail":21,"reliquary:PartyBalloon":102,"infinitespire:Cubic Diamond":8,"wanderingMiniBosses:AbyssPearl":98,"Bag of Preparation":8,"EVO:Axolotl":0,"Replay:Mystery Machine":107,"Replay:Rubber Ducky":18,"Honey Jar":43,"Iron Hammer":60,"StuffTheSpire:Nightcore":113,"survmod:InnateMutation":0,"Happy Flower":63,"reliquary:RosewoodLute":67,"aspiration:FrozenJewel":110,"WarpedTongs":67,"survmod:RunningShoes":102,"infinitespire:DarkRift":8,"qcfpunch:School_Backpack":48,"hubris:BundleOfHerbs":119,"energizedSpire:MagnifyingGlass":93,"Grinning Jar":107,"ReplayTheSpireMod:Ring of Challenge":115,"halation:PeacePiece":102}],"WarpedTongs":[44]},"card_choices":[{"not_picked":["survmod:Hawkeye","survmod:SwiftKick"],"picked":"survmod:FlareQuiver","floor":1.0},{"not_picked":["survmod:SwiftKick","survmod:BendAndBow"],"picked":"survmod:GoForFace","floor":2.0},{"not_picked":["survmod:FlashbangShot","survmod:TrickShot"],"picked":"survmod:QuickThinking","floor":5.0},{"not_picked":["survmod:FlashbangShot","survmod:FlareBarrage"],"picked":"survmod:AcidTrap","floor":7.0},{"not_picked":["survmod:FlashbangTrap","survmod:BearTrap"],"picked":"survmod:DuckAndFlare","floor":8.0},{"not_picked":["survmod:AcidTrap","survmod:Marksmanship"],"picked":"survmod:DuckAndFlare","floor":10.0},{"not_picked":["survmod:TwinShot","survmod:HiddenTactic"],"picked":"survmod:MarkedFromAfar","floor":14.0},{"not_picked":["survmod:VersatilePower","survmod:ChokingBow"],"picked":"survmod:TrapTrap","floor":16.0},{"not_picked":["survmod:MarkTrap","survmod:UnfortunateEscape","survmod:Hawkeye"],"picked":"survmod:MarkedShot","floor":18},{"not_picked":["Crescendo","CarveReality"],"picked":"Swivel","floor":22},{"not_picked":["survmod:ExplosiveTrap","survmod:FlareQuiver","survmod:MarkedShot"],"picked":"survmod:MarkedFromAfar","floor":22},{"not_picked":["survmod:FocusedFire","survmod:Heartseeker","survmod:PinningSnipe"],"picked":"survmod:PiercingShot","floor":23},{"not_picked":["Weave","FlurryOfBlows"],"picked":"Prostrate","floor":23},{"not_picked":["BattleHymn","Replay:Cycle"],"picked":"Replay:ManipulateFuture+1","floor":24},{"not_picked":["survmod:KnowThyEnemy","survmod:ShrapnelTraps","survmod:WalledOffTraps"],"picked":"survmod:QuickDash","floor":24},{"not_picked":["Hologram","Rebound"],"picked":"FTL","floor":27},{"not_picked":["survmod:PenetratingShot","survmod:WalledOffTraps","survmod:TwinShot"],"picked":"survmod:DuckAndFlare","floor":27},{"not_picked":["Underhanded Strike","Poisoned Stab"],"picked":"ReplayTheSpireMod:Speed Training","floor":29},{"not_picked":["survmod:Hawkeye","survmod:LongShot","survmod:FlashbangTrap"],"picked":"survmod:AcidArrow","floor":29},{"not_picked":["survmod:UnfortunateEscape","survmod:AcidTrap+1","survmod:TwinShot"],"picked":"survmod:MarkTrap","floor":30},{"not_picked":["survmod:TakeAim+1","survmod:KnowThyEnemy","survmod:SwiftKick"],"picked":"survmod:TacticalManeuver","floor":31},{"not_picked":["survmod:ChokingBow","survmod:RobFromTheRich","survmod:CloseCombat"],"picked":"survmod:MarkedForDeath","floor":33},{"not_picked":["survmod:FindCover","survmod:AcidTrap","survmod:UnfortunateEscape"],"picked":"survmod:SwiftKick+1","floor":35},{"not_picked":["survmod:VersatileDefense+1","survmod:MutantEnergy","survmod:MarkTrap"],"picked":"survmod:SkillfulManeuver+1","floor":36},{"not_picked":["survmod:BearTrap","survmod:GoForFace+1","survmod:QuickDash"],"picked":"survmod:MarkedShot+1","floor":37},{"not_picked":["survmod:PenetratingShot+1","survmod:SwiftKick+1","survmod:UnfortunateEscape"],"picked":"survmod:DuckAndFlare","floor":39},{"not_picked":["survmod:GoForFace+1","survmod:FocusedFire+1","survmod:AcidTrap"],"picked":"survmod:FlareQuiver","floor":41},{"not_picked":["survmod:FenceTrap+1","survmod:BearTrap+1","survmod:RobFromTheRich"],"picked":"survmod:OverwhelmingAssault","floor":44},{"not_picked":["survmod:AcidTrap+1","survmod:TwinShot","survmod:PenetratingShot+1"],"picked":"survmod:NockAnArrow","floor":45},{"not_picked":["survmod:FocusedFire","survmod:LongShot+1","survmod:BearTrap+1"],"picked":"survmod:FlareQuiver+1","floor":46},{"not_picked":["survmod:UnfortunateEscape+1","survmod:FlashbangTrap+1","survmod:HiddenTactic"],"picked":"survmod:TacticalManeuver","floor":48}],"player_experience":372118,"relics_obtained":[{"floor":7.0,"key":"Replay:Rubber Ducky"},{"floor":9.0,"key":"aspiration:SneckoTail"},{"floor":23,"key":"Iron Hammer"},{"floor":26,"key":"Happy Flower"},{"floor":27,"key":"reliquary:RosewoodLute"},{"floor":35,"key":"wanderingMiniBosses:AbyssPearl"},{"floor":41,"key":"Grinning Jar"},{"floor":43,"key":"Replay:Mystery Machine"},{"floor":44,"key":"aspiration:FrozenJewel"},{"floor":45,"key":"StuffTheSpire:Nightcore"},{"floor":47,"key":"ReplayTheSpireMod:Ring of Challenge"},{"floor":49,"key":"hubris:BundleOfHerbs"}],"event_choices":[{"damage_healed":0.0,"max_hp_gain":0.0,"max_hp_loss":0.0,"gold_gain":0.0,"event_name":"Big Fish","player_choice":"Box","floor":4.0,"gold_loss":0.0,"damage_taken":0.0,"relics_obtained":["Bag of Preparation"],"cards_obtained":["Regret"]},{"damage_healed":0.0,"max_hp_gain":0.0,"max_hp_loss":0.0,"gold_gain":0.0,"event_name":"betterThird:BetterScrap","player_choice":"Relic ","floor":11.0,"gold_loss":0.0,"damage_taken":7.0,"cards_obtained":["StuffTheSpire:Fury"]},{"damage_healed":0.0,"max_hp_gain":0.0,"max_hp_loss":0.0,"gold_gain":0.0,"event_name":"conspire:Investor","player_choice":"Leave","floor":12.0,"gold_loss":0.0,"damage_taken":0.0},{"damage_healed":0,"gold_gain":0,"player_choice":"Simplicity","damage_taken":0,"max_hp_gain":0,"max_hp_loss":8,"event_name":"betterThird:BetterWriting","floor":20,"gold_loss":0},{"damage_healed":0,"gold_gain":0,"player_choice":"Rummage","damage_taken":0,"relics_obtained":["WarpedTongs"],"max_hp_gain":0,"max_hp_loss":0,"event_name":"Accursed Blacksmith","floor":28,"gold_loss":0,"cards_obtained":["Pain"]},{"damage_healed":0,"gold_gain":0,"player_choice":"Fight","damage_taken":0,"max_hp_gain":0,"max_hp_loss":0,"event_name":"Mysterious Sphere","floor":45,"gold_loss":0}],"is_beta":false,"boss_relics":[{"not_picked":["halation:LoveArrow","Empty Cage"],"picked":"Honey Jar"},{"not_picked":["conspire:SpecialSausage","conspire:RunicOctahedron"],"picked":"energizedSpire:MagnifyingGlass"}],"items_purged_floors":[19,38],"is_endless":false,"potions_floor_spawned":[1,5,8,10,22,29,30,36,39,45,46],"ascension_level":0}}