{"host":"«Â«˛","time":1611630077,"event":{"mods":["BaseMod","Colored Powertips","Marisa£®ÏF”Í°°ƒß¿Ì…≥£©","Minty Spire (QoL Compilation)","Quick Restart","StSLib"],"gold_per_floor":[113,113,67,67,41,41,41,58,83,83,83,83,32,49,49,145,145,164,164,164,110,127,127,127,127,127,93,93,110,110,110,110,454,454,576,576,273,323,85,85,85,145,169,169,218,218,218,11,11,51],"floor_reached":51,"language":"ZHS","playtime":2667,"items_purged":[],"score":774,"play_id":"79041108-4049-4614-aeee-33e9e7c8d702","local_time":"20210126110117","daily_mods":["SealedDeck","Heirloom","Time Dilation","Flight"],"is_ascension_mode":false,"campfire_choices":[{"data":"Singularity","floor":6,"key":"SMITH"},{"data":"Singularity","floor":7,"key":"SMITH"},{"data":"Singularity","floor":11,"key":"SMITH"},{"data":"EnergyRecoil","floor":12,"key":"SMITH"},{"data":"PulseMagic","floor":15,"key":"SMITH"},{"data":"PropBag","floor":23,"key":"SMITH"},{"data":"FinalSpark","floor":25,"key":"SMITH"},{"data":"Acceleration","floor":28,"key":"SMITH"},{"data":"MilkyWay","floor":30,"key":"SMITH"},{"floor":32,"key":"REST"},{"floor":40,"key":"REST"},{"floor":41,"key":"REST"},{"data":"MaximisePower","floor":46,"key":"SMITH"},{"data":"MilkyWay","floor":47,"key":"SMITH"},{"data":"PowerUp","floor":49,"key":"SMITH"}],"circlet_count":0,"master_deck":["UnstableBomb","PowerUp+1","Acceleration+1","Singularity+1","PulseMagic+1","PowerUp","PowerUp","Singularity+1","Singularity+1","Singularity+1","MilkyWay+1","DoubleSpark","6A","6A","FinalSpark+1","PropBag+1","PowerUp","TreasureHunter","Robbery","Acceleration+1","MaximisePower+1","6A+1","MilkyWay+1","SprinkleStarSeal+1","ChargingUp+1","Parasite","Parasite","IllusionStar"],"relics":["MiniHakkero","Incense Burner","Centennial Puzzle","Nloth\u0027s Gift","Bottled Tornado","Pear","Black Star","HornCleat","Torii","Pantograph","Anchor","Blue Candle","Lantern","ShroomBag","HandDrill"],"acts_visited":["Exordium","TheCity","TheBeyond"],"potions_floor_usage":[22,50,50,50],"damage_taken":[{"damage":0,"enemies":"Small Slimes","floor":1,"turns":2},{"damage":6,"enemies":"Jaw Worm","floor":8,"turns":2},{"damage":0,"enemies":"Cultist","floor":14,"turns":1},{"damage":3,"enemies":"The Guardian","floor":16,"turns":3},{"damage":0,"enemies":"Spheric Guardian","floor":18,"turns":3},{"damage":22,"enemies":"3 Byrds","floor":22,"turns":4},{"damage":17,"enemies":"Snake Plant","floor":29,"turns":3},{"damage":21,"enemies":"Champ","floor":33,"turns":3},{"damage":21,"enemies":"3 Shapes","floor":35,"turns":3},{"damage":31,"enemies":"Mind Bloom Boss Battle","floor":38,"turns":4},{"damage":11,"enemies":"Giant Head","floor":42,"turns":7},{"damage":36,"enemies":"Awakened One","floor":50,"turns":9}],"seed_played":"-7179139122549127249","potions_obtained":[{"floor":18,"key":"LiquidMemories"},{"floor":22,"key":"ColorlessPotion"},{"floor":29,"key":"Explosive Potion"},{"floor":38,"key":"SkillPotion"}],"is_trial":true,"path_per_floor":["M","?","$","?","$","R","R","M","T","?","R","R","$","M","R","B",null,"M","?","?","$","M","R","T","R","T","$","R","M","R","?","R","B",null,"M","?","$","?","$","R","R","E","T","?","T","R","R","$","R","B",null],"character_chosen":"MARISA","items_purchased":["MilkyWay","DoubleSpark","6A","PowerUp","Robbery","HornCleat","MilkyWay","Pantograph","HandDrill","IllusionStar"],"campfire_rested":3,"item_purchase_floors":[3,5,13,21,27,37,37,39,48,48],"current_hp_per_floor":[75,75,75,75,75,75,75,69,69,69,69,69,69,69,69,66,75,75,75,75,75,53,53,53,53,63,63,63,46,46,46,71,50,85,64,64,64,33,33,57,81,70,70,70,70,70,70,70,70,47],"gold":51,"neow_bonus":"","is_daily":false,"chose_seed":false,"campfire_upgraded":12,"win_rate":0.0,"timestamp":1611630077,"path_taken":["M","?","$","?","$","R","R","?","T","?","R","R","$","M","R","BOSS","M","?","?","$","?","R","?","R","T","$","R","M","R","?","R","BOSS","M","?","$","?","$","R","R","E","T","?","?","R","R","$","R","BOSS"],"items_purchased_type":["Card","Card","Card","Card","Card","Relic","Card","Relic","Relic","Card"],"build_version":"2020-12-18","purchased_purges":0,"victory":true,"max_hp_per_floor":[75,75,75,75,75,75,75,75,75,75,75,75,75,75,75,75,75,75,75,75,75,75,75,75,75,85,85,85,85,85,85,85,85,85,85,81,81,81,81,81,81,81,81,81,81,81,81,81,81,81],"card_choices":[{"not_picked":["MysteriousBeam","SporeBomb"],"picked":"EnergyRecoil","floor":1},{"not_picked":["BlazeAway","GasGiant"],"picked":"6A","floor":8},{"not_picked":["SporeBomb","ShootingEcho","AsteroidBelt"],"picked":"SKIP","floor":14},{"not_picked":["BigCrunch","AbsoluteMagnitude"],"picked":"FinalSpark","floor":16},{"not_picked":["SporeBomb","LuminesStrike+1"],"picked":"PropBag","floor":18},{"not_picked":["PulseMagic","RefractionSpark"],"picked":"TreasureHunter","floor":22},{"not_picked":["GasGiant","UnstableBomb"],"picked":"Acceleration+1","floor":29},{"not_picked":["CollectingQuirk","BlazingStar"],"picked":"MaximisePower","floor":33},{"not_picked":["SporeBomb","GrandCross"],"picked":"6A+1","floor":35},{"not_picked":["ShootingEcho","WitchLeyline+1"],"picked":"SprinkleStarSeal+1","floor":38},{"not_picked":["CollectingQuirk","GalacticHalo"],"picked":"ChargingUp+1","floor":42}],"player_experience":249937,"relics_obtained":[{"floor":9,"key":"Centennial Puzzle"},{"floor":24,"key":"Bottled Tornado"},{"floor":26,"key":"Pear"},{"floor":38,"key":"Torii"},{"floor":42,"key":"Anchor"},{"floor":42,"key":"Blue Candle"},{"floor":43,"key":"Lantern"},{"floor":45,"key":"ShroomBag"}],"event_choices":[{"damage_healed":0,"gold_gain":0,"player_choice":"Leave","damage_taken":0,"max_hp_gain":0,"max_hp_loss":0,"event_name":"The Cleric","floor":2,"gold_loss":0},{"damage_healed":0,"gold_gain":0,"player_choice":"Upgraded","damage_taken":0,"max_hp_gain":0,"max_hp_loss":0,"event_name":"Upgrade Shrine","floor":4,"gold_loss":0,"cards_upgraded":["Singularity"]},{"damage_healed":0,"gold_gain":0,"player_choice":"Searched \u00271\u0027 times","damage_taken":0,"max_hp_gain":0,"max_hp_loss":0,"event_name":"Dead Adventurer","floor":10,"gold_loss":0},{"cards_removed":["EnergyRecoil"],"damage_healed":0,"gold_gain":0,"player_choice":"Elegance","damage_taken":0,"max_hp_gain":0,"max_hp_loss":0,"event_name":"Back to Basics","floor":19,"gold_loss":0},{"damage_healed":0,"gold_gain":0,"player_choice":"Traded Relic","damage_taken":0,"relics_obtained":["Nloth\u0027s Gift"],"max_hp_gain":0,"max_hp_loss":0,"event_name":"N\u0027loth","floor":20,"relics_lost":["Philosopher\u0027s Stone"],"gold_loss":0},{"damage_healed":0,"gold_gain":0,"player_choice":"Ignored","damage_taken":0,"max_hp_gain":0,"max_hp_loss":0,"event_name":"Beggar","floor":31,"gold_loss":0},{"damage_healed":0,"gold_gain":0,"player_choice":"Max HP","damage_taken":0,"max_hp_gain":0,"max_hp_loss":4,"event_name":"Winding Halls","floor":36,"gold_loss":0},{"damage_healed":0,"gold_gain":0,"player_choice":"Fight","damage_taken":0,"max_hp_gain":0,"max_hp_loss":0,"event_name":"MindBloom","floor":38,"gold_loss":0},{"damage_healed":0,"gold_gain":0,"player_choice":"Ignored","damage_taken":0,"max_hp_gain":0,"max_hp_loss":0,"event_name":"Tomb of Lord Red Mask","floor":44,"gold_loss":0}],"is_beta":true,"boss_relics":[{"not_picked":["Calling Bell","Fusion Hammer"],"picked":"Philosopher\u0027s Stone"},{"not_picked":["Snecko Eye","RampagingMagicTools"],"picked":"Black Star"}],"items_purged_floors":[],"is_endless":false,"potions_floor_spawned":[18,22,29,38,42],"ascension_level":0}}