{"host":"n9lc5i44t98l6pio","time":1611636989,"event":{"mods":["BaseMod","Curses Come First","Downfall","Minty Spire (QoL Compilation)","Replay The Spire","Say the Spire","StSLib"],"gold_per_floor":[367,460,460,535,552,587,587,619,619,619,619,439,452,478,478,576,576,563,581,307,406,406,440,440,440],"floor_reached":24,"language":"ENG","playtime":923,"items_purged":["Sickly"],"score":294,"play_id":"006d5f0f-c7e7-4c1d-8c44-2f825728ceeb","local_time":"20210126055629","is_ascension_mode":true,"campfire_choices":[{"floor":7.0,"key":"REST"},{"floor":10.0,"key":"REST"},{"floor":15,"key":"REST"}],"circlet_count":0,"master_deck":["Strike_R","Strike_R","Strike_R","Strike_R","Strike_R","Defend_R","Defend_R+1","Defend_R","Defend_R","Bash","Cleave+1","Body Slam","Combust","Perfected Strike+1","Rupture+1","Juggernaut","Heavy Blade","Rupture+1","True Grit","Uppercut","Fiend Fire","Limit Break","Hemokinesis","Shrug It Off+1","Dual Wield","Inflame","downfall:Bewildered","ReplayTheSpireMod:LeadingStrike"],"relics":["Burning Blood","Pondfish Scales","Ice Cream","Dead Branch","Replay:Bottled Eggs","Ring of Chaos","Lee\u0027s Waffle","sneckomod:BabySnecko","Matryoshka"],"acts_visited":["Exordium","TheCity"],"potions_floor_usage":[16,18],"damage_taken":[{"damage":8.0,"enemies":"Jaw Worm","floor":1.0,"turns":3.0},{"damage":2.0,"enemies":"2 Louse","floor":5.0,"turns":2.0},{"damage":37.0,"enemies":"3 Sentries","floor":6.0,"turns":6.0},{"damage":25.0,"enemies":"Lagavulin","floor":8.0,"turns":7.0},{"damage":0.0,"enemies":"Small Slimes","floor":13.0,"turns":2.0},{"damage":18.0,"enemies":"Replay:BlueRogue","floor":14.0,"turns":5.0},{"damage":4,"enemies":"Slime Boss","floor":16,"turns":5},{"damage":7,"enemies":"2 Thieves","floor":18,"turns":4},{"damage":33,"enemies":"Chosen","floor":19,"turns":5},{"damage":49,"enemies":"Slavers","floor":23,"turns":5},{"damage":45,"enemies":"Snake Plant","floor":24,"turns":4}],"seed_played":"-4567761425534259309","potions_obtained":[{"floor":5.0,"key":"AttackPotion"},{"floor":14,"key":"FearPotion"},{"floor":16,"key":"SpeedPotion"},{"floor":18,"key":"LiquidBronze"},{"floor":23,"key":"ColorlessPotion"}],"is_trial":false,"path_per_floor":["M","?","?","?","M","E","R","E","T","R","?","$","M","E","R","B",null,"M","M","$","?","?","E","M"],"character_chosen":"IRONCLAD","items_purchased":["Rupture","True Grit","Lee\u0027s Waffle","Dual Wield","Inflame"],"campfire_rested":3,"item_purchase_floors":[12,12,20,20,20],"current_hp_per_floor":[78,46,46,35,39,8,32,13,13,37,21,21,27,15,39,41,80,79,52,87,87,87,44,0,0],"gold":440,"neow_bonus":"TWO_FIFTY_GOLD","is_daily":false,"chose_seed":false,"campfire_upgraded":0,"win_rate":0.0,"timestamp":1611636989,"path_taken":["M","?","?","?","M","E","R","E","T","R","?","$","M","E","R","BOSS","M","M","$","?","?","E","M"],"items_purchased_type":["Card","Card","Relic","Card","Card"],"build_version":"2020-12-22","purchased_purges":1,"victory":false,"max_hp_per_floor":[80,80,80,80,80,80,80,80,80,80,80,80,80,80,80,80,80,80,80,87,87,87,87,87,87],"card_choices":[{"not_picked":["Run Through","Dropkick"],"picked":"Cleave","floor":1.0},{"not_picked":["Iron Wave","Life Link"],"picked":"Body Slam","floor":2.0},{"not_picked":["Life Link","Reckless Charge"],"picked":"Combust","floor":2.0},{"not_picked":["Thunderclap","True Grit"],"picked":"Perfected Strike","floor":2.0},{"not_picked":["Twin Strike","Clothesline"],"picked":"Rupture","floor":5.0},{"not_picked":["Twin Strike","Anger"],"picked":"Juggernaut","floor":6.0},{"not_picked":["Perfected Strike","Whirlwind"],"picked":"Heavy Blade","floor":8.0},{"not_picked":["Wild Strike","Second Wind"],"picked":"Uppercut","floor":13.0},{"not_picked":["Thunderclap","Clothesline"],"picked":"Fiend Fire","floor":14},{"not_picked":["Reaper","Barricade"],"picked":"Limit Break","floor":16},{"not_picked":["Iron Wave","Shrug It Off"],"picked":"Hemokinesis","floor":18},{"not_picked":["Iron Wave","Searing Blow"],"picked":"Shrug It Off+1","floor":19},{"not_picked":["Body Slam","Seeing Red+1"],"picked":"ReplayTheSpireMod:LeadingStrike","floor":23}],"player_experience":203743,"relics_obtained":[{"floor":6.0,"key":"Pondfish Scales"},{"floor":8.0,"key":"Ice Cream"},{"floor":9.0,"key":"Dead Branch"},{"floor":14,"key":"Replay:Bottled Eggs"},{"floor":23,"key":"Matryoshka"}],"event_choices":[{"damage_healed":0.0,"max_hp_gain":0.0,"max_hp_loss":0.0,"gold_gain":75.0,"event_name":"World of Goop","player_choice":"Gather Gold","floor":4.0,"gold_loss":0.0,"damage_taken":11.0},{"damage_healed":0.0,"max_hp_gain":0.0,"max_hp_loss":0.0,"gold_gain":0.0,"event_name":"Shining Light","player_choice":"Entered Light","floor":11.0,"gold_loss":0.0,"damage_taken":16.0,"cards_upgraded":["Perfected Strike","Defend_R"]},{"damage_healed":0,"gold_gain":99,"player_choice":"Stole From Cult","damage_taken":0,"max_hp_gain":0,"max_hp_loss":0,"event_name":"Nest","floor":21,"gold_loss":0}],"is_beta":false,"boss_relics":[{"not_picked":["Replay:Drink Me","Coffee Dripper"],"picked":"Ring of Chaos"}],"items_purged_floors":[12],"is_endless":false,"potions_floor_spawned":[5,14,16,18,23],"killed_by":"Snake Plant","ascension_level":1}}