{"host":"7eytxr1oawi6r5nr","time":1611695227,"event":{"mods":["BaseMod","Better Third Choice","Curses Come First","Dark Map","Hermit","Hubris","Ironclad Rager","Jorbs\u0027s Wanderer Trilogy","Minty Spire (QoL Compilation)","Permanent Neow","Quick Restart","Rare Cards Sparkle","Reliquary","Replay The Spire","Robot Space Explorer","StSLib","The Cursed","The Disciple","The Dragon Tamer","The Forsaken","The Marked","The Mystic","The Runesmith","UnlockEverythingMod","Wide Potions"],"gold_per_floor":[109,126,140,140,160,190,204,204,204,204,214,214,214,58,58,154,154,170,183,183,197,49,49,49],"floor_reached":23,"language":"ENG","playtime":1060,"items_purged":["Strike_R"],"score":232,"play_id":"a475f320-abd2-4bde-a6a0-410f36e34452","local_time":"20210126210707","is_ascension_mode":true,"campfire_choices":[{"data":"Exhume","floor":8,"key":"SMITH"},{"data":"Bloodletting","floor":10,"key":"SMITH"},{"data":"Metallicize","floor":15,"key":"SMITH"}],"circlet_count":0,"master_deck":["Strike_R","Strike_R","Strike_R","Strike_R","Defend_R","Defend_R","Defend_R","Defend_R","Bash","Immolate","Bloodletting+1","Hemokinesis+1","Shrug It Off","Metallicize+1","Sever Soul","Exhume+1","Thunderclap","Brutality","CurseOfTheBell","Shrug It Off","Demon Form","Reaper","Cleave+1","Whirlwind"],"relics":["Burning Blood","Replay:Mystery Machine","hubris:TinFlute","hubris:Towel","Snack Pack","Anchor","Calling Bell","Pear","Girya","Pet Ghost"],"acts_visited":["Exordium","TheCity"],"potions_floor_usage":[23,23],"damage_taken":[{"damage":0,"enemies":"Small Slimes","floor":1,"turns":2},{"damage":9,"enemies":"Jaw Worm","floor":2,"turns":3},{"damage":8,"enemies":"Cultist","floor":3,"turns":3},{"damage":11,"enemies":"Blue Slaver","floor":5,"turns":4},{"damage":16,"enemies":"Replay:BlueRogue","floor":6,"turns":2},{"damage":16,"enemies":"Red Slaver","floor":7,"turns":2},{"damage":5,"enemies":"Looter","floor":11,"turns":2},{"damage":45,"enemies":"Slime Boss","floor":16,"turns":8},{"damage":4,"enemies":"Chosen","floor":18,"turns":4},{"damage":26,"enemies":"Shell Parasite","floor":19,"turns":8},{"damage":50,"enemies":"Snecko","floor":21,"turns":6},{"damage":113,"enemies":"Slavers","floor":23,"turns":6}],"seed_played":"5035871716255477692","potions_obtained":[{"floor":2,"key":"BlessingOfTheForge"},{"floor":6,"key":"Flashbang"},{"floor":16,"key":"BloodPotion"}],"is_trial":false,"path_per_floor":["M","M","M","?","M","E","M","R","T","R","M","?","T","$","R","B",null,"M","M","?","M","$","E"],"character_chosen":"IRONCLAD","items_purchased":["Anchor","Whirlwind"],"campfire_rested":0,"item_purchase_floors":[14,22],"current_hp_per_floor":[80,77,75,75,70,60,50,50,50,50,51,51,51,51,51,14,90,90,72,72,56,56,0,0],"gold":49,"neow_bonus":"ONE_RANDOM_RARE_CARD","is_daily":false,"chose_seed":false,"campfire_upgraded":3,"win_rate":0.0,"timestamp":1611695227,"path_taken":["M","M","M","?","M","E","M","R","T","R","M","?","?","$","R","BOSS","M","M","?","M","$","E"],"items_purchased_type":["Relic","Card"],"build_version":"2020-12-22","purchased_purges":1,"victory":false,"max_hp_per_floor":[80,80,80,80,80,80,80,80,80,80,80,80,80,80,80,80,90,90,90,90,90,90,90,90],"card_choices":[{"not_picked":["ReplayTheSpireMod:Strike From Hell","Iron Wave"],"picked":"Bloodletting","floor":1},{"not_picked":["Fire Breathing","Headbutt"],"picked":"Hemokinesis","floor":2},{"not_picked":["Run Through","Abandon"],"picked":"Shrug It Off","floor":3},{"not_picked":["Hemokinesis","Perfected Strike"],"picked":"Metallicize","floor":5},{"not_picked":["Havoc","Twin Strike"],"picked":"Sever Soul","floor":6},{"not_picked":["Shrug It Off","Havoc"],"picked":"Exhume","floor":7},{"not_picked":["Sever Soul","Armaments"],"picked":"Thunderclap","floor":11},{"not_picked":["Limit Break","Bludgeon"],"picked":"Brutality","floor":16},{"not_picked":["Sword Boomerang","Twin Strike"],"picked":"Shrug It Off","floor":18},{"not_picked":["Run Through","Shrug It Off"],"picked":"Demon Form","floor":19},{"not_picked":["Defy Death","Dropkick"],"picked":"Cleave+1","floor":21}],"player_experience":140235,"relics_obtained":[{"floor":6,"key":"Replay:Mystery Machine"},{"floor":9,"key":"hubris:TinFlute"},{"floor":13,"key":"Snack Pack"},{"floor":17,"key":"Pear"},{"floor":17,"key":"Girya"},{"floor":17,"key":"Pet Ghost"}],"event_choices":[{"damage_healed":0,"gold_gain":0,"player_choice":"1 cards matched","damage_taken":0,"max_hp_gain":0,"max_hp_loss":0,"event_name":"Match and Keep!","floor":20,"gold_loss":0,"cards_obtained":["Reaper"]}],"is_beta":false,"boss_relics":[{"not_picked":["SacredBark","Coffee Dripper"],"picked":"Calling Bell"}],"items_purged_floors":[22],"is_endless":false,"potions_floor_spawned":[2,6,7,16,21],"killed_by":"Slavers","ascension_level":4}}