{"host":"1pwde2j81wdvsae3","time":1611639127,"event":{"mods":["BaseMod","Minty Spire (QoL Compilation)","Replay The Spire","Shop Mod","StSLib"],"gold_per_floor":[119,119,119,119,7,33,53,63,89,115,115,162,162,194,194,289,289,327,327,11,48,89,139,168,200,200,242,256,256],"floor_reached":28,"language":"ZHS","playtime":849,"items_purged":[],"score":524,"play_id":"2bf92ede-4a1b-4568-b60d-75394f9c474f","local_time":"20210126133207","is_ascension_mode":true,"campfire_choices":[{"data":"Shockwave","floor":11,"key":"SMITH"},{"data":"Heavy Blade","floor":13,"key":"SMITH"},{"floor":15,"key":"REST"}],"circlet_count":0,"master_deck":["AscendersBane","Strike_R","Strike_R+1","Strike_R","Strike_R","Strike_R","Defend_R","Defend_R","Defend_R","Defend_R","Bash+1","Sentinel","Evolve","Ghostly Armor","Wild Strike","Shockwave+1","Heavy Blade+1","Pummel","Wild Strike","Uppercut","Offering","Flex","Carnage","Seeing Red","Wild Strike","Cleave","Wild Strike","Thunderclap","Seeing Red"],"relics":["Burning Blood","NeowsBlessing","Bronze Scales","Happy Flower","Replay:Bandana","Orichalcum","Painkiller Herb","Darkstone Periapt","Omamori","Replay:Mystery Machine"],"acts_visited":["Exordium","TheCity"],"potions_floor_usage":[10,16,23,25],"damage_taken":[{"damage":0,"enemies":"Small Slimes","floor":1,"turns":1},{"damage":0,"enemies":"Gremlin Nob","floor":6,"turns":1},{"damage":0,"enemies":"Jaw Worm","floor":7,"turns":1},{"damage":0,"enemies":"2 Louse","floor":8,"turns":4},{"damage":21,"enemies":"Lagavulin","floor":10,"turns":8},{"damage":18,"enemies":"Gremlin Nob","floor":12,"turns":4},{"damage":10,"enemies":"Exordium Wildlife","floor":14,"turns":4},{"damage":18,"enemies":"Hexaghost","floor":16,"turns":9},{"damage":11,"enemies":"Spheric Guardian","floor":18,"turns":3},{"damage":2,"enemies":"3 Byrds","floor":21,"turns":3},{"damage":10,"enemies":"3 Cultists","floor":22,"turns":5},{"damage":45,"enemies":"Book of Stabbing","floor":23,"turns":5},{"damage":6,"enemies":"Centurion and Healer","floor":24,"turns":4},{"damage":15,"enemies":"Snake Plant","floor":25,"turns":3},{"damage":21,"enemies":"Sentry and Sphere","floor":27,"turns":4},{"damage":18,"enemies":"Cultist and Chosen","floor":28,"turns":4}],"seed_played":"-4506883333443594218","potions_obtained":[{"floor":7,"key":"HeartOfIron"},{"floor":8,"key":"Weak Potion"},{"floor":22,"key":"BloodPotion"},{"floor":23,"key":"SneckoOil"},{"floor":25,"key":"Milkshake"}],"is_trial":false,"path_per_floor":["M","?","?","?","$","E","M","M","T","E","R","E","R","M","R","B",null,"?","?","T","?","?","E","?","?","T","?","?"],"character_chosen":"IRONCLAD","items_purchased":["Evolve","Ghostly Armor","Darkstone Periapt","Carnage"],"campfire_rested":1,"item_purchase_floors":[5,5,20,20],"current_hp_per_floor":[74,74,74,74,74,75,75,75,75,60,60,48,48,44,66,54,70,65,65,65,69,65,41,41,32,32,17,0,0],"gold":256,"neow_bonus":"THREE_ENEMY_KILL","is_daily":false,"chose_seed":false,"campfire_upgraded":2,"win_rate":0.0,"timestamp":1611639127,"path_taken":["M","?","?","?","$","E","M","M","T","E","R","E","R","?","R","BOSS","?","?","T","?","?","E","?","?","T","?","?"],"items_purchased_type":["Card","Card","Relic","Card"],"build_version":"2020-12-22","purchased_purges":0,"victory":false,"max_hp_per_floor":[75,75,75,75,75,75,75,75,75,75,75,75,75,75,75,75,75,75,75,75,75,75,75,75,75,75,75,75,75],"card_choices":[{"not_picked":["Flex","Life Link"],"picked":"Sentinel","floor":1},{"not_picked":["Inflame","Clash"],"picked":"Wild Strike","floor":6},{"not_picked":["Thunderclap","Massacre"],"picked":"Shockwave","floor":7},{"not_picked":["Headbutt","Havoc"],"picked":"Heavy Blade","floor":8},{"not_picked":["Sever Soul","Rampage"],"picked":"Pummel","floor":10},{"not_picked":["Heavy Blade","Warcry"],"picked":"Wild Strike","floor":12},{"not_picked":["Sentinel","Entrench"],"picked":"Uppercut","floor":14},{"not_picked":["Limit Break","Barricade"],"picked":"Offering","floor":16},{"not_picked":["Sentinel","Headbutt"],"picked":"Flex","floor":18},{"not_picked":["Thunderclap","Havoc"],"picked":"Seeing Red","floor":21},{"not_picked":["Armaments","Run Through"],"picked":"Wild Strike","floor":22},{"not_picked":["Hemokinesis","Shrug It Off"],"picked":"Cleave","floor":23},{"not_picked":["Heavy Blade","Sword Boomerang"],"picked":"Wild Strike","floor":24},{"not_picked":["Headbutt","ReplayTheSpireMod:Limb From Limb"],"picked":"Thunderclap","floor":25},{"not_picked":["Shockwave","Body Slam"],"picked":"Seeing Red","floor":27}],"player_experience":242864,"relics_obtained":[{"floor":6,"key":"Bronze Scales"},{"floor":9,"key":"Happy Flower"},{"floor":10,"key":"Replay:Bandana"},{"floor":12,"key":"Orichalcum"},{"floor":23,"key":"Omamori"},{"floor":26,"key":"Replay:Mystery Machine"}],"event_choices":[{"damage_healed":0,"gold_gain":0,"player_choice":"Grow","damage_taken":0,"max_hp_gain":0,"max_hp_loss":0,"event_name":"Living Wall","floor":2,"gold_loss":0,"cards_upgraded":["Bash"]},{"damage_healed":0,"gold_gain":0,"player_choice":"Leave","damage_taken":0,"max_hp_gain":0,"max_hp_loss":0,"event_name":"The Cleric","floor":4,"gold_loss":0},{"damage_healed":0,"gold_gain":0,"player_choice":"Ignored","damage_taken":0,"max_hp_gain":0,"max_hp_loss":0,"event_name":"Beggar","floor":19,"gold_loss":0}],"is_beta":false,"boss_relics":[{"not_picked":["Electric Blood","Ectoplasm"],"picked":"Painkiller Herb"}],"items_purged_floors":[],"is_endless":false,"potions_floor_spawned":[7,8,22,23,25],"killed_by":"Cultist and Chosen","ascension_level":15}}