{"host":"359hz4210ybch7ku","time":1611631816,"event":{"mods":["BaseMod","Block Reminder","Colored Map","Colored Powertips","Highlight Path","Minty Spire (QoL Compilation)","Slay the Relics Exporter","StSLib"],"gold_per_floor":[117,131,131,145,145,177,177,177,177,177,202,217,236,236,236,236,236],"floor_reached":16,"language":"ENG","playtime":762,"items_purged":[],"score":132,"play_id":"dcd132bb-07c7-4b39-965b-6c6713683735","local_time":"20210125193016","is_ascension_mode":true,"campfire_choices":[{"data":"Body Slam","floor":7,"key":"SMITH"},{"data":"Anger","floor":10,"key":"SMITH"},{"data":"Entrench","floor":15,"key":"SMITH"}],"circlet_count":0,"master_deck":["Strike_R+1","Strike_R","Strike_R","Strike_R","Defend_R","Defend_R","Defend_R+1","Defend_R","Bash","Body Slam+1","Anger+1","Pummel","Warcry","Feed","Entrench+1"],"relics":["Burning Blood","NeowsBlessing","Torii","Du-Vu Doll","Bronze Scales"],"acts_visited":["Exordium"],"potions_floor_usage":[12,16,16],"damage_taken":[{"damage":0,"enemies":"Cultist","floor":1,"turns":1},{"damage":0,"enemies":"Jaw Worm","floor":2,"turns":1},{"damage":0,"enemies":"2 Louse","floor":4,"turns":1},{"damage":32,"enemies":"Gremlin Nob","floor":6,"turns":4},{"damage":22,"enemies":"3 Sentries","floor":11,"turns":8},{"damage":9,"enemies":"Red Slaver","floor":12,"turns":3},{"damage":10,"enemies":"Large Slime","floor":13,"turns":6},{"damage":34,"enemies":"Slime Boss","floor":16,"turns":7}],"seed_played":"-1155468338733313687","potions_obtained":[{"floor":4,"key":"BloodPotion"},{"floor":11,"key":"Dexterity Potion"},{"floor":12,"key":"SpeedPotion"},{"floor":13,"key":"SteroidPotion"}],"is_trial":false,"path_per_floor":["M","M","$","M","?","E","R","?","T","R","E","M","M","?","R","B"],"character_chosen":"IRONCLAD","items_purchased":[],"campfire_rested":0,"item_purchase_floors":[],"current_hp_per_floor":[80,80,80,80,64,38,38,43,43,43,27,40,39,32,32,0,0],"gold":236,"neow_bonus":"THREE_ENEMY_KILL","is_daily":false,"chose_seed":false,"campfire_upgraded":3,"win_rate":0.0,"timestamp":1611631816,"path_taken":["M","?","$","?","?","E","R","?","T","R","E","M","?","?","R","BOSS"],"items_purchased_type":[],"build_version":"2020-12-22","purchased_purges":0,"victory":false,"max_hp_per_floor":[80,80,80,80,80,80,80,80,80,80,80,80,83,83,83,83,83],"card_choices":[{"not_picked":["Twin Strike","Sword Boomerang"],"picked":"Body Slam","floor":1},{"not_picked":["Sever Soul","Flex"],"picked":"Perfected Strike","floor":2},{"not_picked":["Infernal Blade","Intimidate"],"picked":"Anger","floor":4},{"not_picked":["Headbutt","Clothesline"],"picked":"Pummel","floor":6},{"not_picked":["Headbutt","Clothesline"],"picked":"Warcry","floor":11},{"not_picked":["Shockwave","Flex"],"picked":"Feed","floor":12},{"not_picked":["Thunderclap","Carnage"],"picked":"Entrench","floor":13}],"player_experience":288225,"relics_obtained":[{"floor":6,"key":"Torii"},{"floor":9,"key":"Du-Vu Doll"},{"floor":11,"key":"Bronze Scales"}],"event_choices":[{"damage_healed":0,"gold_gain":0,"player_choice":"Entered Light","damage_taken":16,"max_hp_gain":0,"max_hp_loss":0,"event_name":"Shining Light","floor":5,"gold_loss":0,"cards_upgraded":["Strike_R","Defend_R"]},{"cards_removed":["Perfected Strike"],"damage_healed":5,"gold_gain":0,"player_choice":"Offered Common","damage_taken":0,"max_hp_gain":0,"max_hp_loss":0,"event_name":"Bonfire Elementals","floor":8,"gold_loss":0},{"cards_removed":["Perfected Strike"],"damage_healed":5,"gold_gain":0,"player_choice":"Offered Special","damage_taken":0,"max_hp_gain":0,"max_hp_loss":0,"event_name":"Bonfire Elementals","floor":8,"gold_loss":0},{"cards_removed":["Strike_R"],"damage_healed":0,"gold_gain":0,"player_choice":"Card Removal","damage_taken":7,"max_hp_gain":0,"max_hp_loss":0,"event_name":"Golden Wing","floor":14,"gold_loss":0}],"is_beta":false,"boss_relics":[],"items_purged_floors":[],"is_endless":false,"potions_floor_spawned":[4,11,12,13],"killed_by":"Slime Boss","ascension_level":4}}