{"host":"takgv9cv6xf64vhq","time":1611660199,"event":{"mods":["BaseMod","Colored Powertips","Downfall","Hubris","LagranYue(拉格朗・月)","Marisa（F雨　魔理沙）","Minty Spire (QoL Compilation)","Replay The Spire","StSLib","The Cursed","The Jungle","TheHeartMod"],"gold_per_floor":[113,123,123,140,315,325,60,70,70,70,70,345,345,371,371,467,517,529,539,539,588,606,606,74,74,123,123,123,185,214,276,276,423,423,436,14,31,47,47,127,31,42,119,119,119,137,170,84,84,84,84,84,34,67,67],"floor_reached":56,"language":"ZHS","playtime":5339,"items_purged":["Regret","Regret","Amnesia","Doubt"],"score":1152,"play_id":"73cf35bf-17c6-4d3a-a4eb-9577c930d909","local_time":"20210126192319","is_ascension_mode":false,"campfire_choices":[{"data":"Draining Mist","floor":11.0,"key":"SMITH"},{"data":"Riddle With Holes","floor":13.0,"key":"SMITH"},{"data":"Cloak And Dagger","floor":15.0,"key":"SMITH"},{"data":"After Image","floor":25.0,"key":"SMITH"},{"data":"Survivor","floor":27.0,"key":"SMITH"},{"floor":32,"key":"RECALL"},{"data":"Caltrops","floor":44,"key":"SMITH"},{"data":"Neutralize","floor":49,"key":"SMITH"},{"data":"Envenom","floor":52,"key":"SMITH"}],"circlet_count":0,"master_deck":["Strike_G","Strike_G","Strike_G","Strike_G","Strike_G","Survivor+1","Neutralize+1","Dagger Throw","Draining Mist+1","Riddle With Holes+1","Footwork+1","Panache","Bullet Time+1","After Image+1","Terror","Catalyst","Dash+1","theJungle:Gourd","theJungle:Gourd","theJungle:Gourd","theJungle:Gourd","theJungle:Gourd+1","ReplayTheSpireMod:Tripwire+1","Sneak Up+1","Apotheosis+1","Caltrops+1","Predator+1","Hidden Blade+1","After Image","Dagger Spray+1","Backflip+1","Envenom+1","Quick Slash","Hidden Blade+1","Replay:Bag of Tricks+1","Acrobatics+1","ReplayTheSpireMod:Tripwire+1","Poisoned Stab+1","Hidden Blade+1","Well Laid Plans+1"],"relics":["LagranYue:RandomDrawCardRelic","hubris:RunicObelisk","Snack Pack","Anchor","hubris:Icosahedron","Pet Ghost","Tiny House","Toxic Egg 2","Ring of Fury","ReplayTheSpireMod:Ring of Challenge","Singing Bowl","Replay:Wax Seal","hubris:Towel","Ginger","hubris:GrandSneckoEye","BargainBundle","War Paint","Replay:Baseball","Smiling Mask","Strange Spoon","Pen Nib","Blue Candle"],"acts_visited":["Exordium","Exordium","TheBeyond","TheEnding"],"potions_floor_usage":[50,50,50,50,55,55],"damage_taken":[{"damage":0.0,"enemies":"Cultist","floor":1.0,"turns":5.0},{"damage":0.0,"enemies":"2 Louse","floor":2.0,"turns":3.0},{"damage":6.0,"enemies":"Jaw Worm","floor":4.0,"turns":3.0},{"damage":6.0,"enemies":"Blue Slaver","floor":6.0,"turns":4.0},{"damage":18.0,"enemies":"Exordium Thugs","floor":8.0,"turns":5.0},{"damage":16.0,"enemies":"Lagavulin","floor":14.0,"turns":6.0},{"damage":19.0,"enemies":"Fading Forest","floor":16.0,"turns":11.0},{"damage":1.0,"enemies":"theJungle:MUSHROOMGANG","floor":18.0,"turns":4.0},{"damage":16.0,"enemies":"theJungle:GiantWrat","floor":19.0,"turns":4.0},{"damage":0.0,"enemies":"theJungle:JungleHuntersEncounter","floor":22.0,"turns":8.0},{"damage":15.0,"enemies":"theJungle:2_Flameangoes","floor":29.0,"turns":11.0},{"damage":6.0,"enemies":"theJungle:Cassacara","floor":30.0,"turns":7.0},{"damage":16,"enemies":"theJungle:2_Snecko_Cultists","floor":31,"turns":6},{"damage":0,"enemies":"theJungle:FunGuy","floor":33,"turns":12},{"damage":0,"enemies":"3 Darklings","floor":35,"turns":5},{"damage":0,"enemies":"3 Shapes","floor":37,"turns":3},{"damage":0,"enemies":"Sphere and 2 Shapes","floor":38,"turns":5},{"damage":3,"enemies":"Giant Head","floor":40,"turns":8},{"damage":0,"enemies":"Transient","floor":42,"turns":5},{"damage":0,"enemies":"4 Shapes","floor":46,"turns":4},{"damage":6,"enemies":"R_Hoarder","floor":47,"turns":6},{"damage":0,"enemies":"Maw","floor":48,"turns":5},{"damage":28,"enemies":"Replay:Hell Engine","floor":50,"turns":7},{"damage":43,"enemies":"Shield and Spear","floor":54,"turns":7},{"damage":0,"enemies":"The Heart","floor":55,"turns":9}],"seed_played":"6697911379676587285","potions_obtained":[{"floor":2.0,"key":"FearPotion"},{"floor":4.0,"key":"LiquidMemories"},{"floor":16.0,"key":"Dexterity Potion"},{"floor":17.0,"key":"LiquidBronze"},{"floor":18.0,"key":"bronze:BurnAndBuffPotion"},{"floor":30.0,"key":"Strength Potion"},{"floor":33,"key":"Elixir"},{"floor":48,"key":"EntropicBrew"}],"is_trial":false,"path_per_floor":["M","M","?","M","?","M","$","M","T","?","R","?","R","E","R","B",null,"M","M","?","?","M","?","$","R","T","R","?","M","E","M","R","B",null,"M","$","M","M","?","E","$","M","T","R","?","M","E","M","R","B",null,"R","$","E","B",null],"character_chosen":"THE_SILENT","items_purchased":["Panache","Apotheosis+1","Singing Bowl","BargainBundle","Backflip+1","Envenom","Quick Slash","War Paint","Strange Spoon","Swift Potion"],"campfire_rested":0,"item_purchase_floors":[7,24,24,36,36,36,36,36,41,53],"current_hp_per_floor":[70,70,70,64,64,60,60,48,48,48,48,48,48,36,36,33,75,74,61,61,61,69,69,69,69,69,69,69,58,60,48,48,58,75,75,75,75,77,77,77,77,77,77,77,77,77,73,77,77,55,77,77,77,42,54],"gold":67,"neow_bonus":"BOSS_RELIC","is_daily":false,"chose_seed":false,"campfire_upgraded":8,"win_rate":0.0,"timestamp":1611660199,"path_taken":["M","?","?","M","?","M","?","M","T","?","R","?","R","E","R","BOSS","M","?","?","?","M","?","$","R","T","R","?","?","E","?","R","BOSS","M","$","M","M","?","E","$","M","T","R","?","?","E","M","R","BOSS","R","$","E","BOSS"],"items_purchased_type":["Card","Card","Relic","Relic","Card","Card","Card","Relic","Relic","Potion"],"build_version":"2020-12-22","purchased_purges":4,"victory":true,"max_hp_per_floor":[70,70,70,70,70,70,70,70,70,70,70,70,70,70,70,70,75,75,75,75,75,75,75,75,75,75,75,75,75,75,75,75,75,75,75,75,75,77,77,77,77,77,77,77,77,77,77,77,77,77,77,77,77,79,79],"card_choices":[{"not_picked":["Deflect","Prepared"],"picked":"Dagger Throw","floor":1.0},{"not_picked":["ReplayTheSpireMod:Exploit Weakness","Slice"],"picked":"Draining Mist","floor":2.0},{"not_picked":["Backflip","Underhanded Strike"],"picked":"Riddle With Holes","floor":4.0},{"not_picked":["Deadly Poison","Crippling Poison"],"picked":"Footwork","floor":6.0},{"not_picked":["PiercingWail","Poisoned Stab"],"picked":"Cloak And Dagger","floor":8.0},{"not_picked":["Cloak And Dagger","Catalyst"],"picked":"Bullet Time","floor":14.0},{"not_picked":["Venomology","Die Die Die"],"picked":"After Image","floor":16.0},{"not_picked":["Bane","Outmaneuver"],"picked":"Terror","floor":17.0},{"not_picked":["Acrobatics","ReplayTheSpireMod:Exploit Weakness+1"],"picked":"Catalyst","floor":18.0},{"not_picked":["Dagger Spray","hubris:SlightOfHand"],"picked":"Dash+1","floor":19.0},{"not_picked":["Hidden Blade+1","Flying Knee"],"picked":"ReplayTheSpireMod:Tripwire+1","floor":21.0},{"not_picked":["Poisoned Stab","Bane+1"],"picked":"Sneak Up+1","floor":22.0},{"not_picked":["ReplayTheSpireMod:Scrap Shanks","Backstab"],"picked":"Caltrops","floor":29.0},{"not_picked":["Accuracy+1","Hidden Blade+1"],"picked":"Predator+1","floor":30.0},{"not_picked":["Slice","Burst+1"],"picked":"Hidden Blade+1","floor":31},{"not_picked":["ReplayTheSpireMod:Necrosis+1","Unload"],"picked":"After Image","floor":33},{"not_picked":["Blade Dance+1","Dodge and Roll+1"],"picked":"Dagger Spray+1","floor":35},{"not_picked":["Accuracy","Dagger Throw"],"picked":"Hidden Blade+1","floor":37},{"not_picked":["Burst+1","All Out Attack","Bane"],"picked":"Singing Bowl","floor":38},{"not_picked":["PiercingWail+1","Sucker Punch+1"],"picked":"Replay:Bag of Tricks+1","floor":40},{"not_picked":["Skewer","Deflect+1"],"picked":"Acrobatics+1","floor":42},{"not_picked":["Calculated Gamble+1","Prepared+1"],"picked":"Poisoned Stab+1","floor":46},{"not_picked":["ReplayTheSpireMod:Exploit Weakness+1","Accuracy+1"],"picked":"Hidden Blade+1","floor":47},{"not_picked":["Poisoned Stab+1","Outmaneuver+1"],"picked":"Well Laid Plans+1","floor":48},{"not_picked":["Noxious Fumes","hubris:SlightOfHand+1","Slice"],"picked":"Singing Bowl","floor":54}],"player_experience":75053,"relics_obtained":[{"floor":9.0,"key":"Anchor"},{"floor":14.0,"key":"Pet Ghost"},{"floor":21.0,"key":"Toxic Egg 2"},{"floor":23.0,"key":"Ring of Fury"},{"floor":23.0,"key":"ReplayTheSpireMod:Ring of Challenge"},{"floor":26.0,"key":"Replay:Wax Seal"},{"floor":30.0,"key":"Ginger"},{"floor":40,"key":"Replay:Baseball"},{"floor":40,"key":"Smiling Mask"},{"floor":47,"key":"Pen Nib"},{"floor":54,"key":"Blue Candle"}],"event_choices":[{"damage_healed":0.0,"max_hp_gain":0.0,"max_hp_loss":0.0,"gold_gain":0.0,"event_name":"Big Fish","player_choice":"Box","floor":3.0,"gold_loss":0.0,"damage_taken":0.0,"relics_obtained":["Snack Pack"],"cards_obtained":["Regret"]},{"damage_healed":0.0,"max_hp_gain":0.0,"max_hp_loss":0.0,"gold_gain":175.0,"event_name":"Liars Game","player_choice":"AGREE","floor":5.0,"gold_loss":0.0,"damage_taken":0.0,"cards_obtained":["Doubt"]},{"damage_healed":0.0,"max_hp_gain":0.0,"max_hp_loss":0.0,"gold_gain":275.0,"event_name":"Golden Shrine","player_choice":"Desecrate","floor":12.0,"gold_loss":0.0,"damage_taken":0.0,"cards_obtained":["Regret"]},{"cards_removed":["Cloak And Dagger"],"damage_healed":0,"gold_gain":0,"player_choice":"Removed Skill","damage_taken":0,"max_hp_gain":0,"max_hp_loss":0,"event_name":"Falling","floor":39,"gold_loss":0},{"damage_healed":0,"gold_gain":0,"player_choice":"Copied","damage_taken":0,"max_hp_gain":0,"max_hp_loss":0,"event_name":"Duplicator","floor":45,"gold_loss":0,"cards_obtained":["ReplayTheSpireMod:Tripwire"]}],"is_beta":false,"boss_relics":[{"not_picked":["hubris:TerracottaHorce","Snecko Scales"],"picked":"Tiny House"},{"not_picked":["Velvet Choker","Abe\u0027s Treasure"],"picked":"hubris:GrandSneckoEye"}],"items_purged_floors":[7,24,36,41],"is_endless":false,"potions_floor_spawned":[2,4,16,18,30,33,37,40,42,47,48],"ascension_level":0}}