{"host":"xmrw7jl1ir2912vf","time":1611627522,"event":{"mods":["BaseMod","Minty Spire (QoL Compilation)","Relic Stats"],"gold_per_floor":[113,113,126,126,51,76,76,110,110,125,137,37,37,37,37,37,37],"floor_reached":16,"language":"ENG","playtime":329,"items_purged":["Defend_R","Defend_R"],"score":259,"play_id":"bfcf3f19-9c2b-4d2c-8b79-45fc56009e18","local_time":"20210125211842","is_ascension_mode":true,"campfire_choices":[{"data":"Perfected Strike","floor":7,"key":"SMITH"},{"data":"Feel No Pain","floor":15,"key":"SMITH"}],"circlet_count":0,"master_deck":["AscendersBane","Strike_R","Strike_R","Strike_R","Strike_R","Defend_R","Defend_R","Bash","Perfected Strike+1","Feel No Pain+1","Clothesline+1","Perfected Strike+1","Perfected Strike+1","Hemokinesis+1"],"relics":["Burning Blood","NeowsBlessing","Molten Egg 2","Dream Catcher","Boot","Omamori","Golden Idol"],"acts_visited":["Exordium"],"potions_floor_usage":[],"damage_taken":[{"damage":0,"enemies":"2 Louse","floor":1,"turns":1},{"damage":0,"enemies":"Small Slimes","floor":3,"turns":1},{"damage":0,"enemies":"Lagavulin","floor":6,"turns":1},{"damage":32,"enemies":"Gremlin Nob","floor":8,"turns":4},{"damage":9,"enemies":"Jaw Worm","floor":10,"turns":3},{"damage":6,"enemies":"Looter","floor":11,"turns":2},{"damage":20,"enemies":"Slime Boss","floor":16,"turns":4}],"seed_played":"2638968822714501636","potions_obtained":[{"floor":6,"key":"Ancient Potion"},{"floor":8,"key":"LiquidBronze"}],"is_trial":false,"path_per_floor":["M","?","M","?","$","E","R","E","T","M","M","$","?","?","R","B"],"character_chosen":"IRONCLAD","items_purchased":[],"campfire_rested":0,"item_purchase_floors":[],"current_hp_per_floor":[74,74,75,70,70,75,75,49,49,46,46,46,20,20,20,0,0],"gold":37,"neow_bonus":"THREE_ENEMY_KILL","is_daily":false,"chose_seed":false,"campfire_upgraded":2,"win_rate":0.0,"timestamp":1611627522,"path_taken":["M","?","M","?","$","E","R","E","T","M","M","?","?","?","R","BOSS"],"items_purchased_type":[],"build_version":"2020-12-22","purchased_purges":2,"victory":false,"max_hp_per_floor":[75,75,75,75,75,75,75,75,75,75,75,75,75,75,75,75,75],"relic_stats":{"Dream Catcher":0,"counters":[7,16],"Golden Idol":0,"Boot":[0],"obtain_stats":[{"Dream Catcher":6,"NeowsBlessing":0,"Golden Idol":13,"Molten Egg 2":4,"Omamori":9,"Boot":8,"Burning Blood":0},{"Dream Catcher":3,"NeowsBlessing":0,"Golden Idol":6,"Molten Egg 2":2,"Omamori":4,"Boot":4,"Burning Blood":0},{"Dream Catcher":3,"NeowsBlessing":0,"Golden Idol":12,"Molten Egg 2":2,"Omamori":7,"Boot":7,"Burning Blood":0}],"Burning Blood":30},"card_choices":[{"not_picked":["Rage","Dual Wield"],"picked":"Perfected Strike","floor":1},{"not_picked":["Anger","Havoc","Flex"],"picked":"SKIP","floor":3},{"not_picked":["Shrug It Off","Clash+1"],"picked":"Feel No Pain","floor":6},{"not_picked":["Heavy Blade+1","Inflame"],"picked":"Clothesline+1","floor":8},{"not_picked":["Body Slam+1","Headbutt+1"],"picked":"Perfected Strike+1","floor":10},{"not_picked":["Anger+1","Spot Weakness"],"picked":"Perfected Strike+1","floor":11}],"player_experience":468626,"relics_obtained":[{"floor":6,"key":"Dream Catcher"},{"floor":8,"key":"Boot"},{"floor":9,"key":"Omamori"}],"event_choices":[{"damage_healed":0,"gold_gain":0,"player_choice":"Ignored","damage_taken":0,"max_hp_gain":0,"max_hp_loss":0,"event_name":"Liars Game","floor":2,"gold_loss":0},{"damage_healed":0,"gold_gain":0,"player_choice":"Success","damage_taken":5,"relics_obtained":["Molten Egg 2"],"max_hp_gain":0,"max_hp_loss":0,"event_name":"Scrap Ooze","floor":4,"gold_loss":0},{"damage_healed":0,"gold_gain":0,"player_choice":"Take Damage","damage_taken":26,"relics_obtained":["Golden Idol"],"max_hp_gain":0,"max_hp_loss":0,"event_name":"Golden Idol","floor":13,"gold_loss":0},{"damage_healed":0,"gold_gain":0,"cards_transformed":["Strike_R"],"player_choice":"Change","damage_taken":0,"max_hp_gain":0,"max_hp_loss":0,"event_name":"Living Wall","floor":14,"gold_loss":0,"cards_obtained":["Hemokinesis"]}],"is_beta":false,"boss_relics":[],"items_purged_floors":[5,12],"is_endless":false,"potions_floor_spawned":[6,8,10],"killed_by":"Slime Boss","ascension_level":19}}