{"host":"mg6qqnp83j5r6p2r","time":1611620963,"event":{"mods":["BaseMod","Colored Map","Colored Powertips","Highlight Path","Minty Spire (QoL Compilation)","Rare Cards Sparkle","Relic Sorter","Relic Stats","StSLib"],"gold_per_floor":[116,130,130,150,75,101,119,119,119,131,156,156,185,205,205,305,305,320,410,428,26,41,41,75,75,100,119,119,135,168,184,184,286,286,301,313,329,27,27,56,56,56,56,86,102,115,126,154,154,154,154,154,10,39,39],"floor_reached":56,"language":"ENG","playtime":4941,"items_purged":["Doubt","Strike_R","Strike_R"],"score":1456,"play_id":"8d82ea38-7e25-41d0-a4c4-8a8b2e9bf323","local_time":"20210125182923","is_ascension_mode":true,"campfire_choices":[{"floor":12.0,"key":"RECALL"},{"data":"True Grit","floor":15.0,"key":"SMITH"},{"floor":23.0,"key":"REST"},{"data":"Corruption","floor":28.0,"key":"SMITH"},{"data":"Whirlwind","floor":32.0,"key":"SMITH"},{"data":"Apotheosis","floor":41.0,"key":"SMITH"},{"data":"Iron Wave","floor":49.0,"key":"SMITH"},{"data":"Juggernaut","floor":52,"key":"SMITH"}],"circlet_count":0,"master_deck":["Strike_R","Strike_R","Strike_R+1","Defend_R","Defend_R","Defend_R","Bash","Burning Pact","True Grit+1","Shrug It Off+1","Iron Wave+1","Anger","Cleave","Shrug It Off","True Grit+1","Corruption+1","Rage+1","Ghostly Armor","Whirlwind+1","Juggernaut+1","Spot Weakness","Parasite","Apotheosis+1","Deep Breath","Shrug It Off+1","Rampage+1","Iron Wave+1","Shrug It Off","Flame Barrier"],"relics":["Burning Blood","Pocketwatch","Pen Nib","Singing Bowl","Dead Branch","Busted Crown","Ginger","Meat on the Bone","PreservedInsect","Molten Egg 2","SacredBark","Darkstone Periapt","Blue Candle","HornCleat","Bronze Scales","Magic Flower"],"acts_visited":["Exordium","TheCity","TheBeyond","TheEnding"],"potions_floor_usage":[50,50,55,55],"damage_taken":[{"damage":1.0,"enemies":"Small Slimes","floor":1.0,"turns":4.0},{"damage":9.0,"enemies":"Jaw Worm","floor":2.0,"turns":6.0},{"damage":11.0,"enemies":"Cultist","floor":4.0,"turns":4.0},{"damage":10.0,"enemies":"3 Sentries","floor":6.0,"turns":12.0},{"damage":20.0,"enemies":"Exordium Thugs","floor":7.0,"turns":5.0},{"damage":0.0,"enemies":"3 Louse","floor":10.0,"turns":4.0},{"damage":25.0,"enemies":"Lagavulin","floor":11.0,"turns":7.0},{"damage":22.0,"enemies":"Gremlin Nob","floor":13.0,"turns":4.0},{"damage":1.0,"enemies":"Looter","floor":14.0,"turns":3.0},{"damage":7.0,"enemies":"Slime Boss","floor":16.0,"turns":10.0},{"damage":2.0,"enemies":"Chosen","floor":18.0,"turns":5.0},{"damage":23.0,"enemies":"Spheric Guardian","floor":20.0,"turns":4.0},{"damage":4.0,"enemies":"Shelled Parasite and Fungi","floor":22.0,"turns":5.0},{"damage":36.0,"enemies":"Book of Stabbing","floor":24.0,"turns":7.0},{"damage":0.0,"enemies":"Sentry and Sphere","floor":27.0,"turns":4.0},{"damage":0.0,"enemies":"Centurion and Healer","floor":29.0,"turns":5.0},{"damage":3.0,"enemies":"Slavers","floor":30.0,"turns":3.0},{"damage":2.0,"enemies":"Cultist and Chosen","floor":31.0,"turns":3.0},{"damage":3.0,"enemies":"Champ","floor":33.0,"turns":7.0},{"damage":0.0,"enemies":"3 Darklings","floor":35.0,"turns":3.0},{"damage":2.0,"enemies":"Orb Walker","floor":36.0,"turns":3.0},{"damage":5.0,"enemies":"Writhing Mass","floor":37.0,"turns":4.0},{"damage":6.0,"enemies":"Reptomancer","floor":40.0,"turns":3.0},{"damage":0.0,"enemies":"Giant Head","floor":44.0,"turns":5.0},{"damage":16.0,"enemies":"Jaw Worm Horde","floor":45.0,"turns":3.0},{"damage":0.0,"enemies":"Sphere and 2 Shapes","floor":46.0,"turns":3.0},{"damage":16.0,"enemies":"4 Shapes","floor":47.0,"turns":7.0},{"damage":9.0,"enemies":"Reptomancer","floor":48.0,"turns":3.0},{"damage":18,"enemies":"Time Eater","floor":50,"turns":8},{"damage":67,"enemies":"Shield and Spear","floor":54,"turns":6},{"damage":21,"enemies":"The Heart","floor":55,"turns":6}],"seed_played":"5306580147138771763","potions_obtained":[{"floor":1.0,"key":"EntropicBrew"},{"floor":13.0,"key":"Block Potion"},{"floor":14.0,"key":"DuplicationPotion"},{"floor":16.0,"key":"Strength Potion"},{"floor":18.0,"key":"Energy Potion"},{"floor":27.0,"key":"GamblersBrew"},{"floor":29.0,"key":"Energy Potion"},{"floor":37.0,"key":"BlessingOfTheForge"},{"floor":44.0,"key":"Weak Potion"},{"floor":46.0,"key":"ColorlessPotion"},{"floor":48.0,"key":"Dexterity Potion"}],"is_trial":false,"path_per_floor":["M","M","?","M","$","E","M","?","T","M","E","R","E","M","R","B",null,"M","?","M","$","M","R","E","$","T","M","R","M","E","M","R","B",null,"M","M","M","$","?","E","R","?","T","E","M","M","M","E","R","B",null,"R","$","E","B",null],"character_chosen":"IRONCLAD","items_purchased":["Ginger","Apotheosis","Shrug It Off","Flame Barrier","PowerPotion"],"campfire_rested":1,"item_purchase_floors":[21,38,53,53,53],"current_hp_per_floor":[80,77,77,72,72,68,63,47,47,53,49,49,33,40,40,39,82,84,72,55,55,59,84,54,54,54,60,60,68,73,79,79,82,92,94,94,96,96,96,98,98,98,98,100,90,98,88,85,85,73,102,102,102,55,61],"gold":39,"neow_bonus":"ONE_RARE_RELIC","is_daily":false,"chose_seed":false,"campfire_upgraded":6,"win_rate":0.0,"timestamp":1611620963,"path_taken":["M","M","?","M","$","E","M","?","T","M","E","R","E","M","R","BOSS","M","?","M","?","M","R","E","$","T","?","R","M","E","M","R","BOSS","M","M","M","$","?","E","R","?","T","E","M","M","M","E","R","BOSS","R","$","E","BOSS"],"items_purchased_type":["Relic","Card","Card","Card","Potion"],"build_version":"2020-12-22","purchased_purges":3,"victory":true,"max_hp_per_floor":[80,80,80,80,80,80,80,80,80,80,80,80,80,82,82,82,82,84,84,84,84,86,86,86,86,86,86,86,88,90,92,92,92,92,94,94,96,96,96,98,98,98,98,100,100,102,102,102,102,102,102,102,102,104,104],"relic_stats":{"Darkstone Periapt":0,"Singing Bowl":24,"counters":[31,156],"Dead Branch":[350],"Blue Candle":[0],"Magic Flower":[9],"Pen Nib":[30],"PreservedInsect":354,"Ginger":[8],"Burning Blood":163,"Busted Crown":40,"Bronze Scales":[132],"obtain_stats":[{"Darkstone Periapt":40,"Singing Bowl":11,"Dead Branch":13,"SacredBark":34,"Blue Candle":43,"Magic Flower":54,"Pen Nib":6,"PreservedInsect":26,"Ginger":21,"Burning Blood":0,"Busted Crown":17,"HornCleat":44,"Bronze Scales":48,"Molten Egg 2":30,"Pocketwatch":0,"Meat on the Bone":24},{"Darkstone Periapt":23,"Singing Bowl":7,"Dead Branch":8,"SacredBark":19,"Blue Candle":23,"Magic Flower":30,"Pen Nib":4,"PreservedInsect":14,"Ginger":12,"Burning Blood":0,"Busted Crown":10,"HornCleat":24,"Bronze Scales":28,"Molten Egg 2":17,"Pocketwatch":0,"Meat on the Bone":14},{"Darkstone Periapt":115,"Singing Bowl":42,"Dead Branch":46,"SacredBark":102,"Blue Candle":115,"Magic Flower":150,"Pen Nib":26,"PreservedInsect":80,"Ginger":68,"Burning Blood":0,"Busted Crown":59,"HornCleat":120,"Bronze Scales":136,"Molten Egg 2":92,"Pocketwatch":0,"Meat on the Bone":80}],"Pocketwatch":[168],"Meat on the Bone":30},"card_choices":[{"not_picked":["Warcry","Rupture"],"picked":"Burning Pact","floor":1.0},{"not_picked":["Armaments","Flex"],"picked":"True Grit","floor":2.0},{"not_picked":["Pummel","Iron Wave"],"picked":"Shrug It Off","floor":4.0},{"not_picked":["Limit Break","Body Slam"],"picked":"Iron Wave","floor":6.0},{"not_picked":["Power Through","Blood for Blood"],"picked":"Anger","floor":7.0},{"not_picked":["Twin Strike","Hemokinesis"],"picked":"Cleave","floor":10.0},{"not_picked":["Warcry","Twin Strike"],"picked":"Shrug It Off","floor":11.0},{"not_picked":["Entrench","Fire Breathing"],"picked":"True Grit","floor":13.0},{"not_picked":["Flex","Dual Wield","Headbutt"],"picked":"Singing Bowl","floor":14.0},{"not_picked":["Exhume","Double Tap"],"picked":"Corruption","floor":16.0},{"not_picked":["Twin Strike+1"],"picked":"Singing Bowl","floor":18.0},{"not_picked":[],"picked":"Rage+1","floor":20.0},{"not_picked":["Body Slam"],"picked":"Singing Bowl","floor":22.0},{"not_picked":[],"picked":"Ghostly Armor","floor":24.0},{"not_picked":[],"picked":"Whirlwind","floor":27.0},{"not_picked":["Body Slam"],"picked":"Singing Bowl","floor":29.0},{"not_picked":["Thunderclap+1"],"picked":"Singing Bowl","floor":30.0},{"not_picked":["Clothesline+1"],"picked":"Singing Bowl","floor":31.0},{"not_picked":[],"picked":"Juggernaut","floor":33.0},{"not_picked":["Entrench"],"picked":"Singing Bowl","floor":35.0},{"not_picked":[],"picked":"Spot Weakness","floor":36.0},{"not_picked":["Combust+1"],"picked":"Singing Bowl","floor":37.0},{"not_picked":["Whirlwind+1"],"picked":"Singing Bowl","floor":40.0},{"not_picked":[],"picked":"Deep Breath","floor":42.0},{"not_picked":["Havoc+1"],"picked":"Singing Bowl","floor":44.0},{"not_picked":[],"picked":"Shrug It Off+1","floor":45.0},{"not_picked":["Clash+1"],"picked":"Singing Bowl","floor":46.0},{"not_picked":[],"picked":"Rampage+1","floor":47.0},{"not_picked":[],"picked":"Iron Wave+1","floor":48.0},{"not_picked":["Sword Boomerang+1"],"picked":"Singing Bowl","floor":54}],"player_experience":214546,"relics_obtained":[{"floor":6.0,"key":"Pen Nib"},{"floor":11.0,"key":"Singing Bowl"},{"floor":13.0,"key":"Dead Branch"},{"floor":24.0,"key":"Meat on the Bone"},{"floor":26.0,"key":"PreservedInsect"},{"floor":30.0,"key":"Molten Egg 2"},{"floor":40.0,"key":"Darkstone Periapt"},{"floor":43.0,"key":"Blue Candle"},{"floor":44.0,"key":"HornCleat"},{"floor":48.0,"key":"Bronze Scales"},{"floor":54,"key":"Magic Flower"}],"event_choices":[{"damage_healed":0.0,"max_hp_gain":0.0,"max_hp_loss":0.0,"gold_gain":0.0,"event_name":"Living Wall","player_choice":"Grow","floor":3.0,"gold_loss":0.0,"damage_taken":0.0,"cards_upgraded":["True Grit"]},{"damage_healed":0.0,"max_hp_gain":0.0,"max_hp_loss":0.0,"gold_gain":0.0,"event_name":"Shining Light","player_choice":"Entered Light","floor":8.0,"gold_loss":0.0,"damage_taken":16.0,"cards_upgraded":["Strike_R","Shrug It Off"]},{"damage_healed":0.0,"max_hp_gain":0.0,"max_hp_loss":0.0,"gold_gain":90.0,"event_name":"Knowing Skull","player_choice":"GOLD ","floor":19.0,"potions_obtained":[],"gold_loss":0.0,"damage_taken":12.0,"cards_obtained":[]},{"cards_removed":["Defend_R"],"damage_healed":0.0,"max_hp_gain":0.0,"max_hp_loss":0.0,"gold_gain":0.0,"event_name":"Falling","player_choice":"Removed Skill","floor":39.0,"gold_loss":0.0,"damage_taken":0.0},{"damage_healed":0.0,"max_hp_gain":0.0,"max_hp_loss":0.0,"gold_gain":0.0,"event_name":"SensoryStone","player_choice":"Memory 1","floor":42.0,"gold_loss":0.0,"damage_taken":0.0}],"is_beta":false,"boss_relics":[{"not_picked":["Runic Pyramid","Runic Cube"],"picked":"Busted Crown"},{"not_picked":["Runic Dome","SlaversCollar"],"picked":"SacredBark"}],"items_purged_floors":[5,21,38],"is_endless":false,"potions_floor_spawned":[1,13,14,16,18,27,29,37,44,46,48],"ascension_level":2}}