{"host":"x205naxbihvu3p76","time":1611677115,"event":{"mods":["AchievementEnabler","BaseMod","Minty Spire (QoL Compilation)","StSLib","SuperFastMode"],"gold_per_floor":[117,117,133,153,153,153,172,207,287,287,333,124,24,42,42,42,42],"floor_reached":16,"language":"KOR","playtime":255,"items_purged":["Strike_B","Strike_B"],"score":200,"play_id":"92815b3c-7d95-42d1-8890-10c488c759b0","local_time":"20210127010515","is_ascension_mode":true,"campfire_choices":[{"data":"Multi-Cast","floor":6,"key":"SMITH"},{"floor":15,"key":"REST"}],"circlet_count":0,"master_deck":["AscendersBane","Strike_B","Defend_B","Defend_B","Defend_B","Defend_B","Zap","Dualcast","Multi-Cast+1","Cold Snap","Turbo","Melter","BootSequence","Ball Lightning","Capacitor","Go for the Eyes"],"relics":["Cracked Core","Calipers","Kunai","Regal Pillow"],"acts_visited":["Exordium"],"potions_floor_usage":[8],"damage_taken":[{"damage":5,"enemies":"Small Slimes","floor":1,"turns":3},{"damage":1,"enemies":"Cultist","floor":3,"turns":3},{"damage":8,"enemies":"2 Louse","floor":4,"turns":3},{"damage":1,"enemies":"Looter","floor":7,"turns":2},{"damage":40,"enemies":"Lagavulin","floor":8,"turns":7},{"damage":1,"enemies":"Blue Slaver","floor":14,"turns":2},{"damage":49,"enemies":"Hexaghost","floor":16,"turns":9}],"seed_played":"-7062177117879004027","potions_obtained":[{"floor":1,"key":"FearPotion"},{"floor":7,"key":"ColorlessPotion"}],"is_trial":false,"path_per_floor":["M","?","M","M","?","R","M","E","T","?","T","$","$","M","R","B"],"character_chosen":"DEFECT","items_purchased":["Ball Lightning","Capacitor"],"campfire_rested":1,"item_purchase_floors":[12,12],"current_hp_per_floor":[59,55,54,46,46,46,45,5,5,10,10,10,10,9,46,0,0],"gold":42,"neow_bonus":"ONE_RANDOM_RARE_CARD","is_daily":false,"chose_seed":false,"campfire_upgraded":1,"win_rate":0.0,"timestamp":1611677115,"path_taken":["M","?","M","?","?","R","M","E","T","?","?","?","$","M","R","BOSS"],"items_purchased_type":["Card","Card"],"build_version":"2020-12-22","purchased_purges":2,"victory":false,"max_hp_per_floor":[71,71,71,71,71,71,71,71,71,76,76,76,76,76,76,76,76],"card_choices":[{"not_picked":["Heatsinks","Go for the Eyes"],"picked":"Cold Snap","floor":1},{"not_picked":["Beam Cell","Rip and Tear","Rebound"],"picked":"SKIP","floor":3},{"not_picked":["Sweeping Beam","Creative AI"],"picked":"Turbo","floor":4},{"not_picked":["Sweeping Beam","Cold Snap"],"picked":"BootSequence","floor":7},{"not_picked":["Meteor Strike","Compile Driver","Steam Power"],"picked":"SKIP","floor":8},{"not_picked":["Hologram","Coolheaded"],"picked":"Go for the Eyes","floor":14}],"player_experience":1000866,"relics_obtained":[{"floor":8,"key":"Calipers"},{"floor":9,"key":"Kunai"},{"floor":11,"key":"Regal Pillow"}],"event_choices":[{"damage_healed":0,"gold_gain":0,"player_choice":"Bought 0 Potions","damage_taken":0,"max_hp_gain":0,"max_hp_loss":0,"event_name":"The Woman in Blue","floor":2,"gold_loss":0},{"damage_healed":0,"gold_gain":0,"cards_transformed":["Strike_B"],"player_choice":"Change","damage_taken":0,"max_hp_gain":0,"max_hp_loss":0,"event_name":"Living Wall","floor":5,"gold_loss":0,"cards_obtained":["Melter"]},{"damage_healed":0,"gold_gain":0,"player_choice":"Donut","damage_taken":0,"max_hp_gain":5,"max_hp_loss":0,"event_name":"Big Fish","floor":10,"gold_loss":0}],"is_beta":false,"boss_relics":[],"items_purged_floors":[12,13],"is_endless":false,"potions_floor_spawned":[1,7],"killed_by":"Hexaghost","ascension_level":20}}