{"host":"p9t7qd83igtcp2bh","time":1611648321,"event":{"mods":["2.2 Compatiblity","AchievementEnabler","BaseMod","Colored Map","Colored Powertips","Custom Start","DeckTracker","Keyboard Shortcuts","Minty Spire (QoL Compilation)","Permanent Neow","StSLib","SuperFastMode","everything is the same but u backflip on backflip"],"gold_per_floor":[113,130,143,68,68,81,81,81],"floor_reached":7,"language":"KOR","playtime":169,"items_purged":[],"score":86,"play_id":"a5000de3-de1b-4f3c-8521-5832bec4c575","local_time":"20210126170521","is_ascension_mode":true,"campfire_choices":[],"circlet_count":0,"master_deck":["AscendersBane","Strike_B","Strike_B","Strike_B","Strike_B","Defend_B","Defend_B","Defend_B","Defend_B","Zap","Dualcast","Storm","Barrage","Ball Lightning","Capacitor","Defragment"],"relics":["Cracked Core","Blood Vial","Pocketwatch"],"acts_visited":["Exordium"],"potions_floor_usage":[7],"damage_taken":[{"damage":1.0,"enemies":"Cultist","floor":1.0,"turns":3.0},{"damage":4.0,"enemies":"Jaw Worm","floor":2.0,"turns":4.0},{"damage":13.0,"enemies":"Small Slimes","floor":3.0,"turns":3.0},{"damage":35.0,"enemies":"Gremlin Gang","floor":6.0,"turns":5.0},{"damage":30,"enemies":"3 Sentries","floor":7,"turns":4}],"seed_played":"1418563304651589528","potions_obtained":[{"floor":1.0,"key":"PowerPotion"},{"floor":3.0,"key":"CultistPotion"}],"is_trial":false,"path_per_floor":["M","M","M","$","?","M","E"],"character_chosen":"DEFECT","items_purchased":["Capacitor"],"campfire_rested":0,"item_purchase_floors":[4],"current_hp_per_floor":[65,63,52,52,52,19,0,0],"gold":81,"neow_bonus":"RANDOM_COMMON_RELIC","is_daily":false,"chose_seed":false,"campfire_upgraded":0,"win_rate":0.0,"timestamp":1611648321,"path_taken":["M","M","?","$","?","M","E"],"items_purchased_type":["Card"],"build_version":"2020-12-22","purchased_purges":0,"victory":false,"max_hp_per_floor":[71,71,71,71,71,71,71,71],"card_choices":[{"not_picked":["Turbo","Chaos"],"picked":"Storm","floor":1.0},{"not_picked":["Undo","Turbo"],"picked":"Barrage","floor":2.0},{"not_picked":["Steam Power","Streamline"],"picked":"Ball Lightning","floor":3.0},{"not_picked":["Self Repair","Stack"],"picked":"Defragment","floor":6.0}],"player_experience":681995,"relics_obtained":[],"event_choices":[{"damage_healed":0.0,"max_hp_gain":0.0,"max_hp_loss":0.0,"gold_gain":0.0,"event_name":"WeMeetAgain","player_choice":"Gave Potion","floor":5.0,"gold_loss":0.0,"damage_taken":0.0,"relics_obtained":["Pocketwatch"]}],"is_beta":false,"boss_relics":[],"items_purged_floors":[],"is_endless":false,"potions_floor_spawned":[1,3],"killed_by":"3 Sentries","ascension_level":20}}