{"host":"agbyy69nq62afhwx","time":1611696582,"event":{"mods":["BaseMod","Colored Map","DeckTracker","Highlight Path","Keyboard Shortcuts","Minty Spire (QoL Compilation)","Quick Restart","StSLib","SuperFastMode","everything is the same but u backflip on backflip"],"gold_per_floor":[118,4,4,18,18,18,28,28,103,120,154,154,154,177,177,266,266,286,103,128,128,141,141,180,180,249,262,262,272,272,290,290,290,290],"floor_reached":33,"language":"KOR","playtime":841,"items_purged":["Writhe","Strike_P"],"score":467,"play_id":"60a5e5ab-35ad-479c-85a4-c104efa91fea","local_time":"20210127062942","is_ascension_mode":true,"campfire_choices":[{"data":"Eruption","floor":6.0,"key":"SMITH"},{"data":"ForeignInfluence","floor":8.0,"key":"SMITH"},{"floor":13.0,"key":"REST"},{"data":"MentalFortress","floor":15.0,"key":"SMITH"},{"floor":23.0,"key":"REST"},{"floor":30.0,"key":"REST"},{"data":"ForeignInfluence","floor":32.0,"key":"SMITH"}],"circlet_count":0,"master_deck":["AscendersBane","Strike_P","Defend_P","Defend_P","Defend_P","Eruption+1","Vigilance","Wallop","ForeignInfluence+1","Evaluate","Halt","MentalFortress+1","Vault","FearNoEvil","Bandage Up","FollowUp","ForeignInfluence+1"],"relics":["PureWater","Unceasing Top","Bottled Lightning","Question Card","Bird Faced Urn","Bloody Idol","Empty Cage","Nunchaku","Pear"],"acts_visited":["Exordium","TheCity"],"potions_floor_usage":[],"damage_taken":[{"damage":5.0,"enemies":"Cultist","floor":1.0,"turns":4.0},{"damage":0.0,"enemies":"Small Slimes","floor":4.0,"turns":3.0},{"damage":0.0,"enemies":"2 Louse","floor":7.0,"turns":3.0},{"damage":0.0,"enemies":"Blue Slaver","floor":10.0,"turns":1.0},{"damage":30.0,"enemies":"Gremlin Nob","floor":11.0,"turns":3.0},{"damage":0.0,"enemies":"Exordium Thugs","floor":14.0,"turns":3.0},{"damage":39.0,"enemies":"The Guardian","floor":16.0,"turns":15.0},{"damage":24.0,"enemies":"2 Thieves","floor":18.0,"turns":6.0},{"damage":15.0,"enemies":"Spheric Guardian","floor":20.0,"turns":7.0},{"damage":6.0,"enemies":"Centurion and Healer","floor":22.0,"turns":6.0},{"damage":17.0,"enemies":"Slavers","floor":24.0,"turns":6.0},{"damage":31.0,"enemies":"Snake Plant","floor":27.0,"turns":7.0},{"damage":10.0,"enemies":"Snecko","floor":29.0,"turns":5.0},{"damage":0.0,"enemies":"Chosen and Byrds","floor":31.0,"turns":4.0},{"damage":38,"enemies":"Champ","floor":33,"turns":11}],"seed_played":"5797283442695431989","potions_obtained":[{"floor":1.0,"key":"SneckoOil"},{"floor":4.0,"key":"Energy Potion"},{"floor":18.0,"key":"DistilledChaos"},{"floor":22.0,"key":"BlessingOfTheForge"},{"floor":28.0,"key":"SmokeBomb"},{"floor":28.0,"key":"LiquidMemories"},{"floor":29.0,"key":"Ambrosia"}],"is_trial":false,"path_per_floor":["M","$","T","M","$","R","M","R","T","M","E","?","R","M","R","B",null,"M","$","M","?","M","R","E","?","T","M","?","M","R","M","R","B"],"character_chosen":"WATCHER","items_purchased":["ForeignInfluence","Bandage Up"],"campfire_rested":3,"item_purchase_floors":[2,19],"current_hp_per_floor":[56,56,56,56,56,56,56,56,56,56,26,26,44,44,44,7,48,26,26,17,17,17,35,24,24,39,19,19,18,39,50,50,18,18],"gold":290,"neow_bonus":"ONE_RARE_RELIC","is_daily":false,"chose_seed":false,"campfire_upgraded":4,"win_rate":0.0,"timestamp":1611696582,"path_taken":["M","$","?","?","?","R","M","R","T","M","E","?","R","M","R","BOSS","M","$","M","?","M","R","E","?","T","?","?","M","R","M","R","BOSS"],"items_purchased_type":["Card","Card"],"build_version":"2020-12-22","purchased_purges":2,"victory":false,"max_hp_per_floor":[68,68,68,68,68,68,68,68,68,68,68,62,62,62,62,62,62,62,62,62,62,62,62,62,62,72,72,72,72,72,72,72,72,72],"card_choices":[{"not_picked":["EmptyFist","JustLucky"],"picked":"Wallop","floor":1.0},{"not_picked":["PathToVictory","Vengeance"],"picked":"Evaluate","floor":4.0},{"not_picked":["ReachHeaven","EmptyFist","ForeignInfluence"],"picked":"SKIP","floor":7.0},{"not_picked":["JustLucky","FlyingSleeves","Sanctity","Prostrate"],"picked":"SKIP","floor":10.0},{"not_picked":["ThirdEye","ConjureBlade","Protect"],"picked":"Halt","floor":11.0},{"not_picked":["Evaluate","FollowUp","PathToVictory"],"picked":"MentalFortress","floor":14.0},{"not_picked":["Ragnarok","MasterReality","DeusExMachina"],"picked":"Vault","floor":16.0},{"not_picked":["Evaluate","Halt","Perseverance"],"picked":"FearNoEvil","floor":18.0},{"not_picked":["Wallop","Halt","EmptyFist"],"picked":"FollowUp","floor":20.0},{"not_picked":["EmptyBody","Wireheading","CrushJoints","DeceiveReality"],"picked":"SKIP","floor":22.0},{"not_picked":["FollowUp","EmptyBody","Alpha","SandsOfTime"],"picked":"SKIP","floor":24.0},{"not_picked":["SignatureMove","Conclude","SashWhip","BowlingBash"],"picked":"SKIP","floor":27.0},{"not_picked":["MentalFortress","BowlingBash","WaveOfTheHand"],"picked":"ForeignInfluence","floor":29.0},{"not_picked":["JustLucky","FearNoEvil","PathToVictory","Halt"],"picked":"SKIP","floor":31.0}],"player_experience":484274,"relics_obtained":[{"floor":3.0,"key":"Bottled Lightning"},{"floor":9.0,"key":"Question Card"},{"floor":11.0,"key":"Bird Faced Urn"},{"floor":24.0,"key":"Nunchaku"},{"floor":26.0,"key":"Pear"}],"event_choices":[{"damage_healed":0.0,"max_hp_gain":0.0,"max_hp_loss":6.0,"gold_gain":0.0,"event_name":"Golden Idol","player_choice":"Lose Max HP","floor":12.0,"gold_loss":0.0,"damage_taken":0.0,"relics_obtained":["Golden Idol"]},{"cards_removed":["Strike_P"],"damage_healed":0.0,"max_hp_gain":0.0,"max_hp_loss":0.0,"gold_gain":0.0,"event_name":"Back to Basics","player_choice":"Elegance","floor":21.0,"gold_loss":0.0,"damage_taken":0.0},{"damage_healed":0.0,"max_hp_gain":0.0,"max_hp_loss":0.0,"gold_gain":0.0,"event_name":"Forgotten Altar","player_choice":"Gave Idol","floor":25.0,"relics_lost":["Golden Idol"],"gold_loss":0.0,"damage_taken":0.0,"relics_obtained":["Bloody Idol"]},{"damage_healed":0.0,"max_hp_gain":0.0,"max_hp_loss":0.0,"gold_gain":0.0,"event_name":"Lab","player_choice":"Got Potions","floor":28.0,"gold_loss":0.0,"damage_taken":0.0}],"is_beta":false,"boss_relics":[{"not_picked":["Astrolabe","HolyWater"],"picked":"Empty Cage"}],"items_purged_floors":[2,19],"is_endless":false,"potions_floor_spawned":[1,4,11,18,22,29],"killed_by":"Champ","ascension_level":15}}