{"host":"o5lch9xvacbb0fa4","time":1611672615,"event":{"mods":["AchievementEnabler","Act Like it!","Aspiration","Bard","BaseMod","Better Altar","Better Match","Better Note","Better Sensory Stone","Better Skull","Better Third Choice","Better Vampires","BetterRewards","CCEM","Colored Map","Conspire","Downfall","GifTheSpireLib","Googly Eyes","GungeonMod","Halation","Hermit","Highlight Path","Hubris","Infinite Spire","Jedi Mod","Jorbs\u0027s Wanderer Trilogy","Marisa????????","Marked Mod","Mimic Mod","Minty Spire (QoL Compilation)","Permanent Neow","Relic Filter","Relic Sorter","Relic Stats","Replay The Spire","Shade Mod","Shop Mod","Small Relic Pack","StSLib","Stuff the Spire","The Administrix","The Blackbeard","The Runesmith","Unceasing Turn Reminder","everything is the same but u backflip on backflip","slay the spire mod where everything is the same but ironclad has a cowboy hat"],"gold_per_floor":[116,126,143,143,89,89,101,101,101,113,113,128,128,128,128,128,128],"floor_reached":16,"playtime":643,"items_purged":[],"score":92,"play_id":"4ad577c1-05a8-49df-b587-9352121888b0","local_time":"20210126225015","is_ascension_mode":false,"campfire_choices":[{"data":"ReplayGash","floor":6.0,"key":"SMITH"},{"data":"ReplayTheSpireMod:Fabricate Wheel","floor":11.0,"key":"SMITH"},{"data":"ReplayGash","floor":13,"key":"SMITH"},{"data":"Defragment","floor":15,"key":"SMITH"}],"circlet_count":0,"master_deck":["Strike_B","Strike_B","Strike_B","Strike_B","Defend_B","Defend_B","Defend_B","Defend_B","Zap","Dualcast","Biased Cognition","ReplayGash+1","Coolheaded+1","jedi:reiji","StuffTheSpire:CuriosityCurse","hubris:SpecializedCircuitry","Gash","ReplayGash+1","Electrodynamics","Conserve Battery","Defragment+1"],"relics":["Cracked Core","conspire:GiftBox","Bag of Preparation","Chameleon Ring","Prayer Wheel","StuffTheSpire:DarkSteelAnvil"],"acts_visited":["Exordium"],"potions_floor_usage":[12,12,16],"damage_taken":[{"damage":1.0,"enemies":"Cultist","floor":1.0,"turns":3.0},{"damage":0.0,"enemies":"2 Louse","floor":2.0,"turns":2.0},{"damage":2.0,"enemies":"Jaw Worm","floor":3.0,"turns":3.0},{"damage":6.0,"enemies":"2 Fungi Beasts","floor":7.0,"turns":3.0},{"damage":20.0,"enemies":"Exordium Wildlife","floor":10.0,"turns":4.0},{"damage":0,"enemies":"3 Louse","floor":12,"turns":4},{"damage":38,"enemies":"The Guardian","floor":16,"turns":14}],"seed_played":"-8482011327361396866","potions_obtained":[{"floor":1.0,"key":"DuplicationPotion"},{"floor":3.0,"key":"EssenceOfDarkness"},{"floor":7.0,"key":"Regen Potion"},{"floor":12,"key":"Block Potion"}],"is_trial":false,"path_per_floor":["M","M","M","?","$","R","M","?","T","M","R","M","R","?","R","B"],"character_chosen":"DEFECT","items_purchased":["Gash"],"campfire_rested":0,"item_purchase_floors":[5],"current_hp_per_floor":[74,74,72,72,72,72,66,40,40,20,20,38,38,38,38,0,0],"gold":128,"neow_bonus":"ONE_RANDOM_RARE_CARD","is_daily":false,"chose_seed":false,"campfire_upgraded":4,"win_rate":0.0,"timestamp":1611672615,"path_taken":["M","M","?","?","?","R","?","?","T","M","R","?","R","?","R","BOSS"],"items_purchased_type":["Card"],"build_version":"2020-12-13","purchased_purges":0,"victory":false,"max_hp_per_floor":[75,75,75,75,75,75,75,75,75,75,75,75,75,75,75,75,75],"relic_stats":{"counters":[29,139],"Prayer Wheel":1,"Bag of Preparation":[6],"obtain_stats":[{"Lantern":0,"DemoMod:GlassGuonStoneRelic":1,"Bag of Preparation":8,"Replay:Mystery Machine":5,"PrismaticShard":24,"Ancient Tea Set":8,"relicPack:OneForAll":2,"Replay:Ringing Soul":26,"infinitespire:SolderingIron":0,"Chameleon Ring":9,"Prayer Wheel":12,"halation:LettersToHer":0,"Cracked Core":7,"CCEMRelics:JestersCrown":6,"Ring of the Snake":0,"StuffTheSpire:TintedRock":11,"CCEMRelics:SpiritsEdge":9,"jedi:fakemustache":0,"conspire:GiftBox":4,"jedi:hotpepper":17,"halation:EternalFortune":3,"Molten Egg 2":7,"StuffTheSpire:DarkSteelAnvil":14,"Grinning Jar":20,"jedi:arcanewood":12,"ReplayTheSpireMod:Lightbulb":9},{"Lantern":0,"DemoMod:GlassGuonStoneRelic":1,"Bag of Preparation":26,"Replay:Mystery Machine":17,"PrismaticShard":10,"Ancient Tea Set":19,"relicPack:OneForAll":1,"Replay:Ringing Soul":11,"infinitespire:SolderingIron":14,"Chameleon Ring":26,"Prayer Wheel":22,"halation:LettersToHer":14,"Cracked Core":18,"CCEMRelics:JestersCrown":17,"Ring of the Snake":0,"StuffTheSpire:TintedRock":21,"CCEMRelics:SpiritsEdge":4,"jedi:fakemustache":14,"conspire:GiftBox":25,"jedi:hotpepper":8,"halation:EternalFortune":16,"Molten Egg 2":3,"StuffTheSpire:DarkSteelAnvil":28,"Grinning Jar":9,"jedi:arcanewood":6,"ReplayTheSpireMod:Lightbulb":19},{"Lantern":0,"DemoMod:GlassGuonStoneRelic":2,"Bag of Preparation":117,"Replay:Mystery Machine":82,"PrismaticShard":46,"Ancient Tea Set":96,"relicPack:OneForAll":2,"Replay:Ringing Soul":52,"infinitespire:SolderingIron":65,"Chameleon Ring":117,"Prayer Wheel":106,"halation:LettersToHer":65,"Cracked Core":83,"CCEMRelics:JestersCrown":82,"Ring of the Snake":0,"StuffTheSpire:TintedRock":105,"CCEMRelics:SpiritsEdge":18,"jedi:fakemustache":65,"conspire:GiftBox":114,"jedi:hotpepper":41,"halation:EternalFortune":75,"Molten Egg 2":10,"StuffTheSpire:DarkSteelAnvil":125,"Grinning Jar":45,"jedi:arcanewood":24,"ReplayTheSpireMod:Lightbulb":96}]},"card_choices":[{"not_picked":["Defragment","Streamline"],"picked":"ReplayGash","floor":1.0},{"not_picked":["Compile Driver","jedi:BurstFrost"],"picked":"Coolheaded","floor":2.0},{"not_picked":["Chaos","Heatsinks"],"picked":"jedi:reiji","floor":3.0},{"not_picked":["Multi-Cast","StuffTheSpire:Purify"],"picked":"hubris:SpecializedCircuitry","floor":4.0},{"not_picked":["Panic Button","Stack"],"picked":"ReplayGash","floor":7.0},{"not_picked":["jedi:BurstLightning","Panic Button"],"picked":"ReplayTheSpireMod:Fabricate Wheel","floor":10.0},{"not_picked":["jedi:blockon","Sweeping Beam"],"picked":"Conserve Battery","floor":12},{"not_picked":["Melter","Cold Snap"],"picked":"Defragment","floor":12}],"player_experience":8689,"relics_obtained":[{"floor":9.0,"key":"Chameleon Ring"}],"event_choices":[{"damage_healed":0.0,"max_hp_gain":0.0,"max_hp_loss":0.0,"gold_gain":0.0,"event_name":"betterSkull:BetterSkull","player_choice":"RE UP ","floor":8.0,"gold_loss":0.0,"damage_taken":30.0,"cards_upgraded":["Coolheaded"],"relics_obtained":["Bag of Preparation"]},{"damage_healed":0,"gold_gain":0,"player_choice":"Searched \u00271\u0027 times","damage_taken":0,"relics_obtained":["StuffTheSpire:DarkSteelAnvil"],"max_hp_gain":0,"max_hp_loss":0,"event_name":"Dead Adventurer","floor":14,"gold_loss":0}],"is_beta":false,"boss_relics":[],"items_purged_floors":[],"is_endless":false,"potions_floor_spawned":[1,3,7,12],"killed_by":"The Guardian","ascension_level":0}}