{"host":"a1eatafr7pisesky","time":1611644771,"event":{"mods":["AchievementEnabler","BaseMod","Colored Map","Keyboard Shortcuts","Minty Spire (QoL Compilation)","Say the Spire","StSLib","SuperFastMode","everything is the same but u backflip on backflip"],"gold_per_floor":[11,26,36,53,53,80,80,114,114,114,2,17,51,51,62,62,166,166,178,192,192,92,92,124,124,159,159,159,176,207,167,179,179,277,327,343,218,271,271,271,299,313,338,338,188,207,240,252,266,266,266,266,266,23,52,52],"floor_reached":57,"language":"KOR","playtime":1834,"items_purged":["Strike_P","Defend_P","Strike_P","Defend_P"],"score":2230,"play_id":"2c46576b-94b6-4764-a26d-e0fa29126def","local_time":"20210126160611","is_ascension_mode":true,"campfire_choices":[{"data":"Eruption","floor":7.0,"key":"SMITH"},{"data":"Adaptation","floor":16.0,"key":"SMITH"},{"data":"Ghostly","floor":25.0,"key":"SMITH"},{"data":"Ghostly","floor":28.0,"key":"SMITH"},{"data":"Ghostly","floor":33.0,"key":"SMITH"},{"floor":50,"key":"RECALL"},{"data":"MasterReality","floor":53,"key":"SMITH"}],"circlet_count":0,"master_deck":["AscendersBane","Strike_P","Defend_P","Defend_P","Eruption+1","Vigilance","Blasphemy","FlurryOfBlows","EmptyFist+1","BowlingBash+1","Adaptation+1","Scrawl","SpiritShield+1","Ghostly+1","Ghostly+1","Ghostly+1","Ghostly","Ghostly","Adaptation+1","Brilliance","MasterReality+1"],"relics":["PureWater","Akabeko","Dead Branch","CaptainsWheel","Incense Burner","Coffee Dripper","Matryoshka","Unceasing Top","Whetstone","Eternal Feather","Ornamental Fan","Tiny House","CloakClasp","Blood Vial","InkBottle","Damaru","StoneCalendar","TheAbacus","Torii"],"acts_visited":["Exordium","TheCity","TheBeyond","TheEnding"],"potions_floor_usage":[51,56,56,56,56,56],"damage_taken":[{"damage":7.0,"enemies":"2 Louse","floor":1.0,"turns":3.0},{"damage":0.0,"enemies":"Jaw Worm","floor":2.0,"turns":3.0},{"damage":0.0,"enemies":"Cultist","floor":3.0,"turns":2.0},{"damage":0.0,"enemies":"2 Fungi Beasts","floor":4.0,"turns":2.0},{"damage":10.0,"enemies":"Gremlin Nob","floor":6.0,"turns":3.0},{"damage":15.0,"enemies":"3 Sentries","floor":8.0,"turns":4.0},{"damage":6.0,"enemies":"Looter","floor":12.0,"turns":3.0},{"damage":10.0,"enemies":"Lagavulin","floor":13.0,"turns":6.0},{"damage":0.0,"enemies":"Blue Slaver","floor":15.0,"turns":1.0},{"damage":0.0,"enemies":"Slime Boss","floor":17.0,"turns":6.0},{"damage":22.0,"enemies":"2 Thieves","floor":19.0,"turns":5.0},{"damage":0.0,"enemies":"Spheric Guardian","floor":20.0,"turns":4.0},{"damage":1.0,"enemies":"Gremlin Leader","floor":24.0,"turns":3.0},{"damage":3.0,"enemies":"Book of Stabbing","floor":26.0,"turns":4.0},{"damage":3.0,"enemies":"Centurion and Healer","floor":29.0,"turns":5.0},{"damage":1.0,"enemies":"Slavers","floor":30.0,"turns":5.0},{"damage":9.0,"enemies":"Chosen and Byrds","floor":32.0,"turns":6.0},{"damage":1.0,"enemies":"Collector","floor":34.0,"turns":7.0},{"damage":1.0,"enemies":"3 Darklings","floor":36.0,"turns":3.0},{"damage":2,"enemies":"2 Orb Walkers","floor":38,"turns":6},{"damage":0,"enemies":"Reptomancer","floor":41,"turns":4},{"damage":0,"enemies":"Orb Walker","floor":42,"turns":4},{"damage":1,"enemies":"Giant Head","floor":43,"turns":7},{"damage":0,"enemies":"Jaw Worm Horde","floor":46,"turns":3},{"damage":0,"enemies":"Reptomancer","floor":47,"turns":1},{"damage":1,"enemies":"Spire Growth","floor":48,"turns":5},{"damage":0,"enemies":"Transient","floor":49,"turns":5},{"damage":7,"enemies":"Donu and Deca","floor":51,"turns":8},{"damage":1,"enemies":"Shield and Spear","floor":55,"turns":7},{"damage":14,"enemies":"The Heart","floor":56,"turns":7}],"seed_played":"2275839250667932606","potions_obtained":[{"floor":1.0,"key":"BottledMiracle"},{"floor":4.0,"key":"CultistPotion"},{"floor":8.0,"key":"LiquidMemories"},{"floor":26.0,"key":"BlessingOfTheForge"},{"floor":30.0,"key":"GamblersBrew"},{"floor":31.0,"key":"PowerPotion"},{"floor":31.0,"key":"StancePotion"},{"floor":41,"key":"LiquidMemories"}],"is_trial":false,"path_per_floor":["M","M","M","M","?","E","R","E","T","T","$","M","E","?","M","R","B",null,"M","M","?","$","?","E","R","E","T","R","M","E","?","M","R","B",null,"M","$","?","?","?","E","M","E","T","$","M","E","M","M","R","B",null,"R","$","E","B",null],"character_chosen":"WATCHER","items_purchased":["Adaptation","EntropicBrew","TheAbacus"],"campfire_rested":0,"item_purchase_floors":[11,54,54],"current_hp_per_floor":[58,58,58,58,63,53,53,38,38,38,38,32,22,15,15,15,15,62,40,40,38,38,38,37,37,34,34,38,35,34,34,25,37,36,43,42,42,40,40,40,40,42,42,42,42,43,43,42,43,43,36,41,43,43,42,29],"gold":52,"neow_bonus":"THREE_RARE_CARDS","is_daily":false,"chose_seed":false,"campfire_upgraded":6,"win_rate":0.0,"timestamp":1611644771,"path_taken":["M","M","M","M","?","E","R","E","T","T","$","M","E","?","M","R","BOSS","M","M","?","$","?","E","R","E","T","R","M","E","?","M","R","BOSS","M","$","?","?","?","E","M","E","T","$","M","E","M","M","R","BOSS","R","$","E","BOSS"],"items_purchased_type":["Card","Potion","Relic"],"build_version":"2020-12-22","purchased_purges":4,"victory":true,"max_hp_per_floor":[72,72,72,72,77,77,77,77,77,77,77,77,77,77,77,77,77,77,77,77,38,38,38,38,38,38,38,38,38,38,38,38,38,38,43,43,43,43,43,43,43,43,43,43,43,43,43,43,43,43,43,43,43,43,43,43],"card_choices":[{"not_picked":["Judgement","Vault"],"picked":"Blasphemy","floor":0.0},{"not_picked":["Sanctity","ClearTheMind"],"picked":"FollowUp","floor":1.0},{"not_picked":["CrushJoints","Consecrate"],"picked":"FlurryOfBlows","floor":2.0},{"not_picked":["CrushJoints","CarveReality"],"picked":"EmptyFist","floor":3.0},{"not_picked":["JustLucky","Halt"],"picked":"BowlingBash","floor":4.0},{"not_picked":["ReachHeaven","CutThroughFate","EmptyFist"],"picked":"SKIP","floor":6.0},{"not_picked":["EmptyBody","FlyingSleeves","EmptyFist"],"picked":"SKIP","floor":8.0},{"not_picked":["FlurryOfBlows","FollowUp"],"picked":"Scrawl","floor":12.0},{"not_picked":["Collect","Prostrate","BowlingBash"],"picked":"SKIP","floor":13.0},{"not_picked":["JustLucky","EmptyBody","BowlingBash"],"picked":"SKIP","floor":15.0},{"not_picked":["Scrawl","ConjureBlade"],"picked":"SpiritShield","floor":17.0},{"not_picked":["Swivel","ReachHeaven","ThirdEye"],"picked":"SKIP","floor":19.0},{"not_picked":["ForeignInfluence+1","EmptyMind","Evaluate"],"picked":"SKIP","floor":20.0},{"not_picked":["DeceiveReality","SashWhip","Protect"],"picked":"SKIP","floor":24.0},{"not_picked":["Vengeance","InnerPeace+1"],"picked":"Adaptation+1","floor":26.0},{"not_picked":["Crescendo","Protect+1","EmptyBody+1"],"picked":"SKIP","floor":29.0},{"not_picked":["Weave+1","PathToVictory","Adaptation"],"picked":"SKIP","floor":30.0},{"not_picked":["Indignation","CrushJoints","Protect+1"],"picked":"SKIP","floor":32.0},{"not_picked":["Wish","DeusExMachina"],"picked":"Brilliance","floor":34.0},{"not_picked":["EmptyBody","FlyingSleeves+1","WreathOfFlame+1"],"picked":"SKIP","floor":36.0},{"not_picked":["TalkToTheHand","DeceiveReality+1","CarveReality"],"picked":"SKIP","floor":41},{"not_picked":["ReachHeaven","SashWhip+1","PathToVictory"],"picked":"SKIP","floor":42},{"not_picked":["WreathOfFlame","ThirdEye+1","Brilliance"],"picked":"SKIP","floor":43},{"not_picked":["EmptyFist+1","FlurryOfBlows+1","Consecrate"],"picked":"SKIP","floor":46},{"not_picked":["Crescendo","Evaluate+1","Prostrate+1"],"picked":"SKIP","floor":47},{"not_picked":["Consecrate","EmptyBody","WreathOfFlame+1"],"picked":"SKIP","floor":48},{"not_picked":["SashWhip+1","MasterReality","EmptyFist"],"picked":"SKIP","floor":49},{"not_picked":["SashWhip+1","EmptyFist"],"picked":"MasterReality","floor":49},{"not_picked":["ReachHeaven+1","Wireheading","Crescendo+1"],"picked":"SKIP","floor":55}],"player_experience":357458,"relics_obtained":[{"floor":6.0,"key":"Akabeko"},{"floor":8.0,"key":"Dead Branch"},{"floor":9.0,"key":"CaptainsWheel"},{"floor":13.0,"key":"Incense Burner"},{"floor":24.0,"key":"Matryoshka"},{"floor":26.0,"key":"Unceasing Top"},{"floor":27.0,"key":"Whetstone"},{"floor":27.0,"key":"Eternal Feather"},{"floor":30.0,"key":"Ornamental Fan"},{"floor":38,"key":"CloakClasp"},{"floor":41,"key":"Blood Vial"},{"floor":43,"key":"InkBottle"},{"floor":44,"key":"Damaru"},{"floor":47,"key":"StoneCalendar"},{"floor":55,"key":"Torii"}],"event_choices":[{"damage_healed":0.0,"max_hp_gain":5.0,"max_hp_loss":0.0,"gold_gain":0.0,"event_name":"Big Fish","player_choice":"Donut","floor":5.0,"gold_loss":0.0,"damage_taken":0.0},{"cards_removed":["Strike_P"],"damage_healed":0.0,"max_hp_gain":0.0,"max_hp_loss":0.0,"gold_gain":0.0,"event_name":"Golden Wing","player_choice":"Card Removal","floor":14.0,"gold_loss":0.0,"damage_taken":7.0},{"damage_healed":0.0,"max_hp_gain":0.0,"max_hp_loss":39.0,"gold_gain":0.0,"event_name":"Ghosts","player_choice":"Became a Ghost","floor":21.0,"gold_loss":0.0,"damage_taken":0.0,"cards_obtained":["Ghostly","Ghostly","Ghostly","Ghostly","Ghostly"]},{"damage_healed":0.0,"max_hp_gain":0.0,"max_hp_loss":0.0,"gold_gain":0.0,"event_name":"The Mausoleum","player_choice":"Ignored","floor":23.0,"gold_loss":0.0,"damage_taken":0.0},{"damage_healed":0.0,"max_hp_gain":0.0,"max_hp_loss":0.0,"gold_gain":0.0,"event_name":"The Woman in Blue","player_choice":"Bought 3 Potions","floor":31.0,"gold_loss":0.0,"damage_taken":0.0},{"damage_healed":0,"gold_gain":0,"player_choice":"Fight","damage_taken":0,"max_hp_gain":0,"max_hp_loss":0,"event_name":"Mysterious Sphere","floor":38,"gold_loss":0},{"damage_healed":0,"gold_gain":0,"player_choice":"Ignored","damage_taken":0,"max_hp_gain":0,"max_hp_loss":0,"event_name":"Tomb of Lord Red Mask","floor":39,"gold_loss":0},{"cards_removed":["FollowUp"],"damage_healed":0,"gold_gain":0,"player_choice":"Removed Attack","damage_taken":0,"max_hp_gain":0,"max_hp_loss":0,"event_name":"Falling","floor":40,"gold_loss":0}],"is_beta":false,"boss_relics":[{"not_picked":["Pandora\u0027s Box","HolyWater"],"picked":"Coffee Dripper"},{"not_picked":["Cursed Key","Fusion Hammer"],"picked":"Tiny House"}],"items_purged_floors":[11,22,37,45],"is_endless":false,"potions_floor_spawned":[1,4,8,12,15,26,30,32,36,41,42,43,46],"ascension_level":10}}