{"host":"86exz9sc3zcspcml","time":1611699069,"event":{"mods":["AchievementEnabler","BaseMod","Better Third Choice","Colored Map","Colored Powertips","Gold Saver","Minty Spire (QoL Compilation)","Quick Restart","Rare Cards Sparkle","Spire Birthday Party","StSLib"],"gold_per_floor":[111,111,111,135,13,51,65,165,165,185,221,221,16,51,51,51,51],"floor_reached":16,"language":"ENG","playtime":877,"items_purged":[],"score":133,"play_id":"1a8ca329-9e07-4ff5-8fe1-cc694bd8f764","local_time":"20210126161109","is_ascension_mode":false,"campfire_choices":[{"floor":12,"key":"REST"},{"floor":15,"key":"RECALL"}],"circlet_count":0,"master_deck":["Strike_P","Strike_P","Strike_P","Strike_P","Defend_P","Defend_P","Defend_P","Defend_P","Eruption","Vigilance","FollowUp","EmptyBody","Establishment","Prostrate","FollowUp+1","BowlingBash+1","Dramatic Entrance+1","Evaluate"],"relics":["PureWater","NeowsBlessing","Golden Idol","Molten Egg 2","Bronze Scales","Odd Mushroom","Membership Card","Potion Belt"],"acts_visited":["Exordium"],"potions_floor_usage":[14,16,16],"damage_taken":[{"damage":0,"enemies":"Small Slimes","floor":1,"turns":1},{"damage":0,"enemies":"2 Louse","floor":4,"turns":1},{"damage":0,"enemies":"3 Sentries","floor":6,"turns":1},{"damage":1,"enemies":"Cultist","floor":7,"turns":5},{"damage":9,"enemies":"Large Slime","floor":10,"turns":6},{"damage":10,"enemies":"The Mushroom Lair","floor":11,"turns":5},{"damage":23,"enemies":"Lagavulin","floor":14,"turns":6},{"damage":58,"enemies":"Slime Boss","floor":16,"turns":8}],"seed_played":"5979067279052100589","potions_obtained":[{"floor":6,"key":"Regen Potion"}],"is_trial":false,"path_per_floor":["M","?","?","M","$","E","M","?","T","M","?","R","$","E","R","B"],"character_chosen":"WATCHER","items_purchased":["LiquidBronze","Explosive Potion","Membership Card","Dramatic Entrance+1"],"campfire_rested":1,"item_purchase_floors":[5,5,13,13],"current_hp_per_floor":[72,54,59,59,59,59,58,58,58,49,39,62,62,39,39,0,0],"gold":51,"neow_bonus":"THREE_ENEMY_KILL","is_daily":false,"chose_seed":false,"campfire_upgraded":0,"win_rate":0.0,"timestamp":1611699069,"path_taken":["M","?","?","M","$","E","M","?","T","?","?","R","?","E","R","BOSS"],"items_purchased_type":["Potion","Potion","Relic","Card"],"build_version":"2020-12-22","purchased_purges":0,"victory":false,"max_hp_per_floor":[72,72,77,77,77,77,77,77,77,77,77,77,77,77,77,77,77],"card_choices":[{"not_picked":["Evaluate","WreathOfFlame"],"picked":"FollowUp","floor":1},{"not_picked":["ThirdEye","DeceiveReality"],"picked":"EmptyBody","floor":4},{"not_picked":["InnerPeace","JustLucky+1"],"picked":"Establishment","floor":6},{"not_picked":["CrushJoints+1","SashWhip+1"],"picked":"Prostrate","floor":7},{"not_picked":["Fasting2","FlyingSleeves+1"],"picked":"FollowUp+1","floor":10},{"not_picked":["JustLucky+1","Adaptation"],"picked":"BowlingBash+1","floor":11},{"not_picked":["LikeWater","Ragnarok+1"],"picked":"Evaluate","floor":14}],"player_experience":96959,"relics_obtained":[{"floor":6,"key":"Molten Egg 2"},{"floor":9,"key":"Bronze Scales"},{"floor":11,"key":"Odd Mushroom"},{"floor":14,"key":"Potion Belt"}],"event_choices":[{"damage_healed":0,"gold_gain":0,"player_choice":"Take Damage","damage_taken":18,"relics_obtained":["Golden Idol"],"max_hp_gain":0,"max_hp_loss":0,"event_name":"Golden Idol","floor":2,"gold_loss":0},{"damage_healed":0,"gold_gain":0,"player_choice":"Donut","damage_taken":0,"max_hp_gain":5,"max_hp_loss":0,"event_name":"Big Fish","floor":3,"gold_loss":0},{"damage_healed":0,"gold_gain":100,"player_choice":"Pray","damage_taken":0,"max_hp_gain":0,"max_hp_loss":0,"event_name":"Golden Shrine","floor":8,"gold_loss":0},{"damage_healed":0,"gold_gain":0,"player_choice":"Fought Mushrooms","damage_taken":0,"max_hp_gain":0,"max_hp_loss":0,"event_name":"Mushrooms","floor":11,"gold_loss":0}],"is_beta":false,"boss_relics":[],"items_purged_floors":[],"is_endless":false,"potions_floor_spawned":[6,11],"killed_by":"Slime Boss","ascension_level":0}}