{"host":"e52c7hvho6xny3hd","time":1611661223,"event":{"mods":["AchievementEnabler","BaseMod","Colored Map","DeckTracker","Minty Spire (QoL Compilation)","Permanent Neow","StSLib"],"gold_per_floor":[114,126,145,159,174,174,12,12,60,92,108,108,118,134,134,235,235,248,268,193,203,128,128,128],"floor_reached":23,"language":"KOR","playtime":1678,"items_purged":["Strike_G"],"score":383,"play_id":"23241514-ee03-4c0e-a307-e6240ef030a3","local_time":"20210126204023","is_ascension_mode":true,"campfire_choices":[{"data":"Flechettes","floor":6.0,"key":"SMITH"},{"data":"Tactician","floor":8.0,"key":"SMITH"},{"data":"Tools of the Trade","floor":12.0,"key":"SMITH"},{"data":"Neutralize","floor":15.0,"key":"SMITH"}],"circlet_count":0,"master_deck":["AscendersBane","Strike_G","Strike_G","Strike_G","Defend_G","Defend_G","Defend_G","Defend_G","Defend_G","Survivor","Neutralize+1","Flechettes+1","Acrobatics","Reflex","Underhanded Strike","Escape Plan","Tactician+1","Bandage Up","Tools of the Trade+1","Expertise","Adrenaline","Reflex"],"relics":["Ring of the Serpent","Ancient Tea Set","Bag of Preparation","Molten Egg 2"],"acts_visited":["Exordium","TheCity"],"potions_floor_usage":[16,23],"damage_taken":[{"damage":1.0,"enemies":"Cultist","floor":1.0,"turns":6.0},{"damage":2.0,"enemies":"2 Louse","floor":2.0,"turns":3.0},{"damage":5.0,"enemies":"Small Slimes","floor":3.0,"turns":4.0},{"damage":0.0,"enemies":"Blue Slaver","floor":4.0,"turns":6.0},{"damage":3.0,"enemies":"Exordium Thugs","floor":5.0,"turns":6.0},{"damage":10.0,"enemies":"3 Sentries","floor":10.0,"turns":8.0},{"damage":6.0,"enemies":"3 Louse","floor":11.0,"turns":3.0},{"damage":0.0,"enemies":"Lots of Slimes","floor":13.0,"turns":4.0},{"damage":0.0,"enemies":"Exordium Wildlife","floor":14.0,"turns":2.0},{"damage":0,"enemies":"Slime Boss","floor":16,"turns":7},{"damage":16,"enemies":"3 Byrds","floor":18,"turns":7},{"damage":6,"enemies":"Chosen","floor":19,"turns":6},{"damage":4,"enemies":"Centurion and Healer","floor":21,"turns":6},{"damage":45,"enemies":"Gremlin Leader","floor":23,"turns":8}],"seed_played":"-7702042759194049440","potions_obtained":[{"floor":3.0,"key":"Weak Potion"},{"floor":4.0,"key":"BlessingOfTheForge"},{"floor":5.0,"key":"Explosive Potion"},{"floor":11.0,"key":"CultistPotion"},{"floor":16,"key":"CultistPotion"}],"is_trial":false,"path_per_floor":["M","M","M","M","M","R","$","R","T","E","M","R","M","M","R","B",null,"M","M","?","M","$","E"],"character_chosen":"THE_SILENT","items_purchased":["Tactician","Bandage Up"],"campfire_rested":0,"item_purchase_floors":[7,7],"current_hp_per_floor":[62,60,55,55,52,52,52,52,52,46,44,44,48,52,52,56,67,55,53,53,53,53,12,12],"gold":128,"neow_bonus":"RANDOM_COMMON_RELIC","is_daily":false,"chose_seed":false,"campfire_upgraded":4,"win_rate":0.0,"timestamp":1611661223,"path_taken":["M","M","M","M","M","R","$","R","T","E","M","R","M","M","R","BOSS","M","?","?","M","$","E"],"items_purchased_type":["Card","Card"],"build_version":"2020-12-22","purchased_purges":1,"victory":false,"max_hp_per_floor":[70,70,70,70,70,70,70,70,70,70,70,70,70,70,70,70,70,70,70,70,70,70,70,70],"card_choices":[{"not_picked":["Dagger Throw","Slice"],"picked":"Flechettes","floor":1.0},{"not_picked":["Slice","Quick Slash"],"picked":"Acrobatics","floor":2.0},{"not_picked":["Expertise","Dodge and Roll"],"picked":"Reflex","floor":3.0},{"not_picked":["Prepared","Blade Dance"],"picked":"Underhanded Strike","floor":4.0},{"not_picked":["All Out Attack","Dagger Throw"],"picked":"Escape Plan","floor":5.0},{"not_picked":["Infinite Blades","Quick Slash+1"],"picked":"Tools of the Trade","floor":10.0},{"not_picked":["Underhanded Strike+1","Slice+1","Choke+1"],"picked":"SKIP","floor":11.0},{"not_picked":["Deadly Poison","Caltrops","Poisoned Stab+1"],"picked":"SKIP","floor":13.0},{"not_picked":["Flechettes+1","Masterful Stab+1"],"picked":"Expertise","floor":14.0},{"not_picked":["Night Terror","Doppelganger"],"picked":"Adrenaline","floor":16},{"not_picked":["Bouncing Flask","Slice+1","Cloak And Dagger+1"],"picked":"SKIP","floor":18},{"not_picked":["Well Laid Plans","PiercingWail","Quick Slash+1"],"picked":"SKIP","floor":19},{"not_picked":["Dodge and Roll+1","Skewer+1"],"picked":"Reflex","floor":21}],"player_experience":690909,"relics_obtained":[{"floor":9.0,"key":"Bag of Preparation"},{"floor":10.0,"key":"Molten Egg 2"}],"event_choices":[{"cards_removed":["Strike_G"],"damage_healed":0,"gold_gain":0,"player_choice":"Gave Gold","damage_taken":0,"max_hp_gain":0,"max_hp_loss":0,"event_name":"Beggar","floor":20,"gold_loss":75}],"is_beta":false,"boss_relics":[{"not_picked":["Pandora\u0027s Box","Runic Dome"],"picked":"Ring of the Serpent"}],"items_purged_floors":[22],"is_endless":false,"potions_floor_spawned":[3,4,5,11,16,21],"killed_by":"Gremlin Leader","ascension_level":11}}