{"host":"0xtpc43j5kblke7u","time":1611640813,"event":{"mods":["AchievementEnabler","BaseMod","Colored Map","Highlight Path","Minty Spire (QoL Compilation)"],"gold_per_floor":[118,134,99,99,113,113,141,151,151,151,169,4,38,53,53,151,151,161,14,14,34,34,62,62,62,135,168,77,77,94,110,110,207,207,218,0,50,63,63,63,91,91,91,14,14,27,27,61,61,61,61],"floor_reached":50,"language":"ENG","playtime":2562,"items_purged":["Strike_B","Strike_B"],"score":762,"play_id":"60c40739-de12-47f5-9e11-44cd8e25b88c","local_time":"20210126010013","is_ascension_mode":true,"campfire_choices":[{"data":"Zap","floor":6.0,"key":"SMITH"},{"floor":10.0,"key":"REST"},{"floor":15.0,"key":"REST"},{"floor":24.0,"key":"REST"},{"floor":25.0,"key":"REST"},{"floor":29.0,"key":"REST"},{"floor":32.0,"key":"REST"},{"data":"Barrage","floor":40.0,"key":"SMITH"},{"floor":42.0,"key":"REST"},{"data":"Defragment","floor":45.0,"key":"SMITH"},{"floor":49.0,"key":"REST"}],"circlet_count":0,"master_deck":["Defend_B","Defend_B","Defend_B","Defend_B","Zap+1","Dualcast","Sweeping Beam","Ball Lightning","Ball Lightning","Loop","Core Surge","BootSequence","Conserve Battery","Capacitor","Go for the Eyes","Leap","Electrodynamics+1","Conserve Battery","Barrage+1","Conserve Battery+1","Dark Shackles+1","Steam+1","Glacier+1","Defragment+1","Capacitor"],"relics":["Cracked Core","Dream Catcher","Pantograph","WingedGreaves","CaptainsWheel","Nuclear Battery","Toxic Egg 2","Mummified Hand","Pear","Empty Cage","Red Mask","Ginger","Sundial","Mercury Hourglass","Symbiotic Virus"],"acts_visited":["Exordium","TheCity","TheBeyond"],"potions_floor_usage":[50],"damage_taken":[{"damage":4.0,"enemies":"Jaw Worm","floor":1.0,"turns":4.0},{"damage":7.0,"enemies":"2 Louse","floor":2.0,"turns":2.0},{"damage":9.0,"enemies":"Small Slimes","floor":5.0,"turns":3.0},{"damage":30.0,"enemies":"Lagavulin","floor":7.0,"turns":4.0},{"damage":40.0,"enemies":"Exordium Thugs","floor":8.0,"turns":4.0},{"damage":7.0,"enemies":"Looter","floor":11.0,"turns":3.0},{"damage":16.0,"enemies":"Gremlin Nob","floor":13.0,"turns":3.0},{"damage":0.0,"enemies":"Blue Slaver","floor":14.0,"turns":2.0},{"damage":16.0,"enemies":"The Guardian","floor":16.0,"turns":10.0},{"damage":20.0,"enemies":"Shell Parasite","floor":18.0,"turns":7.0},{"damage":12.0,"enemies":"3 Byrds","floor":21.0,"turns":4.0},{"damage":30.0,"enemies":"Book of Stabbing","floor":23.0,"turns":5.0},{"damage":19.0,"enemies":"Gremlin Leader","floor":27.0,"turns":6.0},{"damage":41.0,"enemies":"Snecko","floor":30.0,"turns":7.0},{"damage":11.0,"enemies":"Shelled Parasite and Fungi","floor":31.0,"turns":6.0},{"damage":45.0,"enemies":"Collector","floor":33.0,"turns":10.0},{"damage":7.0,"enemies":"3 Shapes","floor":35.0,"turns":7.0},{"damage":0.0,"enemies":"Mind Bloom Boss Battle","floor":37.0,"turns":6.0},{"damage":7.0,"enemies":"Orb Walker","floor":38.0,"turns":5.0},{"damage":56.0,"enemies":"Reptomancer","floor":41.0,"turns":7.0},{"damage":3.0,"enemies":"3 Darklings","floor":46.0,"turns":5.0},{"damage":34.0,"enemies":"Nemesis","floor":48.0,"turns":7.0},{"damage":74,"enemies":"Donu and Deca","floor":50,"turns":9}],"seed_played":"-4727868488648421790","potions_obtained":[{"floor":1.0,"key":"Dexterity Potion"},{"floor":13.0,"key":"AttackPotion"},{"floor":14.0,"key":"PotionOfCapacity"},{"floor":18.0,"key":"Fire Potion"},{"floor":27.0,"key":"EntropicBrew"},{"floor":31.0,"key":"EntropicBrew"},{"floor":33.0,"key":"Dexterity Potion"},{"floor":48.0,"key":"AttackPotion"}],"is_trial":false,"path_per_floor":["M","M","?","?","M","R","E","M","T","R","M","$","E","M","R","B",null,"M","$","?","M","?","E","R","R","T","E","$","R","M","M","R","B",null,"M","?","?","M","?","R","E","R","T","$","R","M","$","E","R","B"],"character_chosen":"DEFECT","items_purchased":["Conserve Battery","Capacitor","Barrage","Dark Shackles+1","Capacitor"],"campfire_rested":8,"item_purchase_floors":[12,12,19,28,44],"current_hp_per_floor":[64,57,75,80,71,71,41,1,1,25,18,18,2,2,26,35,69,49,49,49,37,37,7,31,55,55,46,46,73,32,21,48,28,75,68,68,90,83,83,83,27,54,54,54,54,51,51,17,44,0,0],"gold":61,"neow_bonus":"RANDOM_COMMON_RELIC","is_daily":false,"chose_seed":false,"campfire_upgraded":3,"win_rate":0.0,"timestamp":1611640813,"path_taken":["M","M","?","?","M","R","E","M","T","R","M","$","E","?","R","BOSS","M","$","?","M","?","E","R","R","T","E","$","R","?","M","R","BOSS","M","?","?","M","?","R","E","R","T","$","R","M","$","E","R","BOSS"],"items_purchased_type":["Card","Card","Card","Card","Card"],"build_version":"2020-12-22","purchased_purges":2,"victory":false,"max_hp_per_floor":[75,75,75,80,80,80,80,80,80,80,80,80,80,80,80,80,80,80,80,80,80,80,80,80,80,80,90,90,90,90,90,90,90,90,90,90,90,90,90,90,90,90,90,90,90,90,90,90,90,90,90],"card_choices":[{"not_picked":["Steam Power","Self Repair"],"picked":"Sweeping Beam","floor":1.0},{"not_picked":["Rebound","Barrage"],"picked":"Ball Lightning","floor":2.0},{"not_picked":["FTL","Consume"],"picked":"Ball Lightning","floor":5.0},{"not_picked":["Heatsinks","Tempest"],"picked":"Loop","floor":7.0},{"not_picked":["Redo","Compile Driver"],"picked":"Core Surge","floor":8.0},{"not_picked":["Redo","Go for the Eyes"],"picked":"BootSequence","floor":11.0},{"not_picked":["Gash","Barrage"],"picked":"Go for the Eyes","floor":13.0},{"not_picked":["Multi-Cast","Double Energy"],"picked":"Leap","floor":14.0},{"not_picked":["Thunder Strike","Amplify"],"picked":"Electrodynamics","floor":16.0},{"not_picked":["Fusion+1","Coolheaded"],"picked":"Conserve Battery","floor":18.0},{"not_picked":["Streamline","Force Field+1","Compile Driver+1"],"picked":"SKIP","floor":21.0},{"not_picked":["Rainbow+1","Steam Power+1","Stack+1"],"picked":"SKIP","floor":23.0},{"not_picked":["Compile Driver+1","Hologram+1"],"picked":"Conserve Battery+1","floor":24.0},{"not_picked":["Barrage","White Noise+1","Go for the Eyes"],"picked":"SKIP","floor":27.0},{"not_picked":["Go for the Eyes","Compile Driver"],"picked":"Steam+1","floor":29.0},{"not_picked":["Darkness+1","White Noise+1","Ball Lightning"],"picked":"SKIP","floor":30.0},{"not_picked":["Gash","Go for the Eyes","Turbo+1"],"picked":"SKIP","floor":31.0},{"not_picked":["Gash","Heatsinks+1","Cold Snap+1"],"picked":"SKIP","floor":35.0},{"not_picked":["Gash+1","Consume+1"],"picked":"Glacier+1","floor":38.0},{"not_picked":["Loop","Skim+1"],"picked":"Defragment","floor":41.0},{"not_picked":["Redo+1","Creative AI","Compile Driver"],"picked":"SKIP","floor":46.0},{"not_picked":["Undo+1","Glacier+1","Hologram+1"],"picked":"SKIP","floor":48.0}],"player_experience":640520,"relics_obtained":[{"floor":7.0,"key":"Pantograph"},{"floor":9.0,"key":"WingedGreaves"},{"floor":13.0,"key":"CaptainsWheel"},{"floor":23.0,"key":"Toxic Egg 2"},{"floor":26.0,"key":"Mummified Hand"},{"floor":27.0,"key":"Pear"},{"floor":37.0,"key":"Ginger"},{"floor":41.0,"key":"Sundial"},{"floor":43.0,"key":"Mercury Hourglass"},{"floor":48.0,"key":"Symbiotic Virus"}],"event_choices":[{"damage_healed":18.0,"max_hp_gain":0.0,"max_hp_loss":0.0,"gold_gain":0.0,"event_name":"The Cleric","player_choice":"Healed","floor":3.0,"gold_loss":35.0,"damage_taken":0.0},{"damage_healed":0.0,"max_hp_gain":5.0,"max_hp_loss":0.0,"gold_gain":0.0,"event_name":"Big Fish","player_choice":"Donut","floor":4.0,"gold_loss":0.0,"damage_taken":0.0},{"damage_healed":0.0,"max_hp_gain":0.0,"max_hp_loss":0.0,"gold_gain":0.0,"event_name":"The Mausoleum","player_choice":"Ignored","floor":20.0,"gold_loss":0.0,"damage_taken":0.0},{"damage_healed":0.0,"max_hp_gain":0.0,"max_hp_loss":0.0,"gold_gain":0.0,"event_name":"Accursed Blacksmith","player_choice":"Forge","floor":22.0,"gold_loss":0.0,"damage_taken":0.0,"cards_upgraded":["Electrodynamics"]},{"damage_healed":0.0,"max_hp_gain":0.0,"max_hp_loss":0.0,"gold_gain":0.0,"event_name":"Tomb of Lord Red Mask","player_choice":"Paid","floor":36.0,"gold_loss":218.0,"damage_taken":0.0,"relics_obtained":["Red Mask"]},{"damage_healed":0.0,"max_hp_gain":0.0,"max_hp_loss":0.0,"gold_gain":0.0,"event_name":"MindBloom","player_choice":"Fight","floor":37.0,"gold_loss":0.0,"damage_taken":0.0},{"damage_healed":0.0,"max_hp_gain":0.0,"max_hp_loss":0.0,"gold_gain":0.0,"event_name":"Mysterious Sphere","player_choice":"Ignored","floor":39.0,"gold_loss":0.0,"damage_taken":0.0}],"is_beta":false,"boss_relics":[{"not_picked":["Cursed Key","Pandora\u0027s Box"],"picked":"Nuclear Battery"},{"not_picked":["Calling Bell","Snecko Eye"],"picked":"Empty Cage"}],"items_purged_floors":[12,19],"is_endless":false,"potions_floor_spawned":[1,13,14,18,27,31,33,35,48],"killed_by":"Donu and Deca","ascension_level":7}}