{"host":"xmrw7jl1ir2912vf","time":1611694129,"event":{"mods":["BaseMod","Minty Spire (QoL Compilation)","Relic Stats"],"gold_per_floor":[119,55,74,74,74,74,113,128,175,193,232,232,248,269,269,398,398,422,422,123,123,142,142,182,182,253,273,306,331,331,42,42,170,170,195,23,92,117,117,156,156,196,275,290,290,24,24,48,48,48,48,48,0,40,40],"floor_reached":56,"language":"ENG","playtime":3009,"items_purged":["Strike_G+1","Strike_G+1","Backstab","Strike_G+1"],"score":1899,"play_id":"59988447-0498-4ecd-87fe-6ffb8f07d322","local_time":"20210126154849","is_ascension_mode":true,"campfire_choices":[{"data":"Dagger Spray","floor":6,"key":"SMITH"},{"data":"Noxious Fumes","floor":12,"key":"SMITH"},{"data":"Bane","floor":15,"key":"SMITH"},{"data":"Concentrate","floor":23,"key":"SMITH"},{"data":"Footwork","floor":32,"key":"SMITH"},{"floor":41,"key":"REST"},{"data":"Tools of the Trade","floor":45,"key":"SMITH"},{"floor":47,"key":"RECALL"},{"data":"Burst","floor":49,"key":"SMITH"},{"data":"Well Laid Plans","floor":52,"key":"SMITH"}],"circlet_count":0,"master_deck":["Defend_G+1","Defend_G+1","Defend_G+1","Defend_G+1","Defend_G+1","Survivor","Neutralize","Dagger Spray+1","Poisoned Stab","Dodge and Roll","Noxious Fumes+1","Bane+1","Leg Sweep","Deadly Poison","Burst+1","Deadly Poison+1","Corpse Explosion","Well Laid Plans+1","Concentrate+1","Backflip","Reflex+1","Tactician","Catalyst+1","Footwork+1","Tools of the Trade+1","Leg Sweep+1","PiercingWail","PiercingWail","Bandage Up","Bouncing Flask+1","PiercingWail+1","Dodge and Roll","Footwork","After Image"],"relics":["Ring of the Snake","NeowsBlessing","Oddly Smooth Stone","Golden Idol","Bag of Marbles","Blood Vial","Bag of Preparation","HoveringKite","Tough Bandages","Molten Egg 2","Thread and Needle","Art of War","SlaversCollar","Incense Burner","Bottled Lightning","Strawberry","Pen Nib"],"acts_visited":["Exordium","TheCity","TheBeyond","TheEnding"],"potions_floor_usage":[18,24,28,29,37,40,55,55],"damage_taken":[{"damage":0,"enemies":"2 Louse","floor":1,"turns":1},{"damage":0,"enemies":"Cultist","floor":3,"turns":1},{"damage":0,"enemies":"Gremlin Nob","floor":7,"turns":1},{"damage":0,"enemies":"Small Slimes","floor":8,"turns":2},{"damage":1,"enemies":"Exordium Wildlife","floor":10,"turns":3},{"damage":10,"enemies":"3 Sentries","floor":11,"turns":5},{"damage":0,"enemies":"Looter","floor":13,"turns":1},{"damage":0,"enemies":"3 Louse","floor":14,"turns":1},{"damage":4,"enemies":"The Guardian","floor":16,"turns":11},{"damage":7,"enemies":"3 Byrds","floor":18,"turns":4},{"damage":4,"enemies":"Shell Parasite","floor":22,"turns":5},{"damage":0,"enemies":"Slavers","floor":24,"turns":1},{"damage":0,"enemies":"Cultist and Chosen","floor":27,"turns":3},{"damage":0,"enemies":"Book of Stabbing","floor":28,"turns":6},{"damage":4,"enemies":"Chosen and Byrds","floor":29,"turns":4},{"damage":33,"enemies":"Automaton","floor":33,"turns":8},{"damage":0,"enemies":"Orb Walker","floor":35,"turns":3},{"damage":58,"enemies":"2 Orb Walkers","floor":37,"turns":6},{"damage":0,"enemies":"3 Darklings","floor":38,"turns":5},{"damage":0,"enemies":"Nemesis","floor":40,"turns":5},{"damage":0,"enemies":"Giant Head","floor":42,"turns":6},{"damage":0,"enemies":"Writhing Mass","floor":44,"turns":3},{"damage":0,"enemies":"Maw","floor":48,"turns":7},{"damage":13,"enemies":"Donu and Deca","floor":50,"turns":4},{"damage":0,"enemies":"Shield and Spear","floor":54,"turns":6},{"damage":74,"enemies":"The Heart","floor":55,"turns":6}],"seed_played":"-2339415832477094540","potions_obtained":[{"floor":7,"key":"AttackPotion"},{"floor":10,"key":"Explosive Potion"},{"floor":14,"key":"Ancient Potion"},{"floor":16,"key":"Dexterity Potion"},{"floor":18,"key":"Energy Potion"},{"floor":24,"key":"SpeedPotion"},{"floor":28,"key":"GhostInAJar"},{"floor":38,"key":"LiquidMemories"},{"floor":40,"key":"Ancient Potion"}],"is_trial":false,"path_per_floor":["M","?","M","$","?","R","E","M","T","M","E","R","M","M","R","B",null,"M","?","$","?","M","R","E","?","T","M","E","M","?","$","R","B",null,"M","$","?","M","?","E","R","E","T","M","R","$","R","M","R","B",null,"R","$","E","B",null],"character_chosen":"THE_SILENT","items_purchased":["Corpse Explosion","Well Laid Plans","Concentrate","Art of War","Footwork","PiercingWail","Dodge and Roll","Footwork","BlessingOfTheForge"],"campfire_rested":1,"item_purchase_floors":[20,20,20,31,31,36,46,46,53],"current_hp_per_floor":[63,63,63,63,63,63,63,63,63,64,55,55,57,59,59,57,63,58,58,58,58,56,56,58,58,58,60,62,60,60,60,60,29,56,58,58,2,4,4,10,29,42,42,48,48,48,48,54,54,51,67,67,67,69,1],"gold":40,"neow_bonus":"THREE_ENEMY_KILL","is_daily":false,"chose_seed":false,"campfire_upgraded":8,"win_rate":0.0,"timestamp":1611694129,"path_taken":["M","?","?","$","?","R","E","M","T","M","E","R","M","M","R","BOSS","M","?","$","?","M","R","E","?","T","M","E","?","?","$","R","BOSS","M","$","?","M","?","E","R","E","T","M","R","$","R","M","R","BOSS","R","$","E","BOSS"],"items_purchased_type":["Card","Card","Card","Relic","Card","Card","Card","Card","Potion"],"build_version":"2020-12-22","purchased_purges":4,"victory":true,"max_hp_per_floor":[70,70,70,70,65,65,65,65,65,65,65,65,65,65,65,65,65,65,65,65,65,65,65,65,65,65,65,65,65,65,65,65,65,65,65,65,65,65,65,65,65,72,72,72,72,72,72,72,72,72,72,72,72,72,72],"relic_stats":{"Blood Vial":43,"Tough Bandages":[168],"counters":[26,108],"Golden Idol":223,"HoveringKite":[45],"Pen Nib":[0],"Bag of Preparation":[40],"Art of War":[25],"obtain_stats":[{"NeowsBlessing":0,"Golden Idol":5,"Oddly Smooth Stone":2,"HoveringKite":17,"Thread and Needle":28,"Pen Nib":54,"Bag of Preparation":11,"Incense Burner":37,"Blood Vial":9,"SlaversCollar":34,"Tough Bandages":24,"Strawberry":42,"Molten Egg 2":26,"Bag of Marbles":7,"Art of War":31,"Bottled Lightning":40,"Ring of the Snake":0},{"NeowsBlessing":0,"Golden Idol":2,"Oddly Smooth Stone":1,"HoveringKite":9,"Thread and Needle":14,"Pen Nib":25,"Bag of Preparation":6,"Incense Burner":18,"Blood Vial":4,"SlaversCollar":16,"Tough Bandages":12,"Strawberry":21,"Molten Egg 2":12,"Bag of Marbles":3,"Art of War":15,"Bottled Lightning":20,"Ring of the Snake":0},{"NeowsBlessing":0,"Golden Idol":2,"Oddly Smooth Stone":1,"HoveringKite":26,"Thread and Needle":45,"Pen Nib":102,"Bag of Preparation":13,"Incense Burner":66,"Blood Vial":5,"SlaversCollar":57,"Tough Bandages":36,"Strawberry":82,"Molten Egg 2":36,"Bag of Marbles":3,"Art of War":49,"Bottled Lightning":76,"Ring of the Snake":0}],"Ring of the Snake":[52]},"card_choices":[{"not_picked":["Deflect","Catalyst"],"picked":"Dagger Spray","floor":1},{"not_picked":["Flying Knee","Underhanded Strike"],"picked":"Poisoned Stab","floor":3},{"not_picked":["Accuracy","Choke"],"picked":"Dodge and Roll","floor":7},{"not_picked":["Deflect","Dodge and Roll"],"picked":"Noxious Fumes","floor":8},{"not_picked":["Outmaneuver","Acrobatics"],"picked":"Bane","floor":10},{"not_picked":["Finisher","Slice","Predator"],"picked":"SKIP","floor":11},{"not_picked":["Underhanded Strike","Outmaneuver"],"picked":"Leg Sweep","floor":13},{"not_picked":["Reflex","Prepared"],"picked":"Deadly Poison","floor":14},{"not_picked":["Night Terror","Die Die Die"],"picked":"Burst","floor":16},{"not_picked":["Deflect+1","Blade Dance"],"picked":"Deadly Poison+1","floor":18},{"not_picked":["Underhanded Strike","Bane"],"picked":"Reflex+1","floor":22},{"not_picked":["Eviscerate+1","Underhanded Strike","Backflip"],"picked":"SKIP","floor":24},{"not_picked":["Slice+1","Riddle With Holes+1"],"picked":"Tactician","floor":27},{"not_picked":["Bane+1","Flying Knee+1"],"picked":"Catalyst+1","floor":28},{"not_picked":["Accuracy","Sucker Punch+1","Outmaneuver"],"picked":"SKIP","floor":29},{"not_picked":["After Image","Unload+1"],"picked":"Tools of the Trade","floor":33},{"not_picked":["Flying Knee+1","Dagger Spray+1"],"picked":"Leg Sweep+1","floor":35},{"not_picked":["Endless Agony+1","Quick Slash+1","Cloak And Dagger"],"picked":"SKIP","floor":38},{"not_picked":["Dagger Spray+1","Infinite Blades+1","Dash+1"],"picked":"SKIP","floor":40},{"not_picked":["Backstab+1","Backflip+1"],"picked":"Bouncing Flask+1","floor":42},{"not_picked":["Backflip","All Out Attack+1"],"picked":"PiercingWail+1","floor":44},{"not_picked":["Outmaneuver+1","Predator+1","PiercingWail"],"picked":"SKIP","floor":48},{"not_picked":["Cloak And Dagger","Accuracy+1"],"picked":"After Image","floor":54}],"player_experience":515451,"relics_obtained":[{"floor":7,"key":"Bag of Marbles"},{"floor":9,"key":"Blood Vial"},{"floor":11,"key":"Bag of Preparation"},{"floor":24,"key":"Tough Bandages"},{"floor":26,"key":"Molten Egg 2"},{"floor":28,"key":"Thread and Needle"},{"floor":37,"key":"Incense Burner"},{"floor":40,"key":"Bottled Lightning"},{"floor":42,"key":"Strawberry"},{"floor":54,"key":"Pen Nib"}],"event_choices":[{"damage_healed":0,"gold_gain":0,"player_choice":"Paid Gold","damage_taken":0,"relics_obtained":["Oddly Smooth Stone"],"max_hp_gain":0,"max_hp_loss":0,"event_name":"WeMeetAgain","floor":2,"gold_loss":64},{"damage_healed":0,"gold_gain":0,"player_choice":"Lose Max HP","damage_taken":0,"relics_obtained":["Golden Idol"],"max_hp_gain":0,"max_hp_loss":5,"event_name":"Golden Idol","floor":5,"gold_loss":0},{"damage_healed":0,"gold_gain":0,"player_choice":"Simplicity","damage_taken":0,"max_hp_gain":0,"max_hp_loss":0,"event_name":"Back to Basics","floor":19,"gold_loss":0,"cards_upgraded":["Strike_G","Strike_G","Strike_G","Strike_G","Strike_G","Defend_G","Defend_G","Defend_G","Defend_G","Defend_G"]},{"damage_healed":0,"gold_gain":0,"cards_transformed":["Strike_G","Strike_G"],"player_choice":"Became Test Subject","damage_taken":0,"max_hp_gain":0,"max_hp_loss":0,"event_name":"Drug Dealer","floor":21,"gold_loss":0,"cards_obtained":["Backstab","Backflip"]},{"damage_healed":0,"gold_gain":0,"player_choice":"Bought 0 Potions","damage_taken":0,"max_hp_gain":0,"max_hp_loss":0,"event_name":"The Woman in Blue","floor":25,"gold_loss":0},{"damage_healed":0,"gold_gain":0,"player_choice":"Ignored","damage_taken":0,"max_hp_gain":0,"max_hp_loss":0,"event_name":"Cursed Tome","floor":30,"gold_loss":0},{"damage_healed":0,"gold_gain":0,"player_choice":"Fight","damage_taken":0,"max_hp_gain":0,"max_hp_loss":0,"event_name":"Mysterious Sphere","floor":37,"gold_loss":0},{"damage_healed":0,"gold_gain":0,"player_choice":"2 cards matched","damage_taken":0,"max_hp_gain":0,"max_hp_loss":0,"event_name":"Match and Keep!","floor":39,"gold_loss":0,"cards_obtained":["PiercingWail","Bandage Up"]}],"is_beta":false,"boss_relics":[{"not_picked":["Ectoplasm","WristBlade"],"picked":"HoveringKite"},{"not_picked":["Snecko Eye","Pandora\u0027s Box"],"picked":"SlaversCollar"}],"items_purged_floors":[20,31,36,46],"is_endless":false,"potions_floor_spawned":[7,10,14,16,18,24,28,38,40],"ascension_level":9}}