{"host":"vyiqbz5w606ur92t","time":1611704118,"event":{"mods":["BaseMod","Downfall","Minty Spire (QoL Compilation)","StSLib"],"gold_per_floor":[0,10,25,25,45,45,45,45,57,77,107,124,124,152,169,265,265,265,275,288,319,3,3,3,3],"floor_reached":23,"language":"ENG","playtime":2400,"items_purged":["Slimebound:CorrosiveSpit"],"score":251,"play_id":"c224e2f9-07ea-4a89-8ce4-f786803cf0c0","local_time":"20210126233518","is_ascension_mode":true,"campfire_choices":[{"data":"Slimebound:Split","floor":1,"key":"SMITH"},{"data":"Slimebound:MassRepurpose","floor":8,"key":"SMITH"},{"floor":18,"key":"RECALL"}],"circlet_count":0,"master_deck":["Slimebound:Strike_Slimebound","Slimebound:Strike_Slimebound","Slimebound:Tackle","Slimebound:Defend_Slimebound","Slimebound:Defend_Slimebound","Slimebound:Defend_Slimebound","Slimebound:Defend_Slimebound","Slimebound:Split+1","Slimebound:MassRepurpose+1","Slimebound:PressTheAttack","Slimebound:RejuvenatingLick","Slimebound:Repurpose","Slimebound:SplitLeeching","Slimebound:TagTeam","Slimebound:GoopSpray","Slimebound:MinionMaster","Slimebound:SplitMire+1","Slimebound:HauntingLick+1","Slimebound:Darklings+1","Slimebound:ItLooksTasty","Slimebound:SlimeBrawl+1","Slimebound:LeadByExample","Slimebound:Schlurp+1"],"relics":["Slimebound:AbsorbEndCombatUpgraded","The Courier","Nunchaku","Juzu Bracelet","Eternal Feather","Toxic Egg 2","Red Mask","Mango"],"acts_visited":["Exordium","TheCity"],"potions_floor_usage":[14,16,20,21,23],"damage_taken":[{"damage":7,"enemies":"2 Louse","floor":2,"turns":3},{"damage":10,"enemies":"Small Slimes","floor":3,"turns":3},{"damage":0,"enemies":"Cultist","floor":5,"turns":4},{"damage":5,"enemies":"Exordium Thugs","floor":9,"turns":4},{"damage":10,"enemies":"3 Louse","floor":10,"turns":2},{"damage":3,"enemies":"Lagavulin","floor":11,"turns":5},{"damage":0,"enemies":"Large Slime","floor":12,"turns":4},{"damage":0,"enemies":"3 Sentries","floor":14,"turns":4},{"damage":9,"enemies":"2 Fungi Beasts","floor":15,"turns":3},{"damage":23,"enemies":"WA_ARCHETYPE_RETAIN","floor":16,"turns":6},{"damage":34,"enemies":"3 Byrds","floor":19,"turns":5},{"damage":33,"enemies":"Centurion and Healer","floor":20,"turns":5},{"damage":13,"enemies":"Masked Bandits","floor":21,"turns":3},{"damage":4,"enemies":"downfall:FleeingMerchant","floor":22,"turns":4},{"damage":42,"enemies":"Slavers","floor":23,"turns":3}],"seed_played":"-6293297013339696485","potions_obtained":[{"floor":5,"key":"Swift Potion"},{"floor":9,"key":"DistilledChaos"},{"floor":10,"key":"Strength Potion"},{"floor":14,"key":"Swift Potion"},{"floor":20,"key":"DuplicationPotion"}],"is_trial":false,"path_per_floor":["R","M","M","?","M","?","T","R","M","M","E","M","T","E","M","B",null,"R","M","M","?","$","E"],"character_chosen":"SLIMEBOUND","items_purchased":["Mango"],"campfire_rested":0,"item_purchase_floors":[22],"current_hp_per_floor":[65,60,56,38,44,44,44,44,43,35,38,46,46,50,45,26,65,65,38,20,16,32,0,0,0],"gold":3,"neow_bonus":"THREE_RARE_CARDS","is_daily":false,"chose_seed":false,"campfire_upgraded":2,"win_rate":0.0,"timestamp":1611704118,"path_taken":["R","M","M","?","M","?","T","R","M","?","E","M","?","E","M","BOSS","R","M","M","?","$","E"],"items_purchased_type":["Relic"],"build_version":"2020-12-22","purchased_purges":1,"victory":false,"max_hp_per_floor":[65,65,65,65,65,65,65,65,65,65,65,65,65,65,65,65,65,65,65,65,65,79,79,79,79],"card_choices":[{"not_picked":["Slimebound:RallyTheTroops","Slimebound:LeechLife"],"picked":"Slimebound:MassRepurpose","floor":0},{"not_picked":["Slimebound:GoopTackle","Slimebound:RejuvenatingLick"],"picked":"Slimebound:PressTheAttack","floor":2},{"not_picked":["Slimebound:RollThrough","Slimebound:LeechingTouch"],"picked":"Slimebound:RejuvenatingLick","floor":3},{"not_picked":["Slimebound:SplitAcid","Slimebound:HauntingLick"],"picked":"Slimebound:Repurpose","floor":5},{"not_picked":["Slimebound:SplitBruiser","Slimebound:FinishingTackle"],"picked":"Slimebound:SplitLeeching","floor":9},{"not_picked":["Slimebound:Schlurp","Slimebound:PressTheAttack"],"picked":"Slimebound:TagTeam","floor":10},{"not_picked":["Slimebound:MegaLick","Slimebound:Gluttony"],"picked":"Slimebound:GoopSpray","floor":11},{"not_picked":["Slimebound:SplitLeeching","Slimebound:GoopSpray"],"picked":"Slimebound:MinionMaster","floor":12},{"not_picked":["Slimebound:ComboTackle","Slimebound:Prepare+1"],"picked":"Slimebound:SplitMire+1","floor":14},{"not_picked":["Slimebound:SplitBruiser+1","Slimebound:AcidTongue"],"picked":"Slimebound:HauntingLick+1","floor":15},{"not_picked":["Slimebound:MassFeed","Slimebound:SlimeSlap"],"picked":"Slimebound:Darklings+1","floor":16},{"not_picked":["Slimebound:BestDefense","Slimebound:GoopTackle"],"picked":"Slimebound:ItLooksTasty","floor":19},{"not_picked":["Slimebound:RejuvenatingLick+1","Slimebound:ComboTackle"],"picked":"Slimebound:SlimeBrawl+1","floor":20},{"not_picked":["Slimebound:FinishingTackle","Slimebound:Chomp"],"picked":"Slimebound:LeadByExample","floor":21},{"not_picked":["Slimebound:ItLooksTasty","Slimebound:GoopSpray+1"],"picked":"Slimebound:Schlurp+1","floor":22}],"player_experience":1087561,"relics_obtained":[{"floor":7,"key":"Nunchaku"},{"floor":11,"key":"Juzu Bracelet"},{"floor":13,"key":"Eternal Feather"},{"floor":14,"key":"Toxic Egg 2"},{"floor":21,"key":"Red Mask"}],"event_choices":[{"damage_healed":0,"gold_gain":0,"player_choice":"Success","damage_taken":18,"relics_obtained":["The Courier"],"max_hp_gain":0,"max_hp_loss":0,"event_name":"Scrap Ooze","floor":4,"gold_loss":0},{"damage_healed":0,"gold_gain":0,"player_choice":"Fought Bandits","damage_taken":0,"max_hp_gain":0,"max_hp_loss":0,"event_name":"Masked Bandits","floor":21,"gold_loss":0}],"is_beta":false,"boss_relics":[{"not_picked":["SacredBark","Coffee Dripper"],"picked":"Slimebound:AbsorbEndCombatUpgraded"}],"items_purged_floors":[22],"is_endless":false,"potions_floor_spawned":[5,9,10,14,20],"killed_by":"Slavers","ascension_level":2}}