{"host":"86exz9sc3zcspcml","time":1611699949,"event":{"mods":["AchievementEnabler","BaseMod","Better Third Choice","Colored Map","Colored Powertips","Gold Saver","Minty Spire (QoL Compilation)","Quick Restart","Rare Cards Sparkle","Spire Birthday Party","StSLib"],"gold_per_floor":[298,298,315,22,33,45,45,45,127,127,127,127,141,141,141,236,236,250,250,250,250,49,49,49],"floor_reached":23,"language":"ENG","playtime":871,"items_purged":[],"score":177,"play_id":"31129830-ff70-4432-b394-f811a7a3f9ea","local_time":"20210126162549","is_ascension_mode":false,"campfire_choices":[{"floor":7,"key":"REST"},{"data":"PathToVictory","floor":10,"key":"SMITH"},{"floor":12,"key":"RECALL"},{"data":"Eruption","floor":15,"key":"SMITH"}],"circlet_count":0,"master_deck":["Strike_P","Strike_P+1","Strike_P","Strike_P","Defend_P","Defend_P","Defend_P","Defend_P","Eruption+1","Vigilance","Halt","FollowUp","PathToVictory+1","JustLucky","Apotheosis+1","BowlingBash","LessonLearned","Wallop+1","Study","Consecrate"],"relics":["HolyWater","Regal Pillow","TungstenRod","Juzu Bracelet","Ancient Tea Set"],"acts_visited":["Exordium","TheCity"],"potions_floor_usage":[16,18],"damage_taken":[{"damage":12,"enemies":"Cultist","floor":1,"turns":3},{"damage":0,"enemies":"2 Louse","floor":3,"turns":4},{"damage":15,"enemies":"Small Slimes","floor":5,"turns":2},{"damage":10,"enemies":"Looter","floor":6,"turns":4},{"damage":0,"enemies":"Red Slaver","floor":13,"turns":2},{"damage":77,"enemies":"Hexaghost","floor":16,"turns":11},{"damage":11,"enemies":"Chosen","floor":18,"turns":5},{"damage":66,"enemies":"Slavers","floor":23,"turns":2}],"seed_played":"-2279760542932628000","potions_obtained":[{"floor":5,"key":"Regen Potion"},{"floor":16,"key":"AttackPotion"}],"is_trial":false,"path_per_floor":["M","?","M","$","M","M","R","?","T","R","?","R","M","?","R","B",null,"M","?","?","?","$","E"],"character_chosen":"WATCHER","items_purchased":["TungstenRod","Consecrate","Ancient Tea Set"],"campfire_rested":1,"item_purchase_floors":[4,22,22],"current_hp_per_floor":[60,60,60,60,45,35,71,71,71,71,71,71,71,69,69,5,72,61,61,61,61,61,0,0],"gold":49,"neow_bonus":"RANDOM_COMMON_RELIC","is_daily":false,"chose_seed":false,"campfire_upgraded":2,"win_rate":0.0,"timestamp":1611699949,"path_taken":["M","?","M","$","M","M","R","?","T","R","?","R","M","?","R","BOSS","M","?","?","?","$","E"],"items_purchased_type":["Relic","Card","Relic"],"build_version":"2020-12-22","purchased_purges":0,"victory":false,"max_hp_per_floor":[72,72,72,72,72,72,72,72,72,72,72,72,72,72,72,72,72,72,72,72,72,72,72,72],"card_choices":[{"not_picked":["Evaluate","EmptyBody"],"picked":"Halt","floor":1},{"not_picked":["Adaptation","Crescendo"],"picked":"FollowUp","floor":3},{"not_picked":["ClearTheMind","FlyingSleeves"],"picked":"PathToVictory","floor":5},{"not_picked":["EmptyFist","FearNoEvil"],"picked":"JustLucky","floor":6},{"not_picked":["Halt","DeceiveReality"],"picked":"BowlingBash","floor":13},{"not_picked":["Omniscience","Scrawl"],"picked":"LessonLearned","floor":16},{"not_picked":["ThirdEye","BowlingBash+1"],"picked":"Wallop+1","floor":18}],"player_experience":96959,"relics_obtained":[],"event_choices":[{"damage_healed":0,"gold_gain":0,"player_choice":"Ignored","damage_taken":298,"max_hp_gain":0,"max_hp_loss":0,"event_name":"betterThird:BetterSerpent","floor":2,"gold_loss":0},{"damage_healed":0,"gold_gain":0,"player_choice":"Leave","damage_taken":0,"max_hp_gain":0,"max_hp_loss":0,"event_name":"The Cleric","floor":8,"gold_loss":0},{"damage_healed":71,"gold_gain":0,"player_choice":"Embrace","damage_taken":0,"max_hp_gain":0,"max_hp_loss":72,"event_name":"betterThird:BetterShining","floor":11,"gold_loss":0},{"damage_healed":0,"gold_gain":0,"player_choice":"Relic ","damage_taken":3,"max_hp_gain":0,"max_hp_loss":0,"event_name":"betterThird:BetterScrap","floor":14,"gold_loss":0,"cards_obtained":["Lockon"]},{"damage_healed":0,"gold_gain":0,"player_choice":"1 cards matched","damage_taken":0,"max_hp_gain":0,"max_hp_loss":0,"event_name":"Match and Keep!","floor":19,"gold_loss":0,"cards_obtained":["DeceiveReality"]},{"damage_healed":0,"gold_gain":0,"player_choice":"Ignored","damage_taken":0,"max_hp_gain":0,"max_hp_loss":0,"event_name":"Vampires","floor":20,"gold_loss":0},{"damage_healed":0,"gold_gain":0,"cards_transformed":["DeceiveReality"],"player_choice":"Transformed","damage_taken":0,"max_hp_gain":0,"max_hp_loss":0,"event_name":"Transmorgrifier","floor":21,"gold_loss":0,"cards_obtained":["Study"]}],"is_beta":false,"boss_relics":[{"not_picked":["Velvet Choker","Snecko Eye"],"picked":"HolyWater"}],"items_purged_floors":[],"is_endless":false,"potions_floor_spawned":[5,16],"killed_by":"Slavers","ascension_level":0}}