{"host":"6q94iy5iz6612v89","time":1611702166,"event":{"mods":["2.2 Compatiblity","AchievementEnabler","BaseMod","Colored Map","DeckTracker","Keyboard Shortcuts","Marisa£¨Ùöéë¡¡Øª×âÞÞ£©","Minty Spire (QoL Compilation)","Permanent Neow","StSLib","SuperFastMode"],"gold_per_floor":[130,167,218,231,231,256,256,316,316,316,98,98,156,56,56,56,56],"floor_reached":16,"language":"KOR","playtime":298,"items_purged":["Strike_MRS","Strike_MRS"],"score":176,"play_id":"d627cd44-95e1-4e80-b04d-3b273f7049af","local_time":"20210127080246","is_ascension_mode":true,"campfire_choices":[{"floor":7,"key":"REST"},{"floor":10,"key":"REST"},{"data":"HandOfGreed","floor":12,"key":"SMITH"},{"data":"UpSweep","floor":15,"key":"SMITH"}],"circlet_count":0,"master_deck":["AscendersBane","Strike_MRS","Strike_MRS","Defend_MRS","Defend_MRS","Defend_MRS","Defend_MRS","MasterSpark","UpSweep+1","HandOfGreed+1","NonDirectionalLaser","ChargeUpSpray"],"relics":["MiniHakkero","Toy Ornithopter","Mercury Hourglass","Oddly Smooth Stone","Ornamental Fan"],"acts_visited":["Exordium"],"potions_floor_usage":[6,8,16],"damage_taken":[{"damage":1,"enemies":"Cultist","floor":1,"turns":3},{"damage":7,"enemies":"Jaw Worm","floor":2,"turns":3},{"damage":10,"enemies":"Small Slimes","floor":3,"turns":3},{"damage":16,"enemies":"Blue Slaver","floor":4,"turns":4},{"damage":35,"enemies":"Lagavulin","floor":6,"turns":7},{"damage":20,"enemies":"Gremlin Gang","floor":8,"turns":6},{"damage":8,"enemies":"3 Sentries","floor":13,"turns":4},{"damage":36,"enemies":"Hexaghost","floor":16,"turns":7}],"seed_played":"4720586788082168263","potions_obtained":[{"floor":4,"key":"SkillPotion"},{"floor":6,"key":"BlessingOfTheForge"},{"floor":13,"key":"PowerPotion"}],"is_trial":false,"path_per_floor":["M","M","M","M","?","E","R","M","T","R","$","R","E","$","R","B"],"character_chosen":"MARISA","items_purchased":["Oddly Smooth Stone"],"campfire_rested":2,"item_purchase_floors":[11],"current_hp_per_floor":[49,42,32,16,41,6,28,13,13,35,35,35,27,27,27,0,0],"gold":56,"neow_bonus":"RANDOM_COLORLESS_2","is_daily":false,"chose_seed":false,"campfire_upgraded":2,"win_rate":0.0,"timestamp":1611702166,"path_taken":["M","M","?","M","?","E","R","M","T","R","$","R","E","$","R","BOSS"],"items_purchased_type":["Relic"],"build_version":"2020-12-22","purchased_purges":2,"victory":false,"max_hp_per_floor":[75,75,75,75,75,75,75,75,75,75,75,75,75,75,75,75,75],"card_choices":[{"not_picked":["Metamorphosis","Master of Strategy"],"picked":"HandOfGreed","floor":0},{"not_picked":["Occultation","DarkMatter","Acceleration"],"picked":"SKIP","floor":1},{"not_picked":["Acceleration","WitchLeyline"],"picked":"NonDirectionalLaser","floor":2},{"not_picked":["EventHorizon","OneTimeOff","OrrerysSun"],"picked":"SKIP","floor":3},{"not_picked":["WitchOfGreed","DC"],"picked":"ChargeUpSpray","floor":4},{"not_picked":["ManaConvection","IllusionStar","Acceleration"],"picked":"SKIP","floor":6},{"not_picked":["WitchOfGreed","UnstableBomb","EventHorizon"],"picked":"SKIP","floor":8},{"not_picked":["FairyDestructionRay","GrandCross","IllusionStar"],"picked":"SKIP","floor":13}],"player_experience":1501844,"relics_obtained":[{"floor":6,"key":"Toy Ornithopter"},{"floor":9,"key":"Mercury Hourglass"},{"floor":13,"key":"Ornamental Fan"}],"event_choices":[{"damage_healed":25,"gold_gain":0,"player_choice":"Banana","damage_taken":0,"max_hp_gain":0,"max_hp_loss":0,"event_name":"Big Fish","floor":5,"gold_loss":0}],"is_beta":false,"boss_relics":[],"items_purged_floors":[11,14],"is_endless":false,"potions_floor_spawned":[4,6,13],"killed_by":"Hexaghost","ascension_level":12}}