{"host":"xmr2g8b7eju0288o","time":1611645367,"event":{"mods":["AchievementEnabler","BaseMod","Colored Map","Colored Powertips","Minty Spire (QoL Compilation)","Quick Restart","StSLib","SuperFastMode"],"gold_per_floor":[115,59,59,59,134,159,159,185,185,232,270,282,310,356,368,451,463,489,0,39,51,51],"floor_reached":21,"language":"KOR","playtime":600,"items_purged":[],"score":672,"play_id":"6e7ce710-b431-4538-9bda-1f91259cf780","local_time":"20210126161607","daily_mods":["Heirloom","DeadlyEvents","Elite Swarm"],"is_ascension_mode":true,"campfire_choices":[{"data":"Metallicize","floor":7.0,"key":"SMITH"},{"floor":12.0,"key":"REST"},{"floor":15.0,"key":"REST"}],"circlet_count":0,"master_deck":["AscendersBane","Strike_R","Strike_R","Defend_R","Defend_R","Defend_R","Defend_R","Bash+1","Metallicize+1","Shrug It Off","Demon Form","Feed","Barricade","Reaper","Heavy Blade+1","Limit Break","Inflame"],"relics":["Burning Blood","StoneCalendar","Bag of Preparation","Tiny Chest","MawBank","Vajra","Red Skull","Whetstone","Empty Cage","Blood Vial"],"acts_visited":["Exordium","TheCity"],"potions_floor_usage":[],"damage_taken":[{"damage":7.0,"enemies":"Cultist","floor":1.0,"turns":5.0},{"damage":28.0,"enemies":"3 Sentries","floor":6.0,"turns":7.0},{"damage":26.0,"enemies":"Lagavulin","floor":8.0,"turns":9.0},{"damage":11.0,"enemies":"3 Sentries","floor":10.0,"turns":7.0},{"damage":1.0,"enemies":"Lagavulin","floor":11.0,"turns":7.0},{"damage":1.0,"enemies":"Small Slimes","floor":13.0,"turns":4.0},{"damage":40.0,"enemies":"3 Sentries","floor":14.0,"turns":6.0},{"damage":43.0,"enemies":"Hexaghost","floor":16.0,"turns":8.0},{"damage":27.0,"enemies":"Spheric Guardian","floor":18.0,"turns":5.0},{"damage":64,"enemies":"Book of Stabbing","floor":21,"turns":5}],"seed_played":"8339364577046438564","potions_obtained":[{"floor":1.0,"key":"LiquidBronze"},{"floor":6.0,"key":"DuplicationPotion"}],"is_trial":true,"path_per_floor":["M","$","?","?","?","E","R","E","T","E","E","R","M","E","R","B",null,"M","?","T","E"],"character_chosen":"IRONCLAD","items_purchased":["Shrug It Off"],"campfire_rested":2,"item_purchase_floors":[2],"current_hp_per_floor":[67,67,60,65,54,32,32,12,12,10,15,39,63,32,58,21,72,54,54,54,6,6],"gold":51,"neow_bonus":"","is_daily":false,"chose_seed":false,"campfire_upgraded":1,"win_rate":0.0,"timestamp":1611645367,"path_taken":["M","?","?","?","?","E","R","E","T","E","?","R","?","E","R","BOSS","M","?","?","?"],"items_purchased_type":["Card"],"build_version":"2020-12-22","purchased_purges":0,"victory":false,"max_hp_per_floor":[75,75,75,80,80,80,80,80,80,83,83,83,86,89,89,89,89,92,92,92,92,92],"card_choices":[{"not_picked":["Thunderclap","Twin Strike"],"picked":"Metallicize","floor":1.0},{"not_picked":["Double Tap","Impervious"],"picked":"Demon Form","floor":6.0},{"not_picked":["Brutality","Limit Break"],"picked":"Feed","floor":8.0},{"not_picked":["Reaper","Brutality"],"picked":"Barricade","floor":10.0},{"not_picked":["Exhume","Limit Break"],"picked":"Reaper","floor":11.0},{"not_picked":["True Grit","Rage"],"picked":"Heavy Blade","floor":13.0},{"not_picked":["Brutality","Fiend Fire"],"picked":"Limit Break","floor":14.0},{"not_picked":["Warcry","Power Through+1"],"picked":"Inflame","floor":18.0}],"player_experience":74684,"relics_obtained":[{"floor":6.0,"key":"Bag of Preparation"},{"floor":8.0,"key":"Tiny Chest"},{"floor":9.0,"key":"MawBank"},{"floor":10.0,"key":"Vajra"},{"floor":11.0,"key":"Red Skull"},{"floor":14.0,"key":"Whetstone"},{"floor":20.0,"key":"Blood Vial"}],"event_choices":[{"cards_removed":["Strike_R"],"damage_healed":0.0,"max_hp_gain":0.0,"max_hp_loss":0.0,"gold_gain":0.0,"event_name":"Golden Wing","player_choice":"Card Removal","floor":3.0,"gold_loss":0.0,"damage_taken":7.0},{"damage_healed":0.0,"max_hp_gain":5.0,"max_hp_loss":0.0,"gold_gain":0.0,"event_name":"Big Fish","player_choice":"Donut","floor":4.0,"gold_loss":0.0,"damage_taken":0.0},{"damage_healed":0.0,"max_hp_gain":0.0,"max_hp_loss":0.0,"gold_gain":75.0,"event_name":"World of Goop","player_choice":"Gather Gold","floor":5.0,"gold_loss":0.0,"damage_taken":11.0},{"damage_healed":0.0,"max_hp_gain":0.0,"max_hp_loss":0.0,"gold_gain":0.0,"event_name":"Masked Bandits","player_choice":"Paid Fearfully","floor":19.0,"gold_loss":501.0,"damage_taken":0.0}],"is_beta":false,"boss_relics":[{"not_picked":["Mark of Pain","Snecko Eye"],"picked":"Empty Cage"}],"items_purged_floors":[],"is_endless":true,"potions_floor_spawned":[1,6],"killed_by":"Book of Stabbing","ascension_level":20}}