{"host":"qekv59dthhdg54sz","time":1611649547,"event":{"mods":["AchievementEnabler","BaseMod","Colored Map","DeckTracker","KOR Keyword Fix","Minty Spire (QoL Compilation)","Rare Cards Sparkle","StSLib","SuperFastMode"],"gold_per_floor":[119,47,47,47,59,59,79,95,95,108,108,33,33,33,33,131,131,151,151,241,90,104,104,104],"floor_reached":23,"language":"KOR","playtime":677,"items_purged":["Pain","Defend_R"],"score":432,"play_id":"ab2b6a88-5fff-43ec-9067-9a5da5144172","local_time":"20210126172547","is_ascension_mode":true,"campfire_choices":[{"data":"Dark Embrace","floor":6,"key":"SMITH"},{"data":"Blood for Blood","floor":11,"key":"SMITH"},{"data":"1","floor":15,"key":"LIFT"}],"circlet_count":0,"master_deck":["AscendersBane","Strike_R","Defend_R","Defend_R","Defend_R","Bash","Limit Break","Carnage","Dark Embrace+1","Power Through","Blood for Blood+1","Disarm","Barricade","Bloodletting+1","Entrench+1","Metallicize+1","Evolve","Fire Breathing"],"relics":["Burning Blood","WarpedTongs","Molten Egg 2","Girya","Darkstone Periapt","Astrolabe"],"acts_visited":["Exordium","TheCity"],"potions_floor_usage":[16,16,23],"damage_taken":[{"damage":8,"enemies":"Jaw Worm","floor":1,"turns":4},{"damage":6,"enemies":"2 Louse","floor":5,"turns":2},{"damage":13,"enemies":"Cultist","floor":7,"turns":4},{"damage":5,"enemies":"Large Slime","floor":8,"turns":7},{"damage":11,"enemies":"Exordium Wildlife","floor":10,"turns":4},{"damage":25,"enemies":"Slime Boss","floor":16,"turns":8},{"damage":21,"enemies":"3 Byrds","floor":18,"turns":11},{"damage":29,"enemies":"Shell Parasite","floor":22,"turns":10},{"damage":21,"enemies":"Book of Stabbing","floor":23,"turns":3}],"seed_played":"6828055433720482599","potions_obtained":[{"floor":5,"key":"HeartOfIron"},{"floor":10,"key":"FearPotion"}],"is_trial":false,"path_per_floor":["M","$","?","?","M","R","M","M","T","M","R","$","?","T","R","B",null,"M","?","?","$","M","E"],"character_chosen":"IRONCLAD","items_purchased":["Dark Embrace","ColorlessPotion"],"campfire_rested":0,"item_purchase_floors":[2,21],"current_hp_per_floor":[70,70,63,63,63,63,56,57,57,52,52,52,34,34,34,15,64,49,49,37,37,14,0,0],"gold":104,"neow_bonus":"ONE_RANDOM_RARE_CARD","is_daily":false,"chose_seed":false,"campfire_upgraded":2,"win_rate":0.0,"timestamp":1611649547,"path_taken":["M","$","?","?","?","R","M","M","T","M","R","$","?","?","R","BOSS","M","?","?","$","M","E"],"items_purchased_type":["Card","Potion"],"build_version":"2020-12-22","purchased_purges":2,"victory":false,"max_hp_per_floor":[80,80,80,80,80,80,80,80,80,80,80,80,80,80,80,80,80,80,80,80,80,80,80,80],"card_choices":[{"not_picked":["Clothesline","Sword Boomerang"],"picked":"Carnage","floor":1},{"not_picked":["Iron Wave","Entrench"],"picked":"Power Through","floor":5},{"not_picked":["Clothesline","Body Slam"],"picked":"Blood for Blood","floor":7},{"not_picked":["Power Through","Clothesline","Warcry"],"picked":"SKIP","floor":8},{"not_picked":["Warcry","Bloodletting"],"picked":"Disarm","floor":10},{"not_picked":["Brutality","Bludgeon+1"],"picked":"Barricade","floor":16},{"not_picked":["Uppercut+1","Pummel+1","Combust"],"picked":"SKIP","floor":18},{"not_picked":["Perfected Strike+1","Thunderclap+1"],"picked":"Fire Breathing","floor":22}],"player_experience":844270,"relics_obtained":[{"floor":9,"key":"Molten Egg 2"},{"floor":14,"key":"Darkstone Periapt"}],"event_choices":[{"cards_removed":["Strike_R"],"damage_healed":0,"gold_gain":0,"player_choice":"Card Removal","damage_taken":7,"max_hp_gain":0,"max_hp_loss":0,"event_name":"Golden Wing","floor":3,"gold_loss":0},{"damage_healed":0,"gold_gain":0,"player_choice":"Rummage","damage_taken":0,"relics_obtained":["WarpedTongs"],"max_hp_gain":0,"max_hp_loss":0,"event_name":"Accursed Blacksmith","floor":4,"gold_loss":0,"cards_obtained":["Pain"]},{"damage_healed":0,"gold_gain":0,"player_choice":"Success","damage_taken":18,"relics_obtained":["Girya"],"max_hp_gain":0,"max_hp_loss":0,"event_name":"Scrap Ooze","floor":13,"gold_loss":0},{"damage_healed":0,"gold_gain":0,"player_choice":"Read","damage_taken":0,"max_hp_gain":0,"max_hp_loss":0,"event_name":"The Library","floor":19,"gold_loss":0,"cards_obtained":["Evolve"]},{"damage_healed":0,"gold_gain":90,"player_choice":"GOLD ","damage_taken":12,"max_hp_gain":0,"max_hp_loss":0,"event_name":"Knowing Skull","floor":20,"potions_obtained":[],"gold_loss":0,"cards_obtained":[]}],"is_beta":false,"boss_relics":[{"not_picked":["Runic Pyramid","Black Star"],"picked":"Astrolabe"}],"items_purged_floors":[12,21],"is_endless":false,"potions_floor_spawned":[5,10],"killed_by":"Book of Stabbing","ascension_level":11}}