{"host":"o5lch9xvacbb0fa4","time":1611681922,"event":{"mods":["AchievementEnabler","Act Like it!","Aspiration","Bard","BaseMod","Better Altar","Better Match","Better Note","Better Sensory Stone","Better Skull","Better Third Choice","Better Vampires","BetterRewards","CCEM","Colored Map","Conspire","Downfall","GifTheSpireLib","Googly Eyes","GungeonMod","Halation","Hermit","Highlight Path","Hubris","Infinite Spire","Jedi Mod","Jorbs\u0027s Wanderer Trilogy","Marisa????????","Marked Mod","Mimic Mod","Minty Spire (QoL Compilation)","Permanent Neow","Relic Filter","Relic Sorter","Relic Stats","Replay The Spire","Shade Mod","Shop Mod","Small Relic Pack","StSLib","Stuff the Spire","The Administrix","The Blackbeard","The Runesmith","Unceasing Turn Reminder","everything is the same but u backflip on backflip","slay the spire mod where everything is the same but ironclad has a cowboy hat"],"gold_per_floor":[112,131,144,162,178,178,16,16,43,53,53,80,100,111,111,206,206,219,236,236,236,274,274,306,306,352,352,371,371,391,407,407,503,503,523,873,887,586,586,606,606,640,712,712,738,756,772,797,797,797],"floor_reached":51,"playtime":2401,"items_purged":[],"score":836,"play_id":"6bf08810-689d-4288-b101-1de68c4fd996","local_time":"20210127012522","is_ascension_mode":false,"campfire_choices":[{"data":"Zap","floor":6,"key":"SMITH"},{"data":"All For One","floor":8,"key":"SMITH"},{"data":"Hologram","floor":15,"key":"SMITH"},{"data":"Deep Breath","floor":23,"key":"SMITH"},{"floor":27,"key":"REST"},{"data":"Streamline","floor":29,"key":"SMITH"},{"floor":32,"key":"REST"},{"data":"All For One","floor":41,"key":"SMITH"},{"data":"Gash","floor":44,"key":"SMITH"},{"floor":49,"key":"DIG"}],"circlet_count":0,"master_deck":["Strike_B","Strike_B","Strike_B","Strike_B","Defend_B","Defend_B","Defend_B","Defend_B","Zap+1","Dualcast","Gash+1","Go for the Eyes","Cold Snap","Beam Cell","Coolheaded","All For One+1","Deep Breath+1","Hidden Blade","Hologram+1","Venomology","Gash","Barrage+1","infinitespire:Collect+1","StuffTheSpire:Rend+1","Streamline+1","Streamline+1","All For One+1","Go for the Eyes+1","Conserve Battery","Gash","jedi:forcepull","Beam Cell","Go for the Eyes+1","Self Repair+1"],"relics":["Cracked Core","halation:TrafficLight","aspiration:Nostalgia","m_SerpentRing","hubris:ToyBattleship","StuffTheSpire:Gunfinga","infinitespire:Broken Mirror","Pet Ghost","hubris:RGBLights","DemoMod:WeirdEgg","Bronze Scales","Replay:Baseball","DemoMod:MonsterBlood","hubris:Backtick","CCEMRelics:SpiritsEdge","Old Coin","conspire:TreasureMap","infinitespire:CursedDice","hubris:GlazedTorus","Blood Vial","Replay:Rubber Ducky","hubris:DisguiseKit"],"acts_visited":["Exordium","TheCity","TheBeyond"],"potions_floor_usage":[16,19,24,28,31,33,33,45,45,50,50,50],"damage_taken":[{"damage":1,"enemies":"Cultist","floor":1,"turns":3},{"damage":0,"enemies":"2 Louse","floor":2,"turns":2},{"damage":0,"enemies":"Jaw Worm","floor":3,"turns":3},{"damage":3,"enemies":"Blue Slaver","floor":4,"turns":3},{"damage":9,"enemies":"Lots of Slimes","floor":5,"turns":5},{"damage":4,"enemies":"Looter","floor":10,"turns":2},{"damage":9,"enemies":"3 Sentries","floor":12,"turns":4},{"damage":0,"enemies":"2 Fungi Beasts","floor":13,"turns":2},{"damage":7,"enemies":"Lots of Slimes","floor":14,"turns":3},{"damage":12,"enemies":"Fading Forest","floor":16,"turns":11},{"damage":2,"enemies":"3 Byrds","floor":18,"turns":5},{"damage":5,"enemies":"Spheric Guardian","floor":19,"turns":4},{"damage":19,"enemies":"3 Cultists","floor":22,"turns":5},{"damage":0,"enemies":"Gremlin Leader","floor":24,"turns":5},{"damage":0,"enemies":"3 Cultists","floor":28,"turns":2},{"damage":0,"enemies":"Snake Plant","floor":30,"turns":2},{"damage":3,"enemies":"Chosen and Byrds","floor":31,"turns":2},{"damage":31,"enemies":"hubris:MusketHawk","floor":33,"turns":5},{"damage":3,"enemies":"3 Darklings","floor":35,"turns":3},{"damage":28,"enemies":"Mind Bloom Boss Battle","floor":36,"turns":3},{"damage":7,"enemies":"3 Shapes","floor":37,"turns":3},{"damage":0,"enemies":"Spire Growth","floor":40,"turns":2},{"damage":0,"enemies":"Giant Head","floor":42,"turns":2},{"damage":14,"enemies":"Nightmare","floor":45,"turns":3},{"damage":1,"enemies":"Maw","floor":46,"turns":4},{"damage":0,"enemies":"Transient","floor":47,"turns":5},{"damage":1,"enemies":"R_Hoarder","floor":48,"turns":4},{"damage":64,"enemies":"Awakened One","floor":50,"turns":10}],"seed_played":"3403497196003555591","potions_obtained":[{"floor":1,"key":"LifebloodPotion"},{"floor":2,"key":"Strength Potion"},{"floor":10,"key":"Guardian:BlockOnCardUsePotion"},{"floor":16,"key":"Block Potion"},{"floor":19,"key":"Elixir"},{"floor":24,"key":"FairyPotion"},{"floor":28,"key":"SkillPotion"},{"floor":35,"key":"Guardian:BlockOnCardUsePotion"},{"floor":37,"key":"AttackPotion"},{"floor":47,"key":"jedi:coolantleak"}],"is_trial":false,"path_per_floor":["M","M","M","M","M","R","$","R","T","M","T","E","M","M","R","B",null,"M","M","?","?","MIM","R","E","$","T","R","M","R","M","M","R","B",null,"M","?","M","$","?","M","R","E","T","R","NM","M","M","E","R_BF","B",null],"character_chosen":"DEFECT","items_purchased":["All For One","Deep Breath","Bronze Scales","halation:TrafficLight","Replay:Baseball","conspire:TreasureMap","Gash","jedi:forcepull"],"campfire_rested":2,"item_purchase_floors":[7,7,25,25,25,38,38,38],"current_hp_per_floor":[74,74,74,71,62,62,62,62,62,58,58,49,49,42,42,40,75,73,68,68,68,49,49,49,2,9,33,33,33,33,30,54,23,82,79,51,44,44,44,44,44,44,44,44,30,31,33,34,34,15],"gold":797,"neow_bonus":"NOSTALGIA","is_daily":false,"chose_seed":false,"campfire_upgraded":7,"win_rate":0.0,"timestamp":1611681922,"path_taken":["M","M","M","?","M","R","$","R","T","M","?","E","M","M","R","BOSS","M","M","?","?","?","R","E","?","T","R","M","R","?","M","R","BOSS","M","?","M","$","?","M","R","E","T","R","NM","M","?","E","R_BF","BOSS"],"items_purchased_type":["Card","Card","Relic","Relic","Relic","Relic","Card","Card"],"build_version":"2020-12-13","purchased_purges":0,"victory":true,"max_hp_per_floor":[75,75,75,75,75,75,75,75,75,75,75,75,75,75,75,75,75,75,75,75,75,75,75,75,75,82,82,82,82,82,82,82,82,82,82,82,82,82,82,82,82,82,82,82,82,82,82,82,82,82],"relic_stats":{"Blood Vial":8,"counters":[66,272],"Bronze Scales":[103],"obtain_stats":[{"Vajra":9,"DemoMod:GlassGuonStoneRelic":1,"Old Coin":36,"relicPack:OneForAll":2,"Blood Vial":45,"Replay:Ringing Soul":26,"infinitespire:SolderingIron":0,"DemoMod:MonsterBlood":26,"Prayer Wheel":12,"hubris:RGBLights":22,"conspire:TreasureMap":38,"aspiration:Nostalgia":0,"conspire:GiftBox":4,"Replay:Baseball":25,"jedi:hotpepper":17,"infinitespire:Broken Mirror":12,"Bronze Scales":25,"Molten Egg 2":7,"StuffTheSpire:DarkSteelAnvil":14,"hubris:ToyBattleship":9,"Grinning Jar":20,"Lantern":0,"halation:TrafficLight":25,"Bag of Preparation":8,"Replay:Mystery Machine":5,"PrismaticShard":24,"Ancient Tea Set":8,"Pet Ghost":20,"Replay:Rubber Ducky":48,"StuffTheSpire:Gunfinga":11,"Chameleon Ring":9,"hubris:Backtick":34,"halation:LettersToHer":0,"Cracked Core":7,"CCEMRelics:JestersCrown":6,"Ring of the Snake":0,"m_SerpentRing":0,"hubris:GlazedTorus":43,"StuffTheSpire:TintedRock":11,"hubris:DisguiseKit":49,"infinitespire:CursedDice":42,"DemoMod:WeirdEgg":24,"CCEMRelics:SpiritsEdge":9,"jedi:fakemustache":0,"betterThird:SlimedRelic":4,"halation:EternalFortune":3,"CCEMRelics:GrindingGear":10,"jedi:arcanewood":12,"ReplayTheSpireMod:Lightbulb":9},{"Vajra":35,"DemoMod:GlassGuonStoneRelic":1,"Old Coin":58,"relicPack:OneForAll":1,"Blood Vial":62,"Replay:Ringing Soul":11,"infinitespire:SolderingIron":14,"DemoMod:MonsterBlood":52,"Prayer Wheel":22,"hubris:RGBLights":51,"conspire:TreasureMap":59,"aspiration:Nostalgia":38,"conspire:GiftBox":25,"Replay:Baseball":52,"jedi:hotpepper":8,"infinitespire:Broken Mirror":45,"Bronze Scales":52,"Molten Egg 2":3,"StuffTheSpire:DarkSteelAnvil":28,"hubris:ToyBattleship":43,"Grinning Jar":9,"Lantern":0,"halation:TrafficLight":52,"Bag of Preparation":26,"Replay:Mystery Machine":17,"PrismaticShard":10,"Ancient Tea Set":19,"Pet Ghost":50,"Replay:Rubber Ducky":65,"StuffTheSpire:Gunfinga":44,"Chameleon Ring":26,"hubris:Backtick":56,"halation:LettersToHer":14,"Cracked Core":18,"CCEMRelics:JestersCrown":17,"Ring of the Snake":0,"m_SerpentRing":38,"hubris:GlazedTorus":61,"StuffTheSpire:TintedRock":21,"hubris:DisguiseKit":65,"infinitespire:CursedDice":61,"DemoMod:WeirdEgg":52,"CCEMRelics:SpiritsEdge":4,"jedi:fakemustache":14,"betterThird:SlimedRelic":32,"halation:EternalFortune":16,"CCEMRelics:GrindingGear":36,"jedi:arcanewood":6,"ReplayTheSpireMod:Lightbulb":19},{"Vajra":156,"DemoMod:GlassGuonStoneRelic":2,"Old Coin":239,"relicPack:OneForAll":2,"Blood Vial":249,"Replay:Ringing Soul":52,"infinitespire:SolderingIron":65,"DemoMod:MonsterBlood":222,"Prayer Wheel":106,"hubris:RGBLights":217,"conspire:TreasureMap":242,"aspiration:Nostalgia":165,"conspire:GiftBox":114,"Replay:Baseball":222,"jedi:hotpepper":41,"infinitespire:Broken Mirror":187,"Bronze Scales":222,"Molten Egg 2":10,"StuffTheSpire:DarkSteelAnvil":125,"hubris:ToyBattleship":181,"Grinning Jar":45,"Lantern":0,"halation:TrafficLight":222,"Bag of Preparation":117,"Replay:Mystery Machine":82,"PrismaticShard":46,"Ancient Tea Set":96,"Pet Ghost":212,"Replay:Rubber Ducky":262,"StuffTheSpire:Gunfinga":183,"Chameleon Ring":117,"hubris:Backtick":233,"halation:LettersToHer":65,"Cracked Core":83,"CCEMRelics:JestersCrown":82,"Ring of the Snake":0,"m_SerpentRing":165,"hubris:GlazedTorus":246,"StuffTheSpire:TintedRock":105,"hubris:DisguiseKit":262,"infinitespire:CursedDice":246,"DemoMod:WeirdEgg":222,"CCEMRelics:SpiritsEdge":18,"jedi:fakemustache":65,"betterThird:SlimedRelic":146,"halation:EternalFortune":75,"CCEMRelics:GrindingGear":161,"jedi:arcanewood":24,"ReplayTheSpireMod:Lightbulb":96}]},"card_choices":[{"not_picked":["Hidden Blade","Genetic Algorithm"],"picked":"Gash","floor":1},{"not_picked":["StuffTheSpire:SnapShoot","Thunder Strike"],"picked":"Go for the Eyes","floor":2},{"not_picked":["jedi:BurstFrost","Redo"],"picked":"Cold Snap","floor":3},{"not_picked":["jedi:overflow","jedi:sharpshooter"],"picked":"Beam Cell","floor":4},{"not_picked":["jedi:BurstLightning","Beam Cell"],"picked":"Coolheaded","floor":5},{"not_picked":["jedi:BurstFrost","jedi:spotbugs"],"picked":"Hidden Blade","floor":10},{"not_picked":["FIFO Queue","White Noise"],"picked":"Hologram","floor":12},{"not_picked":["jedi:sharpshooter","StuffTheSpire:NuclearReactor","StuffTheSpire:Coldhearted"],"picked":"SKIP","floor":13},{"not_picked":["Chaos","Redo","Hologram"],"picked":"SKIP","floor":14},{"not_picked":["StuffTheSpire:ForEach","After Image"],"picked":"Venomology","floor":16},{"not_picked":["conspire:Rain","BootSequence+1"],"picked":"Gash","floor":18},{"not_picked":["Tempest","StuffTheSpire:NuclearReactor"],"picked":"Barrage+1","floor":19},{"not_picked":["Loop","StuffTheSpire:Plugnplay"],"picked":"StuffTheSpire:Rend+1","floor":24},{"not_picked":["BasicCrystalCard","Hologram"],"picked":"Streamline","floor":28},{"not_picked":["Sweeping Beam","Hologram"],"picked":"Streamline+1","floor":30},{"not_picked":["Leap","Tempest","Compile Driver+1"],"picked":"SKIP","floor":31},{"not_picked":["Amplify","hubris:DoWhile"],"picked":"All For One","floor":33},{"not_picked":["Skim","BasicCrystalCard+1","ReplayTheSpireMod:Reroute Power+1"],"picked":"SKIP","floor":35},{"not_picked":["Redo","Panic Button"],"picked":"Go for the Eyes+1","floor":36},{"not_picked":["StuffTheSpire:LoadUp","Hello World+1"],"picked":"Conserve Battery","floor":37},{"not_picked":["BasicCrystalCard+1","Time Bomb+1"],"picked":"Beam Cell","floor":40},{"not_picked":["Hologram","Streamline","Steam Power"],"picked":"SKIP","floor":42},{"not_picked":["Hello World","jedi:blockon+1","All For One"],"picked":"SKIP","floor":45},{"not_picked":["jedi:BurstLightning+1","StuffTheSpire:ShieldGenerator+1"],"picked":"Go for the Eyes+1","floor":46},{"not_picked":["jedi:BurstFrost","Blizzard","Reinforced Body"],"picked":"SKIP","floor":47},{"not_picked":["StuffTheSpire:LaunchingStrike","jedi:BurstFrost+1"],"picked":"Self Repair+1","floor":48}],"player_experience":12198,"relics_obtained":[{"floor":9,"key":"hubris:ToyBattleship"},{"floor":11,"key":"StuffTheSpire:Gunfinga"},{"floor":12,"key":"infinitespire:Broken Mirror"},{"floor":22,"key":"hubris:RGBLights"},{"floor":24,"key":"DemoMod:WeirdEgg"},{"floor":26,"key":"DemoMod:MonsterBlood"},{"floor":36,"key":"Old Coin"},{"floor":42,"key":"infinitespire:CursedDice"},{"floor":43,"key":"hubris:GlazedTorus"},{"floor":45,"key":"Blood Vial"},{"floor":48,"key":"Replay:Rubber Ducky"},{"floor":49,"key":"hubris:DisguiseKit"}],"event_choices":[{"damage_healed":0,"gold_gain":0,"player_choice":"Gave Potion","damage_taken":0,"relics_obtained":["Pet Ghost"],"max_hp_gain":0,"max_hp_loss":0,"event_name":"WeMeetAgain","floor":20,"gold_loss":0},{"cards_removed":["Venomology"],"damage_healed":0,"gold_gain":0,"player_choice":"Take \u0026 Give","damage_taken":0,"max_hp_gain":0,"max_hp_loss":0,"event_name":"betterNote:BetterNote","floor":21,"gold_loss":0,"cards_obtained":["infinitespire:Collect"]},{"damage_healed":0,"gold_gain":0,"player_choice":"Fight","damage_taken":0,"max_hp_gain":0,"max_hp_loss":0,"event_name":"MindBloom","floor":36,"gold_loss":0},{"damage_healed":0,"gold_gain":0,"player_choice":"Bought 0 Potions","damage_taken":0,"max_hp_gain":0,"max_hp_loss":0,"event_name":"The Woman in Blue","floor":39,"gold_loss":0}],"is_beta":false,"boss_relics":[{"not_picked":["ReplayTheSpireMod:DimensionalGlitch","Coffee Dripper","Runic Pyramid"]},{"not_picked":["Replay:Ancient Bell","Nuclear Battery"],"picked":"hubris:Backtick"}],"items_purged_floors":[],"is_endless":false,"potions_floor_spawned":[1,2,10,12,16,19,24,28,35,37,42,47],"ascension_level":0}}