{"host":"1c52r9kaxdyo25eq","time":1611678495,"event":{"mods":["AchievementEnabler","BaseMod","Minty Spire (QoL Compilation)","Rare Cards Sparkle","SuperFastMode","everything is the same but u backflip on backflip"],"gold_per_floor":[109,34,34,45,120,152,170,170,170,183,200,200,210,175,175,248,248,263,263,48,60,71,71,84,84,84,84,97,111,131,131,131,207,207,227,243,258,272,272,307,121,121,148,64,74,74,99,116,116,116,116,116],"floor_reached":51,"language":"KOR","playtime":1434,"items_purged":["Defend_G","Envenom"],"score":1426,"play_id":"b9e20d37-c9ee-4f5f-9ce4-bf38dcecc9a4","local_time":"20210127012815","is_ascension_mode":true,"campfire_choices":[{"data":"Deadly Poison","floor":8.0,"key":"SMITH"},{"data":"Corpse Explosion","floor":12.0,"key":"SMITH"},{"data":"Leg Sweep","floor":15.0,"key":"SMITH"},{"data":"Bullet Time","floor":23.0,"key":"SMITH"},{"data":"Bouncing Flask","floor":25.0,"key":"SMITH"},{"data":"Catalyst","floor":27.0,"key":"SMITH"},{"floor":32.0,"key":"REST"},{"floor":42.0,"key":"RECALL"},{"data":"Tactician","floor":49.0,"key":"SMITH"}],"circlet_count":0,"master_deck":["AscendersBane","Survivor","Neutralize","Corpse Explosion+1","Bullet Time+1","Leg Sweep+1","Deadly Poison+1","Venomology","Catalyst+1","Bouncing Flask+1","Acrobatics","Calculated Gamble","Burst","Bane","Wraith Form v2","Phantasmal Killer","Distraction","Footwork","Dash","Reflex","Tactician+1","Panacea"],"relics":["Ring of the Snake","Singing Bowl","Ornamental Fan","SacredBark","Potion Belt","CaptainsWheel","Pandora\u0027s Box","Meat on the Bone","Happy Flower"],"acts_visited":["Exordium","TheCity","TheBeyond"],"potions_floor_usage":[50,51,51],"damage_taken":[{"damage":7.0,"enemies":"2 Louse","floor":1.0,"turns":3.0},{"damage":1.0,"enemies":"Small Slimes","floor":4.0,"turns":4.0},{"damage":20.0,"enemies":"Lagavulin","floor":6.0,"turns":8.0},{"damage":4.0,"enemies":"Jaw Worm","floor":7.0,"turns":4.0},{"damage":0.0,"enemies":"3 Louse","floor":10.0,"turns":2.0},{"damage":19.0,"enemies":"Large Slime","floor":11.0,"turns":9.0},{"damage":11.0,"enemies":"Exordium Thugs","floor":13.0,"turns":3.0},{"damage":24.0,"enemies":"The Guardian","floor":16.0,"turns":9.0},{"damage":6.0,"enemies":"3 Byrds","floor":18.0,"turns":4.0},{"damage":13.0,"enemies":"Spheric Guardian","floor":21.0,"turns":4.0},{"damage":19.0,"enemies":"Snake Plant","floor":22.0,"turns":2.0},{"damage":0.0,"enemies":"Snecko","floor":24.0,"turns":3.0},{"damage":3.0,"enemies":"Sentry and Sphere","floor":28.0,"turns":4.0},{"damage":8.0,"enemies":"Centurion and Healer","floor":29.0,"turns":4.0},{"damage":5.0,"enemies":"Snecko","floor":30.0,"turns":3.0},{"damage":27.0,"enemies":"Collector","floor":33.0,"turns":9.0},{"damage":0.0,"enemies":"3 Darklings","floor":35.0,"turns":1.0},{"damage":0.0,"enemies":"Orb Walker","floor":36.0,"turns":1.0},{"damage":23.0,"enemies":"Sphere and 2 Shapes","floor":37.0,"turns":4.0},{"damage":0.0,"enemies":"Jaw Worm Horde","floor":38.0,"turns":6.0},{"damage":16.0,"enemies":"Nemesis","floor":40.0,"turns":7.0},{"damage":1.0,"enemies":"3 Darklings","floor":45.0,"turns":2.0},{"damage":50.0,"enemies":"Giant Head","floor":47.0,"turns":8.0},{"damage":21.0,"enemies":"Transient","floor":48.0,"turns":6.0},{"damage":27,"enemies":"Time Eater","floor":50,"turns":9},{"damage":28,"enemies":"Awakened One","floor":51,"turns":5}],"seed_played":"-3099554173165677467","potions_obtained":[{"floor":1.0,"key":"Strength Potion"},{"floor":4.0,"key":"SpeedPotion"},{"floor":6.0,"key":"Regen Potion"},{"floor":13.0,"key":"EssenceOfSteel"},{"floor":22.0,"key":"Dexterity Potion"},{"floor":24.0,"key":"PowerPotion"},{"floor":33.0,"key":"PowerPotion"},{"floor":35.0,"key":"Weak Potion"},{"floor":37.0,"key":"SpeedPotion"},{"floor":40.0,"key":"DuplicationPotion"}],"is_trial":false,"path_per_floor":["M","$","?","M","?","E","M","R","T","M","M","R","M","?","R","B",null,"M","?","$","M","M","R","M","R","T","R","M","M","M","?","R","B",null,"M","M","M","M","?","E","$","R","T","$","M","?","E","M","R","B","B"],"character_chosen":"THE_SILENT","items_purchased":["Bouncing Flask","Potion Belt","Reflex","Tactician"],"campfire_rested":1,"item_purchase_floors":[20,20,41,44],"current_hp_per_floor":[52,52,57,56,45,27,25,25,25,27,25,25,16,34,34,10,59,55,55,55,44,25,25,25,25,25,25,24,18,15,15,40,13,67,69,71,50,52,52,38,38,38,38,38,51,45,61,54,54,39,11,11],"gold":116,"neow_bonus":"TRANSFORM_TWO_CARDS","is_daily":false,"chose_seed":false,"campfire_upgraded":7,"win_rate":0.0,"timestamp":1611678495,"path_taken":["M","$","?","M","?","E","M","R","T","M","M","R","M","?","R","BOSS","M","?","$","M","M","R","M","R","T","R","M","M","M","?","R","BOSS","M","M","M","M","?","E","?","R","T","$","M","?","E","M","R","BOSS","BOSS"],"items_purchased_type":["Card","Relic","Card","Card"],"build_version":"2020-12-22","purchased_purges":2,"victory":false,"max_hp_per_floor":[60,60,65,65,65,67,69,69,69,71,73,73,75,75,75,75,75,77,77,77,79,79,79,79,79,79,79,81,83,85,85,85,85,85,87,89,91,93,93,95,95,95,95,95,97,101,103,105,105,105,105,105],"card_choices":[{"not_picked":["Slice","Blade Dance"],"picked":"Leg Sweep","floor":1.0},{"not_picked":["Sucker Punch","Infinite Blades"],"picked":"Deadly Poison","floor":4.0},{"not_picked":["Underhanded Strike","Burst","Leg Sweep"],"picked":"Singing Bowl","floor":6.0},{"not_picked":["Endless Agony","Flechettes","Cloak And Dagger"],"picked":"Singing Bowl","floor":7.0},{"not_picked":["Poisoned Stab","Leg Sweep","Dagger Throw"],"picked":"Singing Bowl","floor":10.0},{"not_picked":["PiercingWail","Sucker Punch","Flying Knee"],"picked":"Singing Bowl","floor":11.0},{"not_picked":["Expertise","Crippling Poison","Endless Agony"],"picked":"Singing Bowl","floor":13.0},{"not_picked":["Tools of the Trade","Envenom"],"picked":"Venomology","floor":16.0},{"not_picked":["Cloak And Dagger","Masterful Stab","Dagger Throw"],"picked":"Singing Bowl","floor":18.0},{"not_picked":["Poisoned Stab+1","Dagger Spray","Deadly Poison"],"picked":"Singing Bowl","floor":21.0},{"not_picked":["Deflect","Prepared"],"picked":"Acrobatics","floor":22.0},{"not_picked":["Eviscerate","Slice"],"picked":"Calculated Gamble","floor":24.0},{"not_picked":["Concentrate","Corpse Explosion","Infinite Blades"],"picked":"Singing Bowl","floor":28.0},{"not_picked":["Dash+1","Acrobatics","Deadly Poison"],"picked":"Singing Bowl","floor":29.0},{"not_picked":["Backflip","Poisoned Stab","Dagger Spray"],"picked":"Singing Bowl","floor":30.0},{"not_picked":["Venomology","Glass Knife"],"picked":"Burst","floor":33.0},{"not_picked":["PiercingWail+1","Slice","Heel Hook"],"picked":"Singing Bowl","floor":35.0},{"not_picked":["Flying Knee","Slice","PiercingWail"],"picked":"Singing Bowl","floor":36.0},{"not_picked":["Underhanded Strike+1","Deflect","Prepared"],"picked":"Singing Bowl","floor":37.0},{"not_picked":["Acrobatics","Underhanded Strike","Cloak And Dagger"],"picked":"Singing Bowl","floor":38.0},{"not_picked":["Night Terror","Footwork","Flying Knee"],"picked":"Singing Bowl","floor":40.0},{"not_picked":["Dodge and Roll","Slice","Bane"],"picked":"Singing Bowl","floor":45.0},{"not_picked":["Madness","Forethought","Bandage Up"],"picked":"Singing Bowl","floor":46.0},{"not_picked":["Bandage Up","Panache"],"picked":"Panacea","floor":46.0},{"not_picked":["Blind","Transmutation","Bandage Up"],"picked":"Singing Bowl","floor":46.0},{"not_picked":["Dodge and Roll","Poisoned Stab","Wraith Form v2"],"picked":"Singing Bowl","floor":47.0},{"not_picked":["Dagger Throw+1","Leg Sweep+1","Sucker Punch"],"picked":"Singing Bowl","floor":48.0}],"player_experience":616105,"relics_obtained":[{"floor":6.0,"key":"Singing Bowl"},{"floor":9.0,"key":"Ornamental Fan"},{"floor":26.0,"key":"CaptainsWheel"},{"floor":40.0,"key":"Meat on the Bone"},{"floor":47.0,"key":"Happy Flower"}],"event_choices":[{"damage_healed":0.0,"max_hp_gain":5.0,"max_hp_loss":0.0,"gold_gain":0.0,"event_name":"Big Fish","player_choice":"Donut","floor":3.0,"gold_loss":0.0,"damage_taken":0.0},{"damage_healed":0.0,"max_hp_gain":0.0,"max_hp_loss":0.0,"gold_gain":75.0,"event_name":"World of Goop","player_choice":"Gather Gold","floor":5.0,"gold_loss":0.0,"damage_taken":11.0},{"damage_healed":18.0,"max_hp_gain":0.0,"max_hp_loss":0.0,"gold_gain":0.0,"event_name":"The Cleric","player_choice":"Healed","floor":14.0,"gold_loss":35.0,"damage_taken":0.0},{"damage_healed":0.0,"max_hp_gain":0.0,"max_hp_loss":0.0,"gold_gain":0.0,"event_name":"The Library","player_choice":"Read","floor":19.0,"gold_loss":0.0,"damage_taken":0.0,"cards_obtained":["Catalyst"]},{"damage_healed":0.0,"max_hp_gain":0.0,"max_hp_loss":0.0,"gold_gain":0.0,"event_name":"The Mausoleum","player_choice":"Ignored","floor":31.0,"gold_loss":0.0,"damage_taken":0.0},{"damage_healed":0.0,"max_hp_gain":0.0,"max_hp_loss":0.0,"gold_gain":0.0,"event_name":"Tomb of Lord Red Mask","player_choice":"Ignored","floor":39.0,"gold_loss":0.0,"damage_taken":0.0},{"damage_healed":0.0,"max_hp_gain":0.0,"max_hp_loss":0.0,"gold_gain":0.0,"event_name":"SensoryStone","player_choice":"Memory 3","floor":46.0,"gold_loss":0.0,"damage_taken":10.0}],"is_beta":false,"boss_relics":[{"not_picked":["Ring of the Serpent","SlaversCollar"],"picked":"SacredBark"},{"not_picked":["Black Star","Calling Bell"],"picked":"Pandora\u0027s Box"}],"items_purged_floors":[2,41],"is_endless":false,"potions_floor_spawned":[1,4,6,13,16,22,24,33,35,37,40,48],"killed_by":"Awakened One","ascension_level":20}}