{"host":"fligtxqnrbjmaaid","time":1611662898,"event":{"mods":["ATMod(°¢èªMod)","AchievementEnabler","Act Like it!","BaseMod","Dota2Spire","Downfall","Hallownest","Infinite Spire","Lobotomy","Marisa£¨ìFÓê¡¡Ä§ÀíÉ³£©","Minty Spire (QoL Compilation)","Replay The Spire","StSLib","The Blackbeard","The Construct","The Cursed","The Gatherer","The Runesmith","The Senshi","[IsaacMod]ÒÔÈö¼âËþ"],"gold_per_floor":[113,132,60,71,71,99,114,114,114,125,140,159,159,173,173,270,270,290,290,290,306,306,306],"floor_reached":22,"language":"ZHS","playtime":962,"items_purged":[],"score":190,"play_id":"d882ef95-8b22-4671-9b2a-1fcef08d913b","local_time":"20210126200818","is_ascension_mode":false,"campfire_choices":[{"data":"DoctorFetus","floor":8,"key":"SMITH"},{"data":"Seeing Red","floor":15,"key":"SMITH"}],"circlet_count":0,"master_deck":["Strike_R","Strike_R","Strike_R","Strike_R","Strike_R","Defend_R","Defend_R","Defend_R","Defend_R","Bash","AT_DrawKnifeCut","DoctorFetus+1","Panacea","Flex","Dual Wield","Inflame","Rupture","Seeing Red+1","Anger","Thunderclap","Pommel Strike","Berserk","Twin Strike"],"relics":["Burning Blood","HushsDoor","AT_ATBox","YumHeart","Potion Belt","Strawberry","Dota2Spire:RefresherOrb","SlaversCollar"],"acts_visited":["Exordium","TheCity"],"potions_floor_usage":[6,16,16],"damage_taken":[{"damage":13,"enemies":"Jaw Worm","floor":1,"turns":4},{"damage":9,"enemies":"2 Louse","floor":2,"turns":3},{"damage":0,"enemies":"Small Slimes","floor":4,"turns":3},{"damage":16,"enemies":"3 Sentries","floor":6,"turns":3},{"damage":9,"enemies":"2 Fungi Beasts","floor":7,"turns":2},{"damage":17,"enemies":"Looter","floor":10,"turns":4},{"damage":0,"enemies":"Large Slime","floor":11,"turns":2},{"damage":8,"enemies":"Lots of Slimes","floor":12,"turns":2},{"damage":13,"enemies":"Exordium Wildlife","floor":14,"turns":3},{"damage":51,"enemies":"The Guardian","floor":16,"turns":7},{"damage":5,"enemies":"Chosen","floor":18,"turns":4},{"damage":32,"enemies":"Shell Parasite","floor":21,"turns":5},{"damage":0,"enemies":"Snake Plant","floor":22,"turns":1}],"seed_played":"-2843452062169461089","potions_obtained":[{"floor":1,"key":"PowerPotion"},{"floor":4,"key":"DistilledChaos"},{"floor":7,"key":"Explosive Potion"},{"floor":12,"key":"champ:CounterPotion"},{"floor":21,"key":"BloodPotion"}],"is_trial":false,"path_per_floor":["M","M","$","M","$","E","M","R","T","M","M","M","?","M","R","B",null,"M","AVR","?","M","M"],"character_chosen":"IRONCLAD","items_purchased":["Inflame"],"campfire_rested":0,"item_purchase_floors":[3],"current_hp_per_floor":[73,70,70,76,76,66,63,63,70,59,65,63,87,80,80,35,87,87,87,87,61,61,61],"gold":306,"neow_bonus":"RANDOM_COLORLESS","is_daily":false,"chose_seed":false,"campfire_upgraded":2,"win_rate":0.0,"timestamp":1611662898,"path_taken":["M","M","$","M","$","E","M","R","T","M","M","M","?","M","R","BOSS","M","AVR","?","M","M"],"items_purchased_type":["Card"],"build_version":"2020-12-22","purchased_purges":0,"victory":false,"max_hp_per_floor":[80,80,80,80,80,80,80,80,87,87,87,87,87,87,87,87,87,87,87,87,87,87,87],"card_choices":[{"not_picked":[],"picked":"DoctorFetus","floor":0},{"not_picked":["Bomb","Survey Options"],"picked":"Panacea","floor":0},{"not_picked":["Second Wind","Cleave"],"picked":"Flex","floor":1},{"not_picked":["Seeing Red","Flame Barrier"],"picked":"Dual Wield","floor":2},{"not_picked":["Havoc","True Grit"],"picked":"Rupture","floor":4},{"not_picked":["Feel No Pain","Sword Boomerang"],"picked":"Bomb","floor":6},{"not_picked":["AT_IchimonjiDouble","Disarm"],"picked":"Seeing Red","floor":7},{"not_picked":["Dual Wield","Armaments","AT_IchimonjiDouble"],"picked":"SKIP","floor":10},{"not_picked":["AT_Dispersion","AT_BodySlamDance"],"picked":"Anger","floor":11},{"not_picked":["ReplayTheSpireMod:Corrosion Curse","Abandon"],"picked":"Thunderclap","floor":12},{"not_picked":["True Grit","Body Slam"],"picked":"Pommel Strike","floor":14},{"not_picked":["Corruption","Demonic Infusion"],"picked":"Berserk","floor":16},{"not_picked":["Wild Strike","Iron Wave"],"picked":"Twin Strike","floor":18},{"not_picked":["Armaments+1","Second Wind","Sword Boomerang"],"picked":"SKIP","floor":21}],"player_experience":104895,"relics_obtained":[{"floor":6,"key":"Potion Belt"},{"floor":9,"key":"Strawberry"}],"event_choices":[],"is_beta":false,"boss_relics":[{"not_picked":["Black Star","infinitespire:Cupcake"],"picked":"Dota2Spire:RefresherOrb"},{"not_picked":[]}],"items_purged_floors":[],"is_endless":false,"potions_floor_spawned":[1,4,7,12,21],"killed_by":"Snake Plant","ascension_level":0}}