{"host":"er8s5flrc5z1a07t","time":1611704103,"event":{"mods":["2.2 Compatiblity","Act Like it!","Aspiration","Bard","BaseMod","Better Note","Better Third Choice","Downfall","Duelist Mod","Elementarium","Energized Spire","GifTheSpireLib","Googly Eyes","Hermit","Hubris","Infinite Spire","Minty Spire (QoL Compilation)","Relic Stats","Shop Mod","StSLib","Stuff the Spire","Synergy Search","The Cursed"],"gold_per_floor":[113,113,113,38,38,70,80,107,107,107,117,117,117,134,134,134,134],"floor_reached":16,"language":"ENG","playtime":420,"items_purged":["Burn"],"score":145,"play_id":"06841676-c16d-4ac1-b3e8-7724f33203b7","local_time":"20210126183503","is_ascension_mode":true,"campfire_choices":[{"data":"hermit:Snapshot","floor":13,"key":"SMITH"},{"data":"hermit:Covet","floor":15,"key":"SMITH"}],"circlet_count":0,"master_deck":["hermit:Strike_Hermit","hermit:Strike_Hermit","hermit:Strike_Hermit","hermit:Strike_Hermit","hermit:Defend_Hermit","hermit:Defend_Hermit","hermit:Defend_Hermit","hermit:Defend_Hermit","hermit:Snapshot+1","hermit:Covet+1","hermit:Determination","Regret","hermit:Feint+1","hermit:BodyArmor+1","hermit:GhostlyPresence+1","hermit:Snipe+1"],"relics":["hermit:Momento","NeowsBlessing","infinitespire:Beetle Shell","Toxic Egg 2","Pen Nib","Bird Faced Urn","Singing Bowl","hubris:Towel","Spirit Poop"],"acts_visited":["Exordium"],"potions_floor_usage":[8,16],"damage_taken":[{"damage":0,"enemies":"Cultist","floor":1,"turns":1},{"damage":0,"enemies":"Lagavulin","floor":6,"turns":1},{"damage":0,"enemies":"Jaw Worm","floor":7,"turns":1},{"damage":24,"enemies":"Gremlin Nob","floor":8,"turns":6},{"damage":0,"enemies":"2 Louse","floor":11,"turns":3},{"damage":12,"enemies":"Exordium Wildlife","floor":14,"turns":4},{"damage":53,"enemies":"Slime Boss","floor":16,"turns":8}],"seed_played":"5878104290528899782","potions_obtained":[{"floor":6,"key":"hermit:Tonic"},{"floor":11,"key":"FearPotion"}],"is_trial":false,"path_per_floor":["M","?","?","$","?","E","M","E","T","?","M","?","R","M","R","B"],"character_chosen":"HERMIT","items_purchased":[],"campfire_rested":0,"item_purchase_floors":[],"current_hp_per_floor":[75,75,75,75,75,75,75,51,51,51,51,51,51,43,43,0,0],"gold":134,"neow_bonus":"THREE_ENEMY_KILL","is_daily":false,"chose_seed":false,"campfire_upgraded":2,"win_rate":0.0,"timestamp":1611704103,"path_taken":["M","?","?","$","?","E","?","E","T","?","M","?","R","M","R","BOSS"],"items_purchased_type":[],"build_version":"2020-12-22","purchased_purges":1,"victory":false,"max_hp_per_floor":[75,75,75,75,75,75,75,75,75,75,75,75,75,77,77,77,77],"relic_stats":{"Singing Bowl":2,"counters":[7,24],"Bird Faced Urn":[4],"Pen Nib":[3],"obtain_stats":[{"NeowsBlessing":0,"Singing Bowl":9,"Bird Faced Urn":8,"Spirit Poop":12,"infinitespire:Beetle Shell":3,"Pen Nib":6,"Toxic Egg 2":5,"hubris:Towel":10,"hermit:Momento":0},{"NeowsBlessing":0,"Singing Bowl":4,"Bird Faced Urn":4,"Spirit Poop":5,"infinitespire:Beetle Shell":1,"Pen Nib":2,"Toxic Egg 2":1,"hubris:Towel":4,"hermit:Momento":0},{"NeowsBlessing":0,"Singing Bowl":9,"Bird Faced Urn":9,"Spirit Poop":12,"infinitespire:Beetle Shell":1,"Pen Nib":2,"Toxic Egg 2":1,"hubris:Towel":9,"hermit:Momento":0}]},"card_choices":[{"not_picked":["hermit:Headshot","hermit:BodyArmor"],"picked":"hermit:Determination","floor":1},{"not_picked":["hermit:Roulette","hermit:Quickdraw"],"picked":"hermit:Feint+1","floor":6},{"not_picked":["hermit:HighCaliber","hermit:ShadowCloak"],"picked":"hermit:BodyArmor+1","floor":7},{"not_picked":["hermit:Dive+1","hermit:FullyLoaded+1"],"picked":"hermit:GhostlyPresence+1","floor":8},{"not_picked":["hermit:LowProfile+1","hermit:Manifest+1"],"picked":"hermit:Snipe+1","floor":11},{"not_picked":["hermit:TrackingShot","hermit:LowProfile+1","hermit:BodyArmor+1"],"picked":"Singing Bowl","floor":14}],"player_experience":1160161,"relics_obtained":[{"floor":6,"key":"Pen Nib"},{"floor":8,"key":"Bird Faced Urn"},{"floor":9,"key":"Singing Bowl"}],"event_choices":[{"damage_healed":75,"gold_gain":0,"player_choice":"Embrace Burn","damage_taken":0,"max_hp_gain":0,"max_hp_loss":75,"event_name":"betterThird:BetterShining","floor":2,"gold_loss":0},{"damage_healed":0,"gold_gain":0,"player_choice":"Box","damage_taken":0,"relics_obtained":["infinitespire:Beetle Shell"],"max_hp_gain":0,"max_hp_loss":0,"event_name":"Big Fish","floor":3,"gold_loss":0,"cards_obtained":["Regret"]},{"cards_removed":["Injury"],"damage_healed":0,"gold_gain":0,"player_choice":"Offered Curse","damage_taken":0,"relics_obtained":["Spirit Poop"],"max_hp_gain":0,"max_hp_loss":0,"event_name":"Bonfire Elementals","floor":12,"gold_loss":0}],"is_beta":false,"boss_relics":[],"items_purged_floors":[4],"is_endless":false,"potions_floor_spawned":[6,11],"killed_by":"Slime Boss","ascension_level":2}}