{"host":"t0dtoggyaif518ut","time":1611666405,"event":{"mods":["AchievementEnabler","BaseMod","Best Route Mod","Bestiary","Better Altar","Better Match","Better Note","Better Sensory Stone","Better Silent Start","Better Skull","Better Third Choice","Better Vampires","Block Reminder","Colored Powertips","Dark Map","Displayed Cursed Tome","Energized Spire","Evolution","Gold Saver","Ironclad Rager","Minty Spire (QoL Compilation)","Practice Mode","Quick Restart","RNG Fix","Random Character Button","Relic Stats","Retaliation","Reworked Bosses","StSLib","Treasure Hunter"],"gold_per_floor":[958,976,470,486,486,514,514,545,569,569,586,586,586,596,596,668,668,681,700,650,664,675,667,667],"floor_reached":23,"language":"RUS","playtime":1047,"items_purged":["Wild Strike"],"score":360,"play_id":"3f256a28-0993-40de-a39d-ceadb14087f9","local_time":"20210126200645","is_ascension_mode":true,"campfire_choices":[{"data":"1","floor":7,"key":"LIFT"},{"data":"Whirlwind","floor":10,"key":"SMITH"},{"data":"2","floor":13,"key":"LIFT"},{"data":"TH:ElvenBoots","floor":15,"key":"SMITH"}],"circlet_count":0,"master_deck":["AscendersBane","Wild Strike","Wild Strike","Wild Strike","Wild Strike","Shrug It Off","Defend_R","Defend_R","Defend_R","Bash","Whirlwind+1","Inflame","TH:PixieDust","Shrug It Off","TH:ElvenBoots+1","DDmod:SpikedSkill","Heavy Blade","DDmod:SpikedSkill","Shrug It Off+1"],"relics":["Burning Blood","EVO:Axolotl","Vajra","PreservedInsect","Lantern","TH:HealthInsurance","Girya","Pen Nib","Ancient Tea Set","TungstenRod","Velvet Choker"],"acts_visited":["Exordium","TheCity"],"potions_floor_usage":[],"damage_taken":[{"damage":0,"enemies":"Cultist","floor":1,"turns":2},{"damage":0,"enemies":"2 Louse","floor":2,"turns":2},{"damage":0,"enemies":"Jaw Worm","floor":4,"turns":1},{"damage":12,"enemies":"Lagavulin","floor":6,"turns":4},{"damage":8,"enemies":"Gremlin Nob","floor":8,"turns":3},{"damage":6,"enemies":"Exordium Wildlife","floor":11,"turns":3},{"damage":0,"enemies":"Large Slime","floor":14,"turns":3},{"damage":26,"enemies":"The Guardian","floor":16,"turns":10},{"damage":20,"enemies":"2 Thieves","floor":18,"turns":3},{"damage":0,"enemies":"Shell Parasite","floor":19,"turns":1},{"damage":34,"enemies":"Snecko","floor":21,"turns":4},{"damage":30,"enemies":"Snake Plant","floor":22,"turns":3},{"damage":37,"enemies":"Gremlin Leader","floor":23,"turns":4}],"seed_played":"8370392662269172450","potions_obtained":[{"floor":1,"key":"PowerPotion"},{"floor":2,"key":"Energy Potion"},{"floor":5,"key":"Fire Potion"}],"is_trial":false,"path_per_floor":["M","M","$","M","?","E","R","E","T","R","M","?","R","M","R","B",null,"M","M","?","M","M","E"],"character_chosen":"IRONCLAD","items_purchased":["PreservedInsect","Lantern","TH:HealthInsurance"],"campfire_rested":0,"item_purchase_floors":[3,3,3],"current_hp_per_floor":[78,80,80,80,80,74,74,72,72,72,72,65,65,71,71,51,73,59,65,65,39,21,0,0],"gold":667,"neow_bonus":"RANDOM_COMMON_RELIC","is_daily":false,"chose_seed":false,"campfire_upgraded":2,"win_rate":0.0,"timestamp":1611666405,"path_taken":["M","?","$","M","?","E","R","E","T","R","M","?","R","M","R","BOSS","M","M","?","M","M","E"],"items_purchased_type":["Relic","Relic","Relic"],"build_version":"2020-12-22","purchased_purges":1,"victory":false,"max_hp_per_floor":[80,80,80,80,80,80,80,80,80,80,80,80,80,80,80,80,80,80,80,80,80,80,80,80],"relic_stats":{"counters":[13,43],"PreservedInsect":99,"Pen Nib":[4],"obtain_stats":[{"Girya":6,"Lantern":3,"Vajra":0,"Velvet Choker":17,"PreservedInsect":3,"Pen Nib":8,"TH:HealthInsurance":3,"EVO:Axolotl":0,"Ancient Tea Set":9,"Burning Blood":0,"TungstenRod":12},{"Girya":4,"Lantern":2,"Vajra":0,"Velvet Choker":8,"PreservedInsect":2,"Pen Nib":5,"TH:HealthInsurance":2,"EVO:Axolotl":0,"Ancient Tea Set":5,"Burning Blood":0,"TungstenRod":6},{"Girya":9,"Lantern":4,"Vajra":0,"Velvet Choker":28,"PreservedInsect":4,"Pen Nib":12,"TH:HealthInsurance":4,"EVO:Axolotl":0,"Ancient Tea Set":12,"Burning Blood":0,"TungstenRod":15}],"Burning Blood":62,"TungstenRod":21},"card_choices":[{"not_picked":["Wild Strike","DDmod:PokeAttack"],"picked":"Whirlwind","floor":1},{"not_picked":["Twin Strike","DDmod:CallousedSkill"],"picked":"Inflame","floor":2},{"not_picked":["Dropkick","Perfected Strike","Body Slam"],"picked":"SKIP","floor":4},{"not_picked":["TH:ArmorSpikes"],"picked":"TH:PixieDust","floor":6},{"not_picked":["Havoc","Clothesline"],"picked":"Shrug It Off","floor":6},{"not_picked":["TH:EnergyPotion"],"picked":"TH:ElvenBoots","floor":8},{"not_picked":["Rage","Headbutt","Entrench"],"picked":"SKIP","floor":8},{"not_picked":["TH:BikiniMail","TH:EnergyPotion"],"picked":"SKIP","floor":9},{"not_picked":["Seeing Red","Heavy Blade","DDmod:PokeAttack"],"picked":"SKIP","floor":11},{"not_picked":["Uppercut","Armaments","DDmod:GrandUltimatumAttack"],"picked":"SKIP","floor":14},{"not_picked":["Havoc","Blood for Blood"],"picked":"DDmod:SpikedSkill","floor":18},{"not_picked":["Uppercut","DDmod:PokeAttack"],"picked":"Heavy Blade","floor":19},{"not_picked":["DDmod:PokeAttack","Pommel Strike"],"picked":"DDmod:SpikedSkill","floor":21},{"not_picked":["DDmod:SpikeInjectionSkill","Body Slam+1"],"picked":"Shrug It Off+1","floor":22}],"player_experience":289015,"relics_obtained":[{"floor":6,"key":"Girya"},{"floor":8,"key":"Pen Nib"},{"floor":9,"key":"Ancient Tea Set"}],"event_choices":[{"damage_healed":0,"gold_gain":0,"player_choice":"Got Potions","damage_taken":0,"max_hp_gain":0,"max_hp_loss":0,"event_name":"Lab","floor":5,"gold_loss":0},{"damage_healed":0,"gold_gain":0,"player_choice":"Relic ","damage_taken":7,"max_hp_gain":0,"max_hp_loss":0,"event_name":"betterThird:BetterScrap","floor":12,"gold_loss":0,"cards_obtained":["Lockon"]},{"damage_healed":0,"gold_gain":0,"player_choice":"Bet on Murderer","damage_taken":0,"max_hp_gain":0,"max_hp_loss":0,"event_name":"The Joust","floor":20,"gold_loss":50}],"is_beta":false,"boss_relics":[{"not_picked":["energizedSpire:RedRose","Coffee Dripper"],"picked":"Velvet Choker"}],"items_purged_floors":[3],"is_endless":false,"potions_floor_spawned":[1,2,11,14,18,21],"killed_by":"Gremlin Leader","ascension_level":13}}