{"host":"c3lc60y5x60jlt1y","time":1611684639,"event":{"mods":["AchievementEnabler","BaseMod","Bestiary","Colored Map","Minty Spire (QoL Compilation)","Quick Restart","StSLib","ojb\u0027s Info Mod"],"gold_per_floor":[112,0,0,0,20,20,52,52,52,52,85,95,127,49,49,123,123,140,159,159,74,74,87,87,87],"floor_reached":24,"language":"ENG","playtime":2325,"items_purged":["Strike_R"],"score":474,"play_id":"92cd0f37-a0a0-47c1-a004-12d524be9657","local_time":"20210126201039","is_ascension_mode":true,"campfire_choices":[{"data":"Shockwave","floor":6.0,"key":"SMITH"},{"data":"Bash","floor":10.0,"key":"SMITH"},{"data":"Inflame","floor":15,"key":"SMITH"}],"circlet_count":0,"master_deck":["AscendersBane","Strike_R","Strike_R","Strike_R","Strike_R","Defend_R+1","Defend_R+1","Defend_R","Defend_R","Bash+1","Wild Strike","Shockwave+1","Burning Pact+1","Dropkick","Inflame+1","Sentinel","Fire Breathing","Feel No Pain","Corruption","Heavy Blade","Sentinel","RitualDagger","Dual Wield","Spot Weakness"],"relics":["Burning Blood","NeowsBlessing","White Beast Statue","Ancient Tea Set","Charon\u0027s Ashes","Question Card","War Paint","Black Star","PreservedInsect"],"acts_visited":["Exordium","TheCity"],"potions_floor_usage":[13,16,24,24],"damage_taken":[{"damage":0.0,"enemies":"Small Slimes","floor":1.0,"turns":1.0},{"damage":0.0,"enemies":"2 Louse","floor":5.0,"turns":1.0},{"damage":0.0,"enemies":"Gremlin Nob","floor":7.0,"turns":1.0},{"damage":15.0,"enemies":"3 Sentries","floor":11.0,"turns":5.0},{"damage":0.0,"enemies":"Cultist","floor":12.0,"turns":3.0},{"damage":8,"enemies":"Gremlin Nob","floor":13,"turns":3},{"damage":5,"enemies":"Slime Boss","floor":16,"turns":6},{"damage":0,"enemies":"Chosen","floor":18,"turns":5},{"damage":39,"enemies":"Spheric Guardian","floor":19,"turns":8},{"damage":13,"enemies":"Snecko","floor":23,"turns":5},{"damage":31,"enemies":"Slavers","floor":24,"turns":2}],"seed_played":"-8383036705430584847","potions_obtained":[{"floor":5.0,"key":"PowerPotion"},{"floor":7.0,"key":"Dexterity Potion"},{"floor":11.0,"key":"CultistPotion"},{"floor":12.0,"key":"ElixirPotion"},{"floor":13,"key":"PowerPotion"},{"floor":16,"key":"AttackPotion"},{"floor":18,"key":"DuplicationPotion"}],"is_trial":false,"path_per_floor":["M","$","?","?","M","R","E","?","T","R","E","M","E","$","R","B",null,"M","M","?","?","?","M","E"],"character_chosen":"IRONCLAD","items_purchased":["Shockwave","Feel No Pain"],"campfire_rested":0,"item_purchase_floors":[2,14],"current_hp_per_floor":[74,74,63,63,69,69,75,75,75,75,66,72,70,70,70,71,74,75,42,36,36,36,29,0,0],"gold":87,"neow_bonus":"THREE_ENEMY_KILL","is_daily":false,"chose_seed":false,"campfire_upgraded":3,"win_rate":0.0,"timestamp":1611684639,"path_taken":["M","$","?","?","M","R","E","?","T","R","E","M","E","$","R","BOSS","M","M","?","?","?","M","E"],"items_purchased_type":["Card","Card"],"build_version":"2020-12-22","purchased_purges":1,"victory":false,"max_hp_per_floor":[75,75,75,75,75,75,75,75,75,75,75,75,75,75,75,75,75,75,75,75,75,75,75,75,75],"card_choices":[{"not_picked":["Perfected Strike","Sword Boomerang"],"picked":"Wild Strike","floor":1.0},{"not_picked":["Body Slam","Iron Wave"],"picked":"Burning Pact","floor":5.0},{"not_picked":["Ghostly Armor","Shockwave"],"picked":"Dropkick","floor":7.0},{"not_picked":["Wild Strike","Flame Barrier"],"picked":"Inflame","floor":11.0},{"not_picked":["Perfected Strike","Shrug It Off","Cleave"],"picked":"Sentinel","floor":12.0},{"not_picked":["Rampage","Immolate","Ghostly Armor"],"picked":"Fire Breathing","floor":13},{"not_picked":["Barricade","Berserk","Brutality"],"picked":"Corruption","floor":16},{"not_picked":["True Grit","Iron Wave","Flex"],"picked":"Heavy Blade","floor":18},{"not_picked":["Flex","Juggernaut","Heavy Blade"],"picked":"Sentinel","floor":19},{"not_picked":["Twin Strike+1","Havoc","Wild Strike"],"picked":"Spot Weakness","floor":23}],"player_experience":8596616,"relics_obtained":[{"floor":7.0,"key":"Ancient Tea Set"},{"floor":9.0,"key":"Charon\u0027s Ashes"},{"floor":11.0,"key":"Question Card"},{"floor":13,"key":"War Paint"}],"event_choices":[{"damage_healed":0.0,"max_hp_gain":0.0,"max_hp_loss":0.0,"gold_gain":0.0,"event_name":"Scrap Ooze","player_choice":"Success","floor":3.0,"gold_loss":0.0,"damage_taken":11.0,"relics_obtained":["White Beast Statue"]},{"damage_healed":0.0,"max_hp_gain":0.0,"max_hp_loss":0.0,"gold_gain":0.0,"event_name":"Liars Game","player_choice":"Ignored","floor":4.0,"gold_loss":0.0,"damage_taken":0.0},{"damage_healed":0.0,"max_hp_gain":0.0,"max_hp_loss":0.0,"gold_gain":0.0,"event_name":"Accursed Blacksmith","player_choice":"Forge","floor":8.0,"gold_loss":0.0,"damage_taken":0.0,"cards_upgraded":["Burning Pact"]},{"damage_healed":0,"gold_gain":0,"player_choice":"Joined the Cult","damage_taken":6,"max_hp_gain":0,"max_hp_loss":0,"event_name":"Nest","floor":20,"gold_loss":0,"cards_obtained":["RitualDagger"]},{"damage_healed":0,"gold_gain":0,"player_choice":"Obtained Relic","damage_taken":0,"relics_obtained":["PreservedInsect"],"max_hp_gain":0,"max_hp_loss":0,"event_name":"Addict","floor":21,"gold_loss":85},{"damage_healed":0,"gold_gain":0,"player_choice":"Read","damage_taken":0,"max_hp_gain":0,"max_hp_loss":0,"event_name":"The Library","floor":22,"gold_loss":0,"cards_obtained":["Dual Wield"]}],"is_beta":false,"boss_relics":[{"not_picked":["Sozu","Snecko Eye"],"picked":"Black Star"}],"items_purged_floors":[2],"is_endless":false,"potions_floor_spawned":[5,7,11,12,13,16,18,19,23],"killed_by":"Slavers","ascension_level":20}}