{"host":"t0dtoggyaif518ut","time":1611671820,"event":{"mods":["AchievementEnabler","BaseMod","Best Route Mod","Bestiary","Better Altar","Better Match","Better Note","Better Sensory Stone","Better Silent Start","Better Skull","Better Third Choice","Better Vampires","Block Reminder","Colored Powertips","Dark Map","Displayed Cursed Tome","Energized Spire","Evolution","Gold Saver","Ironclad Rager","Minty Spire (QoL Compilation)","Practice Mode","Quick Restart","RNG Fix","Random Character Button","Relic Stats","Retaliation","Reworked Bosses","StSLib","Treasure Hunter"],"gold_per_floor":[18,18,18,35,55,55,80,80,80,90,117,129,129,129,129,222,222,236,35,59,59,59],"floor_reached":21,"language":"RUS","playtime":1530,"items_purged":["Clumsy"],"score":321,"play_id":"798cb12b-8b20-4ab9-8e43-43538975c174","local_time":"20210126213700","is_ascension_mode":true,"campfire_choices":[{"data":"Twin Strike","floor":6,"key":"SMITH"},{"data":"Twin Strike","floor":8,"key":"SMITH"},{"data":"Twin Strike","floor":13,"key":"SMITH"},{"floor":15,"key":"REST"}],"circlet_count":0,"master_deck":["AscendersBane","Bash","Twin Strike+1","Twin Strike+1","Twin Strike+1","Twin Strike","Twin Strike","Iron Wave","Iron Wave","Iron Wave","Iron Wave","Flex","TH:TreasureMap","Cleave","DDmod:SpikedSkill","TH:ElvenBoots","Demon Form","Heavy Blade"],"relics":["Burning Blood","EVO:Axolotl","Smiling Mask","InkBottle","Matryoshka","Golden Idol","energizedSpire:DeadBattery","Membership Card"],"acts_visited":["Exordium","TheCity"],"potions_floor_usage":[10,16],"damage_taken":[{"damage":0,"enemies":"Small Slimes","floor":1,"turns":2},{"damage":2,"enemies":"Jaw Worm","floor":4,"turns":2},{"damage":0,"enemies":"Cultist","floor":5,"turns":2},{"damage":25,"enemies":"Lagavulin","floor":7,"turns":5},{"damage":5,"enemies":"Exordium Thugs","floor":10,"turns":4},{"damage":5,"enemies":"3 Sentries","floor":11,"turns":5},{"damage":10,"enemies":"3 Louse","floor":12,"turns":2},{"damage":68,"enemies":"The Guardian","floor":16,"turns":11},{"damage":16,"enemies":"3 Byrds","floor":18,"turns":3},{"damage":25,"enemies":"Spheric Guardian","floor":20,"turns":4},{"damage":26,"enemies":"Shelled Parasite and Fungi","floor":21,"turns":2}],"seed_played":"-4858484324337574452","potions_obtained":[{"floor":4,"key":"Regen Potion"},{"floor":5,"key":"DDmod:CleansePotion"},{"floor":12,"key":"BloodPotion"},{"floor":16,"key":"Ancient Potion"}],"is_trial":false,"path_per_floor":["M","$","?","M","M","R","E","R","T","M","E","M","R","?","R","B",null,"M","$","M","M"],"character_chosen":"IRONCLAD","items_purchased":["Membership Card"],"campfire_rested":1,"item_purchase_floors":[19],"current_hp_per_floor":[56,56,56,60,66,66,47,47,47,57,58,54,54,37,57,8,53,43,43,24,0,0],"gold":59,"neow_bonus":"IRONCLAD_BERSERKER","is_daily":false,"chose_seed":false,"campfire_upgraded":3,"win_rate":0.0,"timestamp":1611671820,"path_taken":["M","$","?","M","M","R","E","R","T","M","E","M","R","?","R","BOSS","M","$","M","M"],"items_purchased_type":["Relic"],"build_version":"2020-12-22","purchased_purges":1,"victory":false,"max_hp_per_floor":[68,68,68,68,68,68,68,68,68,68,68,68,68,68,68,68,68,68,68,68,68,68],"relic_stats":{"counters":[11,42],"Golden Idol":27,"Smiling Mask":-12,"obtain_stats":[{"Matryoshka":11,"Golden Idol":14,"EVO:Axolotl":0,"Membership Card":19,"Smiling Mask":7,"energizedSpire:DeadBattery":17,"Burning Blood":0,"InkBottle":9},{"Matryoshka":6,"Golden Idol":7,"EVO:Axolotl":0,"Membership Card":9,"Smiling Mask":4,"energizedSpire:DeadBattery":8,"Burning Blood":0,"InkBottle":4},{"Matryoshka":20,"Golden Idol":22,"EVO:Axolotl":0,"Membership Card":36,"Smiling Mask":11,"energizedSpire:DeadBattery":33,"Burning Blood":0,"InkBottle":11}],"Burning Blood":60,"InkBottle":[9]},"card_choices":[{"not_picked":["DDmod:PokeAttack","True Grit","Warcry"],"picked":"SKIP","floor":1},{"not_picked":["DDmod:SpikeInjectionSkill","Feel No Pain","DDmod:UnstoppableAttack"],"picked":"SKIP","floor":4},{"not_picked":["Sword Boomerang","Second Wind"],"picked":"Flex","floor":5},{"not_picked":["TH:DeckOfManyThings","TH:ArmorSpikes"],"picked":"SKIP","floor":7},{"not_picked":["Sword Boomerang","Carnage","Perfected Strike"],"picked":"SKIP","floor":7},{"not_picked":["TH:Mimic"],"picked":"TH:TreasureMap","floor":9},{"not_picked":["Iron Wave","Havoc"],"picked":"Cleave","floor":10},{"not_picked":["Burning Pact","Pommel Strike"],"picked":"DDmod:SpikedSkill","floor":11},{"not_picked":["TH:TreasureMap","TH:BikiniMail"],"picked":"SKIP","floor":11},{"not_picked":["Headbutt","Havoc","Cleave"],"picked":"SKIP","floor":12},{"not_picked":["TH:EnergyPotion"],"picked":"TH:ElvenBoots","floor":16},{"not_picked":["Corruption","DDmod:SpikeShotSkill"],"picked":"Demon Form","floor":16},{"not_picked":["DDmod:SpikeInjectionSkill","Dropkick"],"picked":"Heavy Blade","floor":18},{"not_picked":["DDmod:PokeAttack","Combust+1","Bloodletting"],"picked":"SKIP","floor":20}],"player_experience":296776,"relics_obtained":[{"floor":7,"key":"Smiling Mask"},{"floor":9,"key":"InkBottle"},{"floor":11,"key":"Matryoshka"}],"event_choices":[{"damage_healed":0,"gold_gain":0,"player_choice":"Ignored","damage_taken":0,"max_hp_gain":0,"max_hp_loss":0,"event_name":"Transmorgrifier","floor":3,"gold_loss":0},{"damage_healed":0,"gold_gain":0,"player_choice":"Take Damage","damage_taken":17,"relics_obtained":["Golden Idol"],"max_hp_gain":0,"max_hp_loss":0,"event_name":"Golden Idol","floor":14,"gold_loss":0}],"is_beta":false,"boss_relics":[{"not_picked":["SacredBark","Fusion Hammer"],"picked":"energizedSpire:DeadBattery"}],"items_purged_floors":[19],"is_endless":false,"potions_floor_spawned":[4,5,7,12,16],"killed_by":"Shelled Parasite and Fungi","ascension_level":14}}