{"host":"l5zfpd2l2htson6l","time":1611693798,"event":{"mods":["AchievementEnabler","BaseMod","Colored Map","Colored Powertips","Minty Spire (QoL Compilation)","Permanent Neow","Quick Restart","Rare Cards Sparkle","Relic Stats","SuperFastMode"],"gold_per_floor":[360,26,26,41,56,56,66,91,91,109,119,119,119,6,6,102,102,121,121,133,144,154,154,183,193,193,193,193,193,193],"floor_reached":29,"language":"ENG","playtime":1678,"items_purged":["Writhe"],"score":359,"play_id":"49476117-6e22-4dfe-bfea-6d349da923eb","local_time":"20210126124318","is_ascension_mode":true,"campfire_choices":[{"data":"Hemokinesis","floor":6.0,"key":"SMITH"},{"data":"Fiend Fire","floor":15.0,"key":"SMITH"},{"floor":23.0,"key":"RECALL"},{"floor":28,"key":"REST"}],"circlet_count":0,"master_deck":["Defend_R","Defend_R","Defend_R","Defend_R","Bash","Perfected Strike","Blood for Blood","Hemokinesis+1","Thunderclap","Cleave","Warcry","Armaments","Panacea","Fiend Fire+1","Ghostly Armor","Demon Form","Rupture","Bite","Bite","Bite","Bite","Bite","Ghostly","Ghostly","Ghostly","Ghostly","Ghostly"],"relics":["Burning Blood","White Beast Statue","Juzu Bracelet","Eternal Feather","Fusion Hammer","The Courier","Anchor"],"acts_visited":["Exordium","TheCity"],"potions_floor_usage":[24],"damage_taken":[{"damage":6.0,"enemies":"Jaw Worm","floor":1.0,"turns":6.0},{"damage":1.0,"enemies":"Cultist","floor":4.0,"turns":4.0},{"damage":6.0,"enemies":"2 Louse","floor":5.0,"turns":2.0},{"damage":13.0,"enemies":"Large Slime","floor":7.0,"turns":4.0},{"damage":18.0,"enemies":"Gremlin Nob","floor":8.0,"turns":3.0},{"damage":11.0,"enemies":"3 Louse","floor":10.0,"turns":3.0},{"damage":10.0,"enemies":"Blue Slaver","floor":11.0,"turns":3.0},{"damage":34.0,"enemies":"Slime Boss","floor":16.0,"turns":10.0},{"damage":16.0,"enemies":"Chosen","floor":18.0,"turns":4.0},{"damage":15.0,"enemies":"Spheric Guardian","floor":20.0,"turns":4.0},{"damage":10.0,"enemies":"Centurion and Healer","floor":21.0,"turns":6.0},{"damage":36.0,"enemies":"Snecko","floor":22.0,"turns":7.0},{"damage":21,"enemies":"Slavers","floor":24,"turns":6},{"damage":48,"enemies":"Cultist and Chosen","floor":25,"turns":7},{"damage":39,"enemies":"Gremlin Leader","floor":29,"turns":3}],"seed_played":"-9058391945447407905","potions_obtained":[{"floor":4.0,"key":"EssenceOfSteel"},{"floor":5.0,"key":"BloodPotion"},{"floor":7.0,"key":"Swift Potion"},{"floor":8.0,"key":"Strength Potion"},{"floor":12.0,"key":"SneckoOil"},{"floor":16.0,"key":"ElixirPotion"},{"floor":18.0,"key":"SpeedPotion"},{"floor":21.0,"key":"Swift Potion"},{"floor":22.0,"key":"SpeedPotion"},{"floor":24,"key":"FearPotion"},{"floor":25,"key":"FairyPotion"}],"is_trial":false,"path_per_floor":["M","$","?","M","M","R","M","E","T","M","M","?","?","$","R","B",null,"M","?","M","M","M","R","E","M","T","?","R","E"],"character_chosen":"IRONCLAD","items_purchased":["White Beast Statue","Blood for Blood","Ghostly Armor"],"campfire_rested":1,"item_purchase_floors":[2,2,14],"current_hp_per_floor":[80,80,80,80,80,80,73,61,61,56,52,68,68,68,77,49,72,62,56,51,56,38,50,49,21,21,21,28,0,0],"gold":193,"neow_bonus":"TWO_FIFTY_GOLD","is_daily":false,"chose_seed":false,"campfire_upgraded":2,"win_rate":0.0,"timestamp":1611693798,"path_taken":["M","$","?","M","M","R","M","E","T","M","M","?","?","?","R","BOSS","M","?","M","M","M","R","E","M","T","?","R","E"],"items_purchased_type":["Relic","Card","Card"],"build_version":"2020-12-22","purchased_purges":1,"victory":false,"max_hp_per_floor":[80,80,80,80,80,80,80,80,80,80,80,80,80,80,80,80,80,80,56,56,56,56,56,56,56,56,28,28,28,28],"relic_stats":{"counters":[15,72],"Eternal Feather":28,"Juzu Bracelet":2,"obtain_stats":[{"Anchor":26,"Eternal Feather":9,"Fusion Hammer":17,"The Courier":24,"Juzu Bracelet":8,"Burning Blood":0,"White Beast Statue":2},{"Anchor":14,"Eternal Feather":5,"Fusion Hammer":8,"The Courier":13,"Juzu Bracelet":5,"Burning Blood":0,"White Beast Statue":1},{"Anchor":69,"Eternal Feather":19,"Fusion Hammer":35,"The Courier":62,"Juzu Bracelet":19,"Burning Blood":0,"White Beast Statue":6}],"Burning Blood":74},"card_choices":[{"not_picked":["Burning Pact","Seeing Red"],"picked":"Perfected Strike","floor":1.0},{"not_picked":["Flex","Twin Strike"],"picked":"Thunderclap","floor":4.0},{"not_picked":["Thunderclap","Limit Break"],"picked":"Cleave","floor":5.0},{"not_picked":["Thunderclap","Clash","Heavy Blade"],"picked":"SKIP","floor":7.0},{"not_picked":["Limit Break","Evolve","Burning Pact"],"picked":"SKIP","floor":8.0},{"not_picked":["Sever Soul","Pommel Strike"],"picked":"Warcry","floor":10.0},{"not_picked":["Carnage","Perfected Strike"],"picked":"Armaments","floor":11.0},{"not_picked":["Juggernaut","Bludgeon"],"picked":"Demon Form","floor":16.0},{"not_picked":["Inflame","Pummel+1"],"picked":"Rupture","floor":18.0},{"not_picked":["Havoc","Pommel Strike","True Grit"],"picked":"SKIP","floor":20.0},{"not_picked":["Sentinel","Body Slam","Anger+1"],"picked":"SKIP","floor":21.0},{"not_picked":["Anger","Whirlwind","Twin Strike+1"],"picked":"SKIP","floor":22.0},{"not_picked":["Brutality","Evolve+1","Sentinel"],"picked":"SKIP","floor":24},{"not_picked":["True Grit","Clash","Havoc"],"picked":"SKIP","floor":25}],"player_experience":702345,"relics_obtained":[{"floor":8.0,"key":"Juzu Bracelet"},{"floor":9.0,"key":"Eternal Feather"},{"floor":24,"key":"The Courier"},{"floor":26,"key":"Anchor"}],"event_choices":[{"damage_healed":0.0,"max_hp_gain":0.0,"max_hp_loss":0.0,"gold_gain":0.0,"cards_transformed":["Strike_R"],"event_name":"Transmorgrifier","player_choice":"Transformed","floor":3.0,"gold_loss":0.0,"damage_taken":0.0,"cards_obtained":["Hemokinesis"]},{"damage_healed":0.0,"max_hp_gain":0.0,"max_hp_loss":0.0,"gold_gain":0.0,"event_name":"Lab","player_choice":"Got Potions","floor":12.0,"gold_loss":0.0,"damage_taken":0.0},{"damage_healed":0.0,"max_hp_gain":0.0,"max_hp_loss":0.0,"gold_gain":0.0,"event_name":"Match and Keep!","player_choice":"2 cards matched","floor":13.0,"gold_loss":0.0,"damage_taken":0.0,"cards_obtained":["Panacea","Fiend Fire"]},{"damage_healed":0.0,"max_hp_gain":0.0,"max_hp_loss":24.0,"gold_gain":0.0,"event_name":"Vampires","player_choice":"Became a vampire","floor":19.0,"gold_loss":0.0,"damage_taken":0.0,"cards_obtained":["Bite","Bite","Bite","Bite","Bite"]},{"damage_healed":0,"gold_gain":0,"player_choice":"Became a Ghost","damage_taken":0,"max_hp_gain":0,"max_hp_loss":28,"event_name":"Ghosts","floor":27,"gold_loss":0,"cards_obtained":["Ghostly","Ghostly","Ghostly","Ghostly","Ghostly"]}],"is_beta":false,"boss_relics":[{"not_picked":["Tiny House","Snecko Eye"],"picked":"Fusion Hammer"}],"items_purged_floors":[14],"is_endless":false,"potions_floor_spawned":[4,5,7,8,10,11,16,18,20,21,22,24,25],"killed_by":"Gremlin Leader","ascension_level":5}}