{"host":"hcg1n1zeml53gytb","time":1611632884,"event":{"mods":["BaseMod","Better Third Choice","Colored Powertips","Displayed Cursed Tome","Downfall","Hermit","Highlight Path","Minty Spire (QoL Compilation)","Quick Restart","Rare Cards Sparkle","Relic Stats","Replay The Spire","StSLib","The Cursed"],"gold_per_floor":[363,561,561,573,195,195,223,223,301,301,301,301,321,33,33,50,50,149,149,161,172,172,1,1,1,1,26,103,122,134,146,146,157,157,260,260,271,271,271,323,91,91,116,116,116,126,139,139,139,26,26,26,26,26,26,26,26],"floor_reached":56,"language":"ENG","playtime":3313,"items_purged":["TheCursedMod:Strike_TheCursed"],"score":816,"play_id":"d4b1df94-39bd-40d2-ba31-972bdff2693f","local_time":"20210125214804","is_ascension_mode":true,"campfire_choices":[{"data":"TheCursedMod:HellfireBreathing","floor":6.0,"key":"SMITH"},{"data":"TheCursedMod:VoidForm","floor":8.0,"key":"SMITH"},{"floor":10.0,"key":"REST"},{"data":"TheCursedMod:CursedStaff","floor":17.0,"key":"SMITH"},{"data":"TheCursedMod:LuckyCharm","floor":25.0,"key":"SMITH"},{"floor":32.0,"key":"REST"},{"data":"TheCursedMod:SpreadPlague","floor":34.0,"key":"SMITH"},{"data":"Apotheosis","floor":42,"key":"SMITH"},{"data":"TheCursedMod:LuckyCharm","floor":42,"key":"SMITH"},{"floor":44,"key":"REST"},{"floor":48,"key":"RECALL"},{"floor":51,"key":"REST"},{"data":"TheCursedMod:LuckyCharm","floor":54,"key":"SMITH"},{"data":"TheCursedMod:CleanUpWorkshop","floor":54,"key":"SMITH"}],"circlet_count":0,"master_deck":["TheCursedMod:Strike_TheCursed","TheCursedMod:Strike_TheCursed","TheCursedMod:Defend_TheCursed","TheCursedMod:Defend_TheCursed+1","TheCursedMod:Defend_TheCursed","TheCursedMod:Defend_TheCursed+1","TheCursedMod:CursedWand","TheCursedMod:CleanUpWorkshop+1","TheCursedMod:Dregs","TheCursedMod:CursedBlade","TheCursedMod:WearCloak","Regret","TheCursedMod:HellfireBreathing+1","TheCursedMod:ReleasedStrength+1","TheCursedMod:VoidForm+1","TheCursedMod:RapidMovement","TheCursedMod:StingEye+1","TheCursedMod:CursedStaff+1","TheCursedMod:ShockAndAwe","TheCursedMod:CursedBoomerang+1","TheCursedMod:SpreadPlague+1","TheCursedMod:LuckyCharm+1","TheCursedMod:SurpriseAttack","Amnesia","TheCursedMod:CursedBoomerang+1","TheCursedMod:BloodBarrier","TheCursedMod:StunningStrike","TheCursedMod:WearCloak+1","Flash of Steel","TheCursedMod:LuckyCharm+1","TheCursedMod:LuckyCharm+1","Apotheosis+1","TheCursedMod:SpitefulPlan+1","TheCursedMod:WearCloak+1","Writhe"],"relics":["TheCursedMod:BlackMagic101","Oddly Smooth Stone","Incense Burner","Turnip","Shuriken","Frozen Eye","Philosopher\u0027s Stone","ReplayTheSpireMod:Ring of Exchange","War Paint","Mercury Hourglass","Sozu","Replay:Arrowhead","ReplayFunnel","HornCleat"],"acts_visited":["Exordium","TheCity","TheBeyond","TheEnding"],"potions_floor_usage":[35,35,40],"damage_taken":[{"damage":0.0,"enemies":"2 Louse","floor":1.0,"turns":3.0},{"damage":6.0,"enemies":"Small Slimes","floor":4.0,"turns":4.0},{"damage":28.0,"enemies":"Lagavulin","floor":7.0,"turns":8.0},{"damage":8.0,"enemies":"Jaw Worm","floor":13.0,"turns":3.0},{"damage":13.0,"enemies":"Looter","floor":16.0,"turns":3.0},{"damage":14.0,"enemies":"Hexaghost","floor":18.0,"turns":6.0},{"damage":11.0,"enemies":"3 Byrds","floor":20.0,"turns":4.0},{"damage":0.0,"enemies":"Spheric Guardian","floor":21.0,"turns":3.0},{"damage":35.0,"enemies":"Slavers","floor":27.0,"turns":4.0},{"damage":0.0,"enemies":"3 Cultists","floor":29.0,"turns":4.0},{"damage":2.0,"enemies":"Snake Plant","floor":30.0,"turns":2.0},{"damage":0.0,"enemies":"Cultist and Chosen","floor":31.0,"turns":5.0},{"damage":0.0,"enemies":"Snecko","floor":33.0,"turns":3.0},{"damage":17,"enemies":"Pondfish","floor":35,"turns":6},{"damage":10,"enemies":"3 Shapes","floor":37,"turns":4},{"damage":15,"enemies":"2 Orb Walkers","floor":40,"turns":3},{"damage":1,"enemies":"Reptomancer","floor":43,"turns":5},{"damage":16,"enemies":"3 Darklings","floor":46,"turns":5},{"damage":9,"enemies":"Sphere and 2 Shapes","floor":47,"turns":5},{"damage":63,"enemies":"Awakened One","floor":52,"turns":7},{"damage":74,"enemies":"Shield and Spear","floor":56,"turns":5}],"seed_played":"8182375216861821470","potions_obtained":[{"floor":13.0,"key":"FairyPotion"},{"floor":16.0,"key":"Cursed Concoction"},{"floor":18.0,"key":"FearPotion"},{"floor":21.0,"key":"SteroidPotion"},{"floor":29.0,"key":"EssenceOfSteel"},{"floor":30.0,"key":"Death Potion"},{"floor":31.0,"key":"Toxic Potion"},{"floor":35,"key":"Block Potion"}],"is_trial":false,"path_per_floor":["M","?","?","M","$","R","E","R","T","R","PTL","PTL","M","$","?","M","R","B",null,"M","M","?","$","?","R","$","E","T","M","M","M","R","M","R","B",null,"M","?","?","?","$","R","E","R","T","M","M","R","?","?","R","B",null,"R","$","E"],"character_chosen":"THE_CURSED","items_purchased":["Incense Burner","TheCursedMod:ReleasedStrength","Frozen Eye","TheCursedMod:StingEye+1","TheCursedMod:CursedStaff","TheCursedMod:LuckyCharm","TheCursedMod:SurpriseAttack","TheCursedMod:LuckyCharm","Apotheosis"],"campfire_rested":4,"item_purchase_floors":[5,5,14,14,14,23,23,41,41],"current_hp_per_floor":[68,68,68,62,62,62,34,34,34,54,54,54,46,46,46,33,33,19,68,57,57,57,57,57,57,57,22,22,22,20,20,40,40,40,23,68,58,58,58,43,43,43,42,62,62,46,37,37,54,54,68,5,68,68,68,20,20],"gold":26,"neow_bonus":"TWO_FIFTY_GOLD","is_daily":false,"chose_seed":false,"campfire_upgraded":9,"win_rate":0.0,"timestamp":1611632884,"path_taken":["M","?","?","M","$","R","E","R","T","R","PTL","PTL","M","$","?","M","R","BOSS","M","M","?","$","?","R","$","E","T","M","M","M","R","M","R","BOSS","M","?","?","?","$","R","E","R","T","M","M","R","?","?","R","BOSS","R","$","E"],"items_purchased_type":["Relic","Card","Relic","Card","Card","Card","Card","Card","Card"],"build_version":"2020-12-22","purchased_purges":1,"victory":false,"max_hp_per_floor":[68,68,68,68,68,68,68,68,68,68,68,68,68,68,68,68,68,68,68,68,68,68,68,68,68,68,68,68,68,68,68,68,68,68,68,68,68,68,68,68,68,68,68,68,68,68,68,68,68,68,68,68,68,68,68,68,68],"relic_stats":{"Sozu":1,"counters":[21,91],"Shuriken":[17],"Turnip":[13],"War Paint":["TheCursedMod:Defend_TheCursed","TheCursedMod:Defend_TheCursed"],"obtain_stats":[{"ReplayFunnel":43,"TheCursedMod:BlackMagic101":0,"ReplayTheSpireMod:Ring of Exchange":24,"Oddly Smooth Stone":3,"Incense Burner":5,"War Paint":27,"Replay:Arrowhead":40,"Mercury Hourglass":28,"Sozu":36,"Frozen Eye":14,"HornCleat":50,"Shuriken":9,"Philosopher\u0027s Stone":19,"Turnip":7},{"ReplayFunnel":17,"TheCursedMod:BlackMagic101":0,"ReplayTheSpireMod:Ring of Exchange":8,"Oddly Smooth Stone":1,"Incense Burner":2,"War Paint":9,"Replay:Arrowhead":16,"Mercury Hourglass":9,"Sozu":14,"Frozen Eye":4,"HornCleat":19,"Shuriken":3,"Philosopher\u0027s Stone":6,"Turnip":3},{"ReplayFunnel":69,"TheCursedMod:BlackMagic101":0,"ReplayTheSpireMod:Ring of Exchange":34,"Oddly Smooth Stone":3,"Incense Burner":7,"War Paint":37,"Replay:Arrowhead":64,"Mercury Hourglass":37,"Sozu":57,"Frozen Eye":18,"HornCleat":79,"Shuriken":15,"Philosopher\u0027s Stone":27,"Turnip":15}],"Mercury Hourglass":[261]},"card_choices":[{"not_picked":["TheCursedMod:BlessingInDisguise","TheCursedMod:CursedSpellbook"],"picked":"TheCursedMod:CursedBlade","floor":1.0},{"not_picked":["TheCursedMod:Stretching","TheCursedMod:CircleOfBlood"],"picked":"TheCursedMod:WearCloak","floor":2.0},{"not_picked":["TheCursedMod:Evocation","TheCursedMod:Obscuration"],"picked":"TheCursedMod:HellfireBreathing","floor":4.0},{"not_picked":["TheCursedMod:CircleOfAbyss","TheCursedMod:CircleOfCorruption"],"picked":"TheCursedMod:VoidForm","floor":7.0},{"not_picked":["TheCursedMod:CircleOfWindfury","TheCursedMod:VitalStrike"],"picked":"TheCursedMod:RapidMovement","floor":13.0},{"not_picked":["TheCursedMod:CircleOfFocus","TheCursedMod:ReleasedKnowledge","TheCursedMod:PrepareRite"],"picked":"SKIP","floor":16.0},{"not_picked":["TheCursedMod:CursedRelics","TheCursedMod:AntiAging"],"picked":"TheCursedMod:ShockAndAwe","floor":18.0},{"not_picked":["TheCursedMod:FleshFromBone+1","TheCursedMod:WearCloak"],"picked":"TheCursedMod:CursedBoomerang+1","floor":20.0},{"not_picked":["TheCursedMod:SpitefulStrike","TheCursedMod:CircleOfCorruption"],"picked":"TheCursedMod:SpreadPlague","floor":21.0},{"not_picked":["TheCursedMod:ReleasedKnowledge","TheCursedMod:ManaBullet","TheCursedMod:Hemoplague+1"],"picked":"SKIP","floor":27.0},{"not_picked":["TheCursedMod:SmokeScreen","TheCursedMod:Stretching"],"picked":"TheCursedMod:CursedBoomerang+1","floor":29.0},{"not_picked":["TheCursedMod:CircleOfBlood+1","TheCursedMod:SpitefulStrike"],"picked":"TheCursedMod:BloodBarrier","floor":30.0},{"not_picked":["TheCursedMod:Obscuration","TheCursedMod:CursedMace","TheCursedMod:CircleOfBlood"],"picked":"SKIP","floor":31.0},{"not_picked":["TheCursedMod:TroublousMinions","TheCursedMod:CursedBlade+1","TheCursedMod:HellfireBreathing"],"picked":"SKIP","floor":33.0},{"not_picked":["TheCursedMod:DarkBarrier","TheCursedMod:ManaCirculation"],"picked":"TheCursedMod:StunningStrike","floor":35},{"not_picked":["TheCursedMod:Torture+1","TheCursedMod:Stigma"],"picked":"TheCursedMod:WearCloak+1","floor":37},{"not_picked":["Replay:BasicMightCard","Transmutation"],"picked":"Flash of Steel","floor":38},{"not_picked":["TheCursedMod:Wield","TheCursedMod:Stretching+1"],"picked":"TheCursedMod:LuckyCharm","floor":40},{"not_picked":["TheCursedMod:Stigma","TheCursedMod:ReleasedStrength+1","TheCursedMod:Evocation+1"],"picked":"SKIP","floor":43},{"not_picked":["TheCursedMod:TacticalStrike","TheCursedMod:Stretching"],"picked":"TheCursedMod:SpitefulPlan+1","floor":46},{"not_picked":["TheCursedMod:CircleOfWindfury+1","TheCursedMod:ReleasedStrength"],"picked":"TheCursedMod:WearCloak+1","floor":47}],"player_experience":505101,"relics_obtained":[{"floor":7.0,"key":"Turnip"},{"floor":9.0,"key":"Shuriken"},{"floor":24.0,"key":"ReplayTheSpireMod:Ring of Exchange"},{"floor":27.0,"key":"War Paint"},{"floor":28.0,"key":"Mercury Hourglass"},{"floor":40,"key":"Replay:Arrowhead"},{"floor":43,"key":"ReplayFunnel"}],"event_choices":[{"damage_healed":0.0,"max_hp_gain":0.0,"max_hp_loss":0.0,"gold_gain":0.0,"event_name":"Big Fish","player_choice":"Box","floor":3.0,"gold_loss":0.0,"damage_taken":0.0,"relics_obtained":["Oddly Smooth Stone"],"cards_obtained":["Regret"]},{"damage_healed":0,"gold_gain":0,"player_choice":"Memory 1","damage_taken":0,"max_hp_gain":0,"max_hp_loss":0,"event_name":"SensoryStone","floor":38,"gold_loss":0},{"cards_removed":["TheCursedMod:Strike_TheCursed"],"damage_healed":0,"gold_gain":0,"player_choice":"Removed Attack","damage_taken":0,"max_hp_gain":0,"max_hp_loss":0,"event_name":"Falling","floor":39,"gold_loss":0},{"damage_healed":0,"gold_gain":0,"player_choice":"Fight","damage_taken":0,"max_hp_gain":0,"max_hp_loss":0,"event_name":"Mysterious Sphere","floor":40,"gold_loss":0},{"damage_healed":17,"gold_gain":0,"player_choice":"Writhe","damage_taken":0,"max_hp_gain":0,"max_hp_loss":0,"event_name":"Winding Halls","floor":49,"gold_loss":0,"cards_obtained":["Writhe"]},{"damage_healed":0,"gold_gain":0,"player_choice":"Paid Gold","damage_taken":0,"relics_obtained":["HornCleat"],"max_hp_gain":0,"max_hp_loss":0,"event_name":"WeMeetAgain","floor":50,"gold_loss":113}],"is_beta":false,"boss_relics":[{"not_picked":["Black Star","Tiny House"],"picked":"Philosopher\u0027s Stone"},{"not_picked":["DollysMirror","Astrolabe"],"picked":"Sozu"}],"items_purged_floors":[23],"is_endless":false,"potions_floor_spawned":[13,16,18,21,29,30,31,33,35,40,46],"killed_by":"Shield and Spear","ascension_level":3}}