{"host":"1dz819zv7fs9tsdy","time":1611669084,"event":{"mods":["AchievementEnabler","BaseMod","Colored Powertips","Curses Come First","Hubris","Minty Spire (QoL Compilation)","Rare Cards Sparkle","StSLib"],"gold_per_floor":[119,133,133,153,169,197,219,257,292,304,591,94,112,112,112,214,214,228,239,50,50,125,158,158,189,189,189,199,199,227,239,239,335,335,350,367,367,467,487,518,535,535,535,564,215,243,254,41,41,41,41],"floor_reached":50,"language":"ENG","playtime":3382,"items_purged":["Regret"],"score":880,"play_id":"ce71698f-2f3f-473e-92a5-48cb695211f4","local_time":"20210126135124","is_ascension_mode":true,"campfire_choices":[{"floor":10,"key":"REST"},{"floor":15,"key":"REST"},{"data":"Infinite Blades","floor":24,"key":"SMITH"},{"data":"Infinite Blades","floor":27,"key":"SMITH"},{"floor":29,"key":"REST"},{"data":"Choke","floor":32,"key":"SMITH"},{"data":"Metamorphosis","floor":42,"key":"SMITH"},{"floor":49,"key":"RECALL"}],"circlet_count":0,"master_deck":["Strike_G","Strike_G","Strike_G","Strike_G","Strike_G+1","Defend_G","Defend_G","Defend_G","Defend_G","Defend_G","Survivor","Neutralize","Masterful Stab","hubris:TrickCloak","Infinite Blades+1","Acrobatics","Backflip+1","Predator","PiercingWail","Venomology+1","Infinite Blades+1","Dagger Spray","Accuracy","Tools of the Trade","Poisoned Stab+1","Accuracy","Well Laid Plans","Quick Slash","Sucker Punch","Acrobatics","Expertise+1","Finisher","Noxious Fumes","Choke+1","Flying Knee+1","Envenom","CurseOfTheBell","Sucker Punch+1","Dagger Spray+1","Mind Blast","Discovery","Metamorphosis+1","Dagger Spray","Blade Dance+1","Eviscerate","Poisoned Stab+1","Die Die Die","Cold Snap+1","Infernal Blade","Footwork","Dodge and Roll","Dagger Throw"],"relics":["WristBlade","MawBank","Nunchaku","Toy Ornithopter","Mummified Hand","hubris:BlackHole","Strawberry","Ancient Tea Set","hubris:TinFlute","War Paint","Calling Bell","Tiny Chest","Lizard Tail","hubris:Reverence","The Specimen","Centennial Puzzle","Bottled Flame","PrismaticShard","hubris:SlimyHat"],"acts_visited":["Exordium","TheCity","TheBeyond"],"potions_floor_usage":[8,13,16,23,23,23,30,30,33,40,41,41,41,41,41,44,44,46,47,47,50],"damage_taken":[{"damage":0.0,"enemies":"2 Louse","floor":1.0,"turns":3.0},{"damage":0.0,"enemies":"Cultist","floor":2.0,"turns":3.0},{"damage":2.0,"enemies":"Small Slimes","floor":4.0,"turns":2.0},{"damage":15.0,"enemies":"Exordium Thugs","floor":5.0,"turns":6.0},{"damage":21.0,"enemies":"Gremlin Nob","floor":6.0,"turns":4.0},{"damage":3.0,"enemies":"Looter","floor":7.0,"turns":3.0},{"damage":20,"enemies":"Lagavulin","floor":8,"turns":8},{"damage":0,"enemies":"Exordium Wildlife","floor":13,"turns":2},{"damage":18,"enemies":"Hexaghost","floor":16,"turns":9},{"damage":3,"enemies":"Chosen","floor":18,"turns":3},{"damage":10,"enemies":"Shell Parasite","floor":19,"turns":4},{"damage":0,"enemies":"Slavers","floor":23,"turns":1},{"damage":14,"enemies":"Book of Stabbing","floor":25,"turns":3},{"damage":16,"enemies":"Snake Plant","floor":28,"turns":2},{"damage":4,"enemies":"Slavers","floor":30,"turns":3},{"damage":0,"enemies":"3 Cultists","floor":31,"turns":3},{"damage":0,"enemies":"Automaton","floor":33,"turns":3},{"damage":3,"enemies":"Orb Walker","floor":35,"turns":2},{"damage":5,"enemies":"3 Darklings","floor":36,"turns":3},{"damage":34,"enemies":"Sphere and 2 Shapes","floor":39,"turns":3},{"damage":21,"enemies":"Giant Head","floor":40,"turns":5},{"damage":49,"enemies":"4 Shapes","floor":41,"turns":2},{"damage":12,"enemies":"Nemesis","floor":44,"turns":5},{"damage":4,"enemies":"Reptomancer","floor":46,"turns":2},{"damage":12,"enemies":"Maw","floor":47,"turns":4},{"damage":75,"enemies":"Time Eater","floor":50,"turns":4}],"seed_played":"8925195907311108829","potions_obtained":[{"floor":1.0,"key":"Explosive Potion"},{"floor":4.0,"key":"Weak Potion"},{"floor":6.0,"key":"Strength Potion"},{"floor":8,"key":"DistilledChaos"},{"floor":19,"key":"SteroidPotion"},{"floor":23,"key":"Energy Potion"},{"floor":28,"key":"SkillPotion"},{"floor":40,"key":"Weak Potion"},{"floor":44,"key":"DistilledChaos"},{"floor":46,"key":"AttackPotion"},{"floor":47,"key":"Strength Potion"}],"is_trial":false,"path_per_floor":["M","M","?","M","M","E","M","E","T","R","?","$","M","?","R","B",null,"M","M","$","?","?","E","R","E","T","R","M","R","E","M","R","B",null,"M","M","?","?","M","E","M","R","T","E","$","E","M","$","R","B"],"character_chosen":"THE_SILENT","items_purchased":["Venomology","Infinite Blades","Dagger Spray","Mummified Hand","Well Laid Plans","Quick Slash","Sucker Punch","Acrobatics","Die Die Die","PrismaticShard","Strength Potion","CunningPotion","Footwork","Dodge and Roll","Dagger Throw"],"campfire_rested":3,"item_purchase_floors":[12,12,12,12,20,20,20,20,45,45,45,48,48,48,48],"current_hp_per_floor":[70,70,63,61,46,25,22,2,2,23,23,23,28,14,35,22,70,67,57,57,44,37,59,59,45,45,45,29,53,59,59,59,64,82,79,74,64,64,30,14,39,39,39,37,37,38,36,36,36,0,0],"gold":41,"neow_bonus":"BOSS_RELIC","is_daily":false,"chose_seed":false,"campfire_upgraded":4,"win_rate":0.0,"timestamp":1611669084,"path_taken":["M","M","?","M","M","E","?","E","T","R","?","?","?","?","R","BOSS","M","M","$","?","?","E","R","E","T","R","?","R","E","M","R","BOSS","M","M","?","?","M","E","M","R","T","E","$","E","?","$","R","BOSS"],"items_purchased_type":["Card","Card","Card","Relic","Card","Card","Card","Card","Card","Relic","Potion","Potion","Card","Card","Card"],"build_version":"2020-12-22","purchased_purges":1,"victory":false,"max_hp_per_floor":[70,70,70,70,70,70,70,70,70,70,70,70,70,70,70,70,70,70,70,70,75,75,82,82,82,82,82,82,82,82,82,82,82,82,82,82,82,82,82,82,82,82,82,82,82,82,82,82,82,82,82],"card_choices":[{"not_picked":["Well Laid Plans","Deadly Poison"],"picked":"Masterful Stab","floor":1.0},{"not_picked":["Sucker Punch","PiercingWail"],"picked":"hubris:TrickCloak","floor":2.0},{"not_picked":["Bane","Eviscerate"],"picked":"Infinite Blades","floor":4.0},{"not_picked":["Prepared","Heel Hook"],"picked":"Acrobatics","floor":5.0},{"not_picked":["All Out Attack","Deflect"],"picked":"Backflip","floor":6.0},{"not_picked":["Leg Sweep","hubris:TrickCloak"],"picked":"Predator","floor":7.0},{"not_picked":["Terror","Backflip"],"picked":"PiercingWail","floor":8},{"not_picked":["Well Laid Plans","Blade Dance"],"picked":"Accuracy","floor":13},{"not_picked":["Bullet Time","Grand Finale"],"picked":"Tools of the Trade","floor":16},{"not_picked":["Prepared","Bane"],"picked":"Poisoned Stab+1","floor":18},{"not_picked":["Acrobatics","All Out Attack+1"],"picked":"Accuracy","floor":19},{"not_picked":["hubris:SlightOfHand","Backflip+1"],"picked":"Expertise","floor":23},{"not_picked":["Deadly Poison","Dagger Spray+1"],"picked":"Finisher","floor":25},{"not_picked":["Calculated Gamble","hubris:SlightOfHand+1"],"picked":"Noxious Fumes","floor":28},{"not_picked":["Caltrops+1","Tactician"],"picked":"Choke","floor":30},{"not_picked":["All Out Attack","hubris:SlightOfHand"],"picked":"Flying Knee+1","floor":31},{"not_picked":["Burst","Adrenaline"],"picked":"Envenom","floor":33},{"not_picked":["PiercingWail+1","Prepared+1"],"picked":"Sucker Punch+1","floor":35},{"not_picked":["Bane+1","Flying Knee+1"],"picked":"Dagger Spray+1","floor":36},{"not_picked":["hubris:Insight","Panacea"],"picked":"Mind Blast","floor":37},{"not_picked":["Blind","Master of Strategy"],"picked":"Discovery","floor":37},{"not_picked":["Chrysalis","The Bomb"],"picked":"Metamorphosis","floor":37},{"not_picked":["Concentrate+1","Prepared"],"picked":"Dagger Spray","floor":39},{"not_picked":["Outmaneuver","Caltrops+1"],"picked":"Blade Dance+1","floor":40},{"not_picked":["Acrobatics+1","hubris:TrickCloak"],"picked":"Eviscerate","floor":41},{"not_picked":["Deflect","Concentrate+1"],"picked":"Poisoned Stab+1","floor":44},{"not_picked":["Dodge and Roll+1","Impatience+1"],"picked":"Cold Snap+1","floor":46},{"not_picked":["PathToVictory+1","Rupture"],"picked":"Infernal Blade","floor":47}],"player_experience":320181,"relics_obtained":[{"floor":6.0,"key":"MawBank"},{"floor":8,"key":"Nunchaku"},{"floor":9,"key":"Toy Ornithopter"},{"floor":23,"key":"Strawberry"},{"floor":25,"key":"Ancient Tea Set"},{"floor":26,"key":"hubris:TinFlute"},{"floor":30,"key":"War Paint"},{"floor":34,"key":"Tiny Chest"},{"floor":34,"key":"Lizard Tail"},{"floor":34,"key":"hubris:Reverence"},{"floor":40,"key":"The Specimen"},{"floor":43,"key":"Centennial Puzzle"},{"floor":44,"key":"Bottled Flame"},{"floor":46,"key":"hubris:SlimyHat"}],"event_choices":[{"damage_healed":0.0,"max_hp_gain":0.0,"max_hp_loss":0.0,"gold_gain":0.0,"event_name":"Wheel of Change","player_choice":"Damaged","floor":3.0,"gold_loss":0.0,"damage_taken":7.0},{"damage_healed":0,"gold_gain":275,"player_choice":"Desecrate","damage_taken":0,"max_hp_gain":0,"max_hp_loss":0,"event_name":"Golden Shrine","floor":11,"gold_loss":0,"cards_obtained":["Regret"]},{"damage_healed":0,"gold_gain":0,"player_choice":"Entered Light","damage_taken":14,"max_hp_gain":0,"max_hp_loss":0,"event_name":"Shining Light","floor":14,"gold_loss":0,"cards_upgraded":["Backflip","Strike_G"]},{"damage_healed":0,"gold_gain":0,"player_choice":"Shed Blood","damage_taken":18,"max_hp_gain":5,"max_hp_loss":0,"event_name":"Forgotten Altar","floor":21,"gold_loss":0},{"damage_healed":0,"gold_gain":75,"player_choice":"Touch","damage_taken":7,"max_hp_gain":0,"max_hp_loss":0,"event_name":"FaceTrader","floor":22,"gold_loss":0},{"damage_healed":0,"gold_gain":0,"player_choice":"Memory 3","damage_taken":10,"max_hp_gain":0,"max_hp_loss":0,"event_name":"SensoryStone","floor":37,"gold_loss":0},{"damage_healed":0,"gold_gain":100,"player_choice":"Pray","damage_taken":0,"max_hp_gain":0,"max_hp_loss":0,"event_name":"Golden Shrine","floor":38,"gold_loss":0}],"is_beta":false,"boss_relics":[{"not_picked":["hubris:Stopwatch","SacredBark"],"picked":"hubris:BlackHole"},{"not_picked":["Busted Crown","HoveringKite"],"picked":"Calling Bell"}],"items_purged_floors":[45],"is_endless":false,"potions_floor_spawned":[1,4,6,8,19,23,28,40,44,46,47],"killed_by":"Time Eater","ascension_level":3}}