{"host":"4kmvpqjeiacgn1pr","time":1611691401,"event":{"mods":["AchievementEnabler","BaseMod","Better Altar","Better Match","Better Note","Better Sensory Stone","Better Skull","Better Third Choice","Colored Map","Colored Powertips","Curses Come First","Highlight Path","Minty Spire (QoL Compilation)","Permanent Neow","Rare Cards Sparkle","Replay The Spire","Spicy Shops","StSLib"],"gold_per_floor":[362,379,32,32,51,80,80,80,80,90,119,29,61,61,61,158,158,168,108,125,125,65,65,65],"floor_reached":23,"language":"ENG","playtime":851,"items_purged":["Strike_G"],"score":311,"play_id":"41427f05-21cb-42ff-b810-a96109a086f2","local_time":"20210126150321","is_ascension_mode":true,"campfire_choices":[{"data":"Eviscerate","floor":7,"key":"SMITH"},{"floor":15,"key":"REST"}],"circlet_count":0,"master_deck":["AscendersBane","Strike_G","Strike_G","Strike_G","Defend_G","Defend_G","Survivor","Neutralize","Deadly Poison","Eviscerate+1","Slice+1","Predator+1","Underhanded Strike+1","Quick Slash+1","Riddle With Holes+1","Tools of the Trade","Flying Knee+1","Voices","Replay:Bag of Tricks","Underhanded Strike+1","Deadly Poison","ReplayTheSpireMod:Speed Training","Terror"],"relics":["Ring of the Snake","Molten Egg 2","Pet Ghost","Kunai","Pantograph","Durian","StoneCalendar","Ring of Panic","ReplayTheSpireMod:Ring of Collecting","Black Star","betterThird:NestCultRelic"],"acts_visited":["Exordium","TheCity"],"potions_floor_usage":[5,6,11,23],"damage_taken":[{"damage":0,"enemies":"Cultist","floor":1,"turns":4},{"damage":10,"enemies":"Jaw Worm","floor":2,"turns":4},{"damage":6,"enemies":"Small Slimes","floor":5,"turns":2},{"damage":16,"enemies":"Gremlin Nob","floor":6,"turns":3},{"damage":0,"enemies":"Exordium Thugs","floor":10,"turns":3},{"damage":15,"enemies":"Lagavulin","floor":11,"turns":3},{"damage":20,"enemies":"Gremlin Nob","floor":13,"turns":4},{"damage":41,"enemies":"The Guardian","floor":16,"turns":7},{"damage":10,"enemies":"Shell Parasite","floor":18,"turns":3},{"damage":0,"enemies":"2 Thieves","floor":20,"turns":2},{"damage":45,"enemies":"Book of Stabbing","floor":23,"turns":4}],"seed_played":"5241407878092933151","potions_obtained":[{"floor":2,"key":"Explosive Potion"},{"floor":5,"key":"LiquidMemories"},{"floor":10,"key":"DistilledChaos"},{"floor":20,"key":"Strength Potion"}],"is_trial":false,"path_per_floor":["M","M","$","?","M","E","R","?","T","M","E","$","E","?","R_BF","B",null,"M","?","M","?","?","E"],"character_chosen":"THE_SILENT","items_purchased":["Molten Egg 2","Slice+1","Durian"],"campfire_rested":1,"item_purchase_floors":[3,3,12],"current_hp_per_floor":[63,53,53,53,47,31,31,31,31,31,16,21,1,1,21,5,52,42,42,42,42,42,0,0],"gold":65,"neow_bonus":"TWO_FIFTY_GOLD","is_daily":false,"chose_seed":false,"campfire_upgraded":1,"win_rate":0.0,"timestamp":1611691401,"path_taken":["M","M","$","?","M","E","R","?","T","?","E","?","E","?","R_BF","BOSS","M","?","?","?","?","E"],"items_purchased_type":["Relic","Card","Relic"],"build_version":"2020-12-22","purchased_purges":1,"victory":false,"max_hp_per_floor":[63,63,63,63,63,63,63,63,63,63,63,68,68,68,68,68,68,68,68,68,68,68,68,68],"card_choices":[{"not_picked":["Bane","Flying Knee"],"picked":"Deadly Poison","floor":1},{"not_picked":["Slice","Backflip"],"picked":"Eviscerate","floor":2},{"not_picked":["ReplayTheSpireMod:Shiv Toss","PiercingWail"],"picked":"Predator+1","floor":5},{"not_picked":["Replay:Poison Smokescreen","Night Terror"],"picked":"Underhanded Strike+1","floor":6},{"not_picked":["Quick Slash+1","Flying Knee+1"],"picked":"Riddle With Holes+1","floor":10},{"not_picked":["Deflect","Cloak And Dagger"],"picked":"Tools of the Trade","floor":11},{"not_picked":["Blur","Outmaneuver"],"picked":"Flying Knee+1","floor":13},{"not_picked":["Doppelganger","Night Terror"],"picked":"Replay:Bag of Tricks","floor":16},{"not_picked":["Flechettes+1","ReplayTheSpireMod:Speed Training"],"picked":"Underhanded Strike+1","floor":18},{"not_picked":["Sucker Punch+1","Cloak And Dagger+1"],"picked":"Terror","floor":20}],"player_experience":349490,"relics_obtained":[{"floor":6,"key":"Pet Ghost"},{"floor":9,"key":"Kunai"},{"floor":11,"key":"Pantograph"},{"floor":13,"key":"StoneCalendar"},{"floor":14,"key":"Ring of Panic"},{"floor":14,"key":"ReplayTheSpireMod:Ring of Collecting"}],"event_choices":[{"damage_healed":0,"gold_gain":0,"cards_transformed":["Defend_G"],"player_choice":"Change","damage_taken":0,"max_hp_gain":0,"max_hp_loss":0,"event_name":"Living Wall","floor":8,"gold_loss":0,"cards_obtained":["Quick Slash"]},{"damage_healed":0,"gold_gain":0,"cards_transformed":["Defend_G","Defend_G"],"player_choice":"Transformed Cards","damage_taken":0,"max_hp_gain":0,"max_hp_loss":0,"event_name":"Designer","floor":19,"gold_loss":60,"cards_obtained":["Deadly Poison","ReplayTheSpireMod:Speed Training"]},{"damage_healed":0,"gold_gain":0,"player_choice":"Madness","damage_taken":0,"relics_obtained":["betterThird:NestCultRelic"],"max_hp_gain":0,"max_hp_loss":0,"event_name":"betterThird:BetterNest","floor":21,"gold_loss":0}],"is_beta":false,"boss_relics":[{"not_picked":["Painkiller Herb","ReplayTheSpireMod:DimensionalGlitch"],"picked":"Black Star"}],"items_purged_floors":[3],"is_endless":false,"potions_floor_spawned":[2,5,10,20],"killed_by":"Book of Stabbing","ascension_level":10}}