{"host":"qextccxvj4ykcxai","time":1611690753,"event":{"mods":["100% Spire Juice","2.2 Compatiblity","A Magickal Journey","AchievementEnabler","Aspiration","BaseMod","Better Third Choice","CatGirl Mod","Colored Map","Colored Powertips","DeckTracker","Dio Mod","Duelist Mod","Energized Spire","GifTheSpireLib","Googly Eyes","Halation","Hubris","Infinite Spire","Melee Mod","Mimic Mod","Minty Spire (QoL Compilation)","Random Character Button","Rare Cards Sparkle","Relic Stats","Remilia??????","Replay The Spire","StSLib","Stuff the Spire","The Animator","The Cursed","The Exalted","The Forsaken","The Necromancer","The Poker Player","The Senshi","everything is the same but u backflip on backflip","??????REMEMod"],"gold_per_floor":[117,145,145,159,159,291,291,407,485,625,625,645,380,397,397,525,525,543,63,63,81,95,95,113,113,113,237,112,112,244,244,244,341,341,351,351,370,397,460,460,7,7,7,7,7,7,17,153,153,153,153,153,53,173,173,173],"floor_reached":55,"language":"ENG","playtime":5843,"items_purged":["animator:Strike","animator:Strike","animator:Defend","animator:Defend"],"score":784,"play_id":"e3ebe78d-e729-43f9-a824-69be6183fb96","local_time":"20210126195233","is_ascension_mode":true,"campfire_choices":[{"floor":7.0,"key":"RECALL"},{"data":"animator:MadokaKaname","floor":11.0,"key":"SMITH"},{"data":"animator:Emilia","floor":15.0,"key":"SMITH"},{"data":"animator:Magilou","floor":23.0,"key":"SMITH"},{"data":"animator:Strike","floor":25.0,"key":"SMITH"},{"floor":32.0,"key":"DIG"},{"data":"animator:NarberalGamma","floor":40,"key":"SMITH"},{"data":"animator:NarberalGamma","floor":42,"key":"SMITH"},{"data":"animator:NarberalGamma","floor":44,"key":"SMITH"},{"data":"animator:IrohaTamaki","floor":52,"key":"SMITH"}],"circlet_count":0,"master_deck":["animator:Strike_MadokaMagica","animator:Defend_MadokaMagica","animator:Strike+1","animator:Defend","animator:IrohaTamaki+1","animator:YuiTsuruno","animator:Vesta","animator:MamiTomoe","animator:OrikoMikuni","animator:LimeBell","animator:MadokaKaname+1","animator:HigakiRinne","animator:NarberalGamma+1","animator:IrohaTamaki","animator:Millim+3","animator:Emilia+1","animator:YachiyoNanami","animator:Kyubey","animator:NarberalGamma+1","animator:Magilou+1","animator:OrikoMikuni","animator:Shalltear","animator:YachiyoNanami","Pot Of Greed","Pot Of Greed","Pot Of Greed","animator:NarberalGamma+1","animator:Rimuru","animator:Azekura+1","animator:Albedo+1","animator:UneriGinkaku","animator:PandorasActor+1","animator:Ainz","animator:Ainz","animator:Shuna+1"],"relics":["StuffTheSpire:OccultApparatus","Coffee Dripper","StuffTheSpire:TintedRock","Boot","infinitespire:Golems Mask","Bag of Preparation","Bromod:ArcaneGrace","Bird Faced Urn","Replay:PocketPolymizer","infinitespire:Broken Mirror","Grinning Jar","hubris:Icosahedron","Toxic Egg 2","Replay:Bronze Core","ScarletDevilRocket","WingedGreaves","Ginger","hubris:MedicalManual","theCatGirl:DriedFish","ReplayFunnel"],"acts_visited":["Exordium","TheCity","TheBeyond","TheEnding"],"potions_floor_usage":[39,39,50,55,55],"damage_taken":[{"damage":6.0,"enemies":"Jaw Worm","floor":1.0,"turns":3.0},{"damage":0.0,"enemies":"Cultist","floor":2.0,"turns":4.0},{"damage":11.0,"enemies":"infinitespire:Voidling","floor":4.0,"turns":3.0},{"damage":16.0,"enemies":"3 Sentries","floor":6.0,"turns":8.0},{"damage":37.0,"enemies":"Lagavulin","floor":8.0,"turns":7.0},{"damage":1.0,"enemies":"3 Sentries","floor":10.0,"turns":5.0},{"damage":0.0,"enemies":"Exordium Wildlife","floor":12.0,"turns":2.0},{"damage":0.0,"enemies":"Large Slime","floor":14.0,"turns":3.0},{"damage":41.0,"enemies":"Fading Forest","floor":16.0,"turns":11.0},{"damage":18.0,"enemies":"Shell Parasite","floor":18.0,"turns":5.0},{"damage":0.0,"enemies":"Chosen","floor":21.0,"turns":3.0},{"damage":16.0,"enemies":"Centurion and Healer","floor":22.0,"turns":6.0},{"damage":1.0,"enemies":"Cultist and Chosen","floor":24.0,"turns":5.0},{"damage":1.0,"enemies":"Book of Stabbing","floor":27.0,"turns":5.0},{"damage":33.0,"enemies":"Slavers","floor":30.0,"turns":6.0},{"damage":32.0,"enemies":"StardustCrusaders","floor":33.0,"turns":7.0},{"damage":11,"enemies":"Orb Walker","floor":35,"turns":4},{"damage":2,"enemies":"3 Shapes","floor":37,"turns":3},{"damage":66,"enemies":"2 Orb Walkers","floor":39,"turns":5},{"damage":9,"enemies":"Transient","floor":47,"turns":5},{"damage":19,"enemies":"Nemesis","floor":48,"turns":9},{"damage":73,"enemies":"Awakened One","floor":50,"turns":12},{"damage":61,"enemies":"Shield and Spear","floor":54,"turns":7},{"damage":51,"enemies":"Kars","floor":55,"turns":5}],"seed_played":"2142809037635705178","potions_obtained":[{"floor":2.0,"key":"FearPotion"},{"floor":4.0,"key":"infinitespire:BlackPotion"},{"floor":8.0,"key":"FearPotion"},{"floor":12.0,"key":"AttackPotion"},{"floor":18.0,"key":"Ancient Potion"},{"floor":21.0,"key":"Adrenaline Potion"},{"floor":24.0,"key":"ColorlessPotion"},{"floor":27.0,"key":"EssenceOfSteel"},{"floor":37,"key":"Strength Potion"},{"floor":48,"key":"SteroidPotion"},{"floor":54,"key":"Strength Potion"}],"is_trial":false,"path_per_floor":["M","M","?","M","?","E","R","E","T","E","R","M","$","M","R_BF","B",null,"M","$","?","M","M","R","M","R","T","E","$","?","E","?","R_BF","B",null,"M","?","M","T","?","R","$","R","T","R","?","?","M","E","R_BF","B",null,"R","$","E","B"],"character_chosen":"THE_ANIMATOR","items_purchased":["animator:Millim","animator:Emilia","Bird Faced Urn","animator:Magilou","Ginger","animator:Ainz"],"campfire_rested":0,"item_purchase_floors":[13,13,19,19,41,53],"current_hp_per_floor":[60,60,60,54,54,38,38,10,10,15,15,15,15,16,16,3,68,62,62,62,64,62,62,69,69,69,69,69,69,60,60,60,49,69,64,64,65,65,11,11,11,11,11,11,11,11,61,57,70,31,70,70,70,29,0,0],"gold":173,"neow_bonus":"BOSS_RELIC","is_daily":false,"chose_seed":false,"campfire_upgraded":8,"win_rate":0.0,"timestamp":1611690753,"path_taken":["M","M","?","?","?","E","R","E","T","E","R","?","$","M","R_BF","BOSS","M","$","?","M","M","R","?","R","T","E","$","?","E","?","R_BF","BOSS","M","?","?","?","?","R","$","R","T","R","?","?","M","E","R_BF","BOSS","R","$","E","BOSS"],"items_purchased_type":["Card","Card","Relic","Card","Relic","Card"],"build_version":"2020-12-22","purchased_purges":4,"victory":false,"max_hp_per_floor":[66,66,66,67,67,67,67,67,67,67,67,67,67,68,68,68,68,68,68,68,68,69,69,69,69,69,69,69,69,69,69,69,69,69,69,69,69,69,69,69,69,69,69,69,69,69,69,70,70,70,70,70,70,70,70,70],"relic_stats":{"counters":[24,133],"Bird Faced Urn":[35],"Bag of Preparation":[36],"Ginger":[5],"Boot":[150],"obtain_stats":[{"StuffTheSpire:TintedRock":3,"ReplayFunnel":54,"Bromod:ArcaneGrace":17,"Replay:PocketPolymizer":26,"ScarletDevilRocket":38,"theCatGirl:DriedFish":48,"animator:TheMissingPiece":0,"hubris:MedicalManual":43,"Bag of Preparation":10,"Ginger":41,"Boot":6,"StuffTheSpire:OccultApparatus":29,"hubris:Icosahedron":31,"infinitespire:Broken Mirror":27,"Bird Faced Urn":19,"Replay:Bronze Core":34,"infinitespire:Golems Mask":8,"animator:LivingPicture":0,"WingedGreaves":39,"Coffee Dripper":0,"Grinning Jar":30,"Toxic Egg 2":32},{"StuffTheSpire:TintedRock":2,"ReplayFunnel":23,"Bromod:ArcaneGrace":9,"Replay:PocketPolymizer":13,"ScarletDevilRocket":18,"theCatGirl:DriedFish":21,"animator:TheMissingPiece":0,"hubris:MedicalManual":19,"Bag of Preparation":6,"Ginger":19,"Boot":4,"StuffTheSpire:OccultApparatus":14,"hubris:Icosahedron":15,"infinitespire:Broken Mirror":14,"Bird Faced Urn":10,"Replay:Bronze Core":16,"infinitespire:Golems Mask":5,"animator:LivingPicture":0,"WingedGreaves":19,"Coffee Dripper":0,"Grinning Jar":15,"Toxic Egg 2":15},{"StuffTheSpire:TintedRock":7,"ReplayFunnel":128,"Bromod:ArcaneGrace":46,"Replay:PocketPolymizer":65,"ScarletDevilRocket":90,"theCatGirl:DriedFish":109,"animator:TheMissingPiece":0,"hubris:MedicalManual":95,"Bag of Preparation":30,"Ginger":95,"Boot":18,"StuffTheSpire:OccultApparatus":70,"hubris:Icosahedron":76,"infinitespire:Broken Mirror":70,"Bird Faced Urn":51,"Replay:Bronze Core":83,"infinitespire:Golems Mask":25,"animator:LivingPicture":0,"WingedGreaves":95,"Coffee Dripper":0,"Grinning Jar":76,"Toxic Egg 2":76}]},"card_choices":[{"not_picked":["animator:Arpeggio","animator:Shuna"],"picked":"animator:Vesta","floor":1.0},{"not_picked":["animator:YuiTsuruno","animator:MetalKnight"],"picked":"animator:MamiTomoe","floor":2.0},{"not_picked":["animator:Hakurou","animator:Cocytus"],"picked":"animator:OrikoMikuni","floor":4.0},{"not_picked":["animator:SayakaMiki","animator:KyokoSakura"],"picked":"animator:MadokaKaname","floor":6.0},{"not_picked":["animator:Azekura","animator:Arpeggio"],"picked":"animator:HigakiRinne","floor":8.0},{"not_picked":["animator:Shichika","animator:GazelDwargon"],"picked":"animator:NarberalGamma","floor":10.0},{"not_picked":["animator:TukaLunaMarceau","animator:Viivi"],"picked":"animator:IrohaTamaki","floor":12.0},{"not_picked":["animator:KyokoSakura","animator:SayakaMiki"],"picked":"animator:YachiyoNanami","floor":14.0},{"not_picked":["animator:Albedo","animator:ItamiYouji"],"picked":"animator:Kyubey","floor":16.0},{"not_picked":["animator:Togame","animator:Cocytus"],"picked":"animator:NarberalGamma","floor":18.0},{"not_picked":["animator:AcuraTooru","animator:Azekura+1"],"picked":"animator:OrikoMikuni","floor":21.0},{"not_picked":["animator:Geryuganshoop","animator:Emonzaemon"],"picked":"animator:Shalltear","floor":22.0},{"not_picked":["animator:YuiTsuruno","animator:SuzuneAmano"],"picked":"animator:YachiyoNanami","floor":24.0},{"not_picked":["animator:Emonzaemon+1","animator:Togame+1"],"picked":"animator:Millim","floor":27.0},{"not_picked":["animator:Genos","animator:Cocytus"],"picked":"animator:NarberalGamma","floor":30.0},{"not_picked":["animator:Saitama+1","animator:ItamiYouji"],"picked":"animator:Rimuru","floor":33.0},{"not_picked":["animator:Viivi+1","animator:YaoHaDucy"],"picked":"animator:Azekura+1","floor":35},{"not_picked":["animator:OrikoMikuni+1","animator:YuiTsuruno+1"],"picked":"animator:Millim+1","floor":37},{"not_picked":["animator:Kuribayashi+1","animator:MumenRider"],"picked":"animator:Albedo","floor":39},{"not_picked":["animator:Cocytus+1","animator:Demiurge+1"],"picked":"animator:UneriGinkaku","floor":47},{"not_picked":["animator:Gillette+1","animator:Geryuganshoop+1"],"picked":"animator:PandorasActor+1","floor":48},{"not_picked":["animator:TsurugaMeisai+1","animator:Vesta+1"],"picked":"animator:Shuna+1","floor":54}],"player_experience":664567,"relics_obtained":[{"floor":3.0,"key":"StuffTheSpire:TintedRock"},{"floor":6.0,"key":"Boot"},{"floor":8.0,"key":"infinitespire:Golems Mask"},{"floor":10.0,"key":"Bag of Preparation"},{"floor":26.0,"key":"Replay:PocketPolymizer"},{"floor":27.0,"key":"infinitespire:Broken Mirror"},{"floor":30.0,"key":"Grinning Jar"},{"floor":32.0,"key":"Toxic Egg 2"},{"floor":38,"key":"ScarletDevilRocket"},{"floor":39,"key":"WingedGreaves"},{"floor":43,"key":"hubris:MedicalManual"},{"floor":48,"key":"theCatGirl:DriedFish"},{"floor":54,"key":"ReplayFunnel"}],"event_choices":[{"damage_healed":0.0,"max_hp_gain":0.0,"max_hp_loss":0.0,"gold_gain":0.0,"event_name":"Wheel of Change","player_choice":"Relic","floor":3.0,"gold_loss":0.0,"damage_taken":0.0},{"damage_healed":0.0,"max_hp_gain":0.0,"max_hp_loss":0.0,"gold_gain":0.0,"event_name":"Match and Keep!","player_choice":"1 cards matched","floor":5.0,"gold_loss":0.0,"damage_taken":0.0,"cards_obtained":["animator:LimeBell"]},{"damage_healed":0.0,"max_hp_gain":0.0,"max_hp_loss":0.0,"gold_gain":0.0,"event_name":"NoteForYourself","player_choice":"Ignored","floor":20.0,"gold_loss":0.0,"damage_taken":0.0},{"damage_healed":0,"gold_gain":0,"player_choice":"Bought 0 Potions","damage_taken":0,"max_hp_gain":0,"max_hp_loss":0,"event_name":"The Woman in Blue","floor":36,"gold_loss":0},{"damage_healed":0,"gold_gain":0,"player_choice":"Fight","damage_taken":0,"max_hp_gain":0,"max_hp_loss":0,"event_name":"Mysterious Sphere","floor":39,"gold_loss":0}],"is_beta":false,"boss_relics":[{"not_picked":["ReplayTheSpireMod:DimensionalGlitch","halation:LoveArrow"],"picked":"Bromod:ArcaneGrace"},{"not_picked":["animator:CursedBlade","aspiration:RunicSpoon"],"picked":"Replay:Bronze Core"}],"items_purged_floors":[13,19,28,41],"is_endless":false,"potions_floor_spawned":[2,4,8,12,18,21,24,27,37,48,54],"killed_by":"Kars","ascension_level":1}}