{"host":"qekv59dthhdg54sz","time":1611669688,"event":{"mods":["AchievementEnabler","BaseMod","Colored Map","DeckTracker","KOR Keyword Fix","Minty Spire (QoL Compilation)","Rare Cards Sparkle","StSLib","SuperFastMode"],"gold_per_floor":[10,24,37,37,57,57,67,67,148,148,182,107,118,147,147,225,225,243,243,259,83,102,102,116,41,41,41,41,57,57,92,92,168,168,182,182,37,49,0,0,35,48,48,48,65,65,65,82,82,82],"floor_reached":51,"language":"KOR","playtime":1399,"items_purged":["Strike_R","Strike_R"],"score":1522,"play_id":"f17af01b-f17d-4421-aad8-f6a15a6016b6","local_time":"20210126230128","is_ascension_mode":true,"campfire_choices":[{"data":"Barricade","floor":6.0,"key":"SMITH"},{"data":"Fire Breathing","floor":8.0,"key":"SMITH"},{"data":"Pommel Strike","floor":10.0,"key":"SMITH"},{"data":"Battle Trance","floor":15.0,"key":"SMITH"},{"data":"Entrench","floor":23.0,"key":"SMITH"},{"data":"Second Wind","floor":27.0,"key":"SMITH"},{"data":"Feel No Pain","floor":30.0,"key":"SMITH"},{"data":"Body Slam","floor":32.0,"key":"SMITH"},{"data":"Dark Embrace","floor":40.0,"key":"SMITH"},{"data":"Dual Wield","floor":49,"key":"SMITH"}],"circlet_count":0,"master_deck":["AscendersBane","Strike_R","Defend_R","Defend_R","Defend_R","Bash","Twin Strike","Fire Breathing+1","Pommel Strike+1","Barricade+1","Flame Barrier","Power Through","Battle Trance+1","Immolate","Second Wind+1","Body Slam+1","Feel No Pain+1","Entrench+1","Writhe","Dual Wield+1","Dark Embrace+1"],"relics":["Burning Blood","Eternal Feather","FossilizedHelix","Juzu Bracelet","SacredBark","Paper Frog","Pear","Lantern","Cursed Key","Bag of Preparation","Red Mask","Centennial Puzzle"],"acts_visited":["Exordium","TheCity","TheBeyond"],"potions_floor_usage":[50,50],"damage_taken":[{"damage":6.0,"enemies":"2 Louse","floor":1.0,"turns":4.0},{"damage":6.0,"enemies":"Cultist","floor":2.0,"turns":3.0},{"damage":2.0,"enemies":"Jaw Worm","floor":3.0,"turns":3.0},{"damage":36.0,"enemies":"Large Slime","floor":5.0,"turns":8.0},{"damage":2.0,"enemies":"2 Fungi Beasts","floor":7.0,"turns":3.0},{"damage":20.0,"enemies":"3 Sentries","floor":11.0,"turns":5.0},{"damage":14.0,"enemies":"Blue Slaver","floor":13.0,"turns":4.0},{"damage":0.0,"enemies":"Lagavulin","floor":14.0,"turns":9.0},{"damage":12.0,"enemies":"Hexaghost","floor":16.0,"turns":12.0},{"damage":11.0,"enemies":"2 Thieves","floor":18.0,"turns":4.0},{"damage":23.0,"enemies":"Spheric Guardian","floor":20.0,"turns":11.0},{"damage":25.0,"enemies":"Snecko","floor":22.0,"turns":6.0},{"damage":28.0,"enemies":"Sentry and Sphere","floor":24.0,"turns":7.0},{"damage":16.0,"enemies":"Cultist and Chosen","floor":29.0,"turns":5.0},{"damage":2.0,"enemies":"Book of Stabbing","floor":31.0,"turns":7.0},{"damage":0.0,"enemies":"Champ","floor":33.0,"turns":10.0},{"damage":10.0,"enemies":"Orb Walker","floor":35.0,"turns":6.0},{"damage":30.0,"enemies":"3 Darklings","floor":38.0,"turns":9.0},{"damage":11.0,"enemies":"Giant Head","floor":41.0,"turns":11.0},{"damage":0.0,"enemies":"Writhing Mass","floor":42.0,"turns":9.0},{"damage":28,"enemies":"Transient","floor":45,"turns":5},{"damage":0,"enemies":"Spire Growth","floor":48,"turns":4},{"damage":0,"enemies":"Donu and Deca","floor":50,"turns":7}],"seed_played":"2721551369763752222","potions_obtained":[{"floor":2.0,"key":"BloodPotion"},{"floor":5.0,"key":"Ancient Potion"},{"floor":7.0,"key":"Regen Potion"},{"floor":13.0,"key":"PowerPotion"},{"floor":20.0,"key":"ColorlessPotion"},{"floor":24.0,"key":"LiquidMemories"},{"floor":29.0,"key":"Dexterity Potion"},{"floor":45,"key":"Block Potion"}],"is_trial":false,"path_per_floor":["M","M","M","?","M","R","M","R","T","R","E","$","M","E","R","B",null,"M","?","M","$","M","R","M","?","T","R","?","M","R","E","R","B",null,"M","?","$","M","?","R","E","M","T","?","M","$","?","M","R","B",null],"character_chosen":"IRONCLAD","items_purchased":["Feel No Pain","Bag of Preparation"],"campfire_rested":0,"item_purchase_floors":[21,37],"current_hp_per_floor":[82,82,86,86,56,56,60,60,60,69,55,55,47,53,62,56,81,76,76,59,59,75,87,65,65,65,74,84,74,86,90,99,99,99,95,94,94,70,70,82,77,83,83,83,61,61,61,67,79,85],"gold":82,"neow_bonus":"TWENTY_PERCENT_HP_BONUS","is_daily":false,"chose_seed":false,"campfire_upgraded":10,"win_rate":0.0,"timestamp":1611669688,"path_taken":["M","M","M","?","M","R","M","R","T","R","E","$","?","E","R","BOSS","M","?","M","$","M","R","M","?","T","R","?","M","R","E","R","BOSS","M","?","$","M","?","R","E","M","T","?","M","$","?","M","R","BOSS"],"items_purchased_type":["Card","Relic"],"build_version":"2020-12-22","purchased_purges":2,"victory":true,"max_hp_per_floor":[89,89,89,89,89,89,89,89,89,89,89,89,89,89,89,89,89,89,89,89,89,89,89,89,89,89,89,99,99,99,99,99,99,99,99,94,94,94,94,94,94,94,94,94,94,94,94,94,94,94],"card_choices":[{"not_picked":["Anger","Disarm"],"picked":"Twin Strike","floor":1.0},{"not_picked":["Hemokinesis","Flex"],"picked":"Fire Breathing","floor":2.0},{"not_picked":["Clash","Havoc"],"picked":"Pommel Strike","floor":3.0},{"not_picked":["True Grit","Wild Strike"],"picked":"Barricade","floor":5.0},{"not_picked":["Twin Strike","Spot Weakness"],"picked":"Flame Barrier","floor":7.0},{"not_picked":["Iron Wave","Cleave","Sword Boomerang"],"picked":"SKIP","floor":11.0},{"not_picked":["Metallicize","Rupture"],"picked":"Power Through","floor":13.0},{"not_picked":["Shrug It Off","Flame Barrier"],"picked":"Battle Trance","floor":14.0},{"not_picked":["Exhume","Double Tap"],"picked":"Immolate","floor":16.0},{"not_picked":["Wild Strike","Flex"],"picked":"Second Wind","floor":18.0},{"not_picked":["Cleave","Warcry+1"],"picked":"Body Slam","floor":20.0},{"not_picked":["Body Slam","Blood for Blood"],"picked":"Entrench","floor":22.0},{"not_picked":["Body Slam","Sever Soul","Anger"],"picked":"SKIP","floor":24.0},{"not_picked":["Twin Strike+1","Clothesline","Body Slam"],"picked":"SKIP","floor":29.0},{"not_picked":["Demon Form","Flame Barrier"],"picked":"Dual Wield","floor":31.0},{"not_picked":["Anger+1","Rupture+1","Rage+1"],"picked":"SKIP","floor":35.0},{"not_picked":["Flex+1","Pommel Strike"],"picked":"Dark Embrace","floor":38.0},{"not_picked":["Headbutt+1","Feel No Pain","Double Tap"],"picked":"SKIP","floor":41.0},{"not_picked":["Clash","Anger","Ghostly Armor"],"picked":"SKIP","floor":42.0},{"not_picked":["Uppercut","Carnage","Rampage"],"picked":"SKIP","floor":45},{"not_picked":["Iron Wave","Flex","Thunderclap+1"],"picked":"SKIP","floor":48}],"player_experience":854977,"relics_obtained":[{"floor":9.0,"key":"Eternal Feather"},{"floor":11.0,"key":"FossilizedHelix"},{"floor":14.0,"key":"Juzu Bracelet"},{"floor":26.0,"key":"Paper Frog"},{"floor":31.0,"key":"Lantern"},{"floor":41.0,"key":"Centennial Puzzle"}],"event_choices":[{"cards_removed":["Strike_R"],"damage_healed":0.0,"max_hp_gain":0.0,"max_hp_loss":0.0,"gold_gain":0.0,"event_name":"Purifier","player_choice":"Purged","floor":4.0,"gold_loss":0.0,"damage_taken":0.0},{"damage_healed":0.0,"max_hp_gain":0.0,"max_hp_loss":0.0,"gold_gain":0.0,"event_name":"Cursed Tome","player_choice":"Ignored","floor":19.0,"gold_loss":0.0,"damage_taken":0.0},{"cards_removed":["Strike_R"],"damage_healed":0.0,"max_hp_gain":0.0,"max_hp_loss":0.0,"gold_gain":0.0,"event_name":"Beggar","player_choice":"Gave Gold","floor":25.0,"gold_loss":75.0,"damage_taken":0.0},{"damage_healed":0.0,"max_hp_gain":0.0,"max_hp_loss":0.0,"gold_gain":0.0,"event_name":"The Mausoleum","player_choice":"Opened","floor":28.0,"gold_loss":0.0,"damage_taken":0.0,"relics_obtained":["Pear"],"cards_obtained":["Writhe"]},{"damage_healed":0.0,"max_hp_gain":0.0,"max_hp_loss":5.0,"gold_gain":0.0,"event_name":"Winding Halls","player_choice":"Max HP","floor":36.0,"gold_loss":0.0,"damage_taken":0.0},{"damage_healed":0.0,"max_hp_gain":0.0,"max_hp_loss":0.0,"gold_gain":0.0,"event_name":"Tomb of Lord Red Mask","player_choice":"Paid","floor":39.0,"gold_loss":49.0,"damage_taken":0.0,"relics_obtained":["Red Mask"]},{"damage_healed":0,"gold_gain":0,"player_choice":"Ignored","damage_taken":0,"max_hp_gain":0,"max_hp_loss":0,"event_name":"Mysterious Sphere","floor":44,"gold_loss":0},{"cards_removed":["Defend_R"],"damage_healed":0,"gold_gain":0,"player_choice":"Removed Skill","damage_taken":0,"max_hp_gain":0,"max_hp_loss":0,"event_name":"Falling","floor":47,"gold_loss":0}],"is_beta":false,"boss_relics":[{"not_picked":["Runic Dome","Philosopher\u0027s Stone"],"picked":"SacredBark"},{"not_picked":["Pandora\u0027s Box","Fusion Hammer"],"picked":"Cursed Key"}],"items_purged_floors":[12,21],"is_endless":false,"potions_floor_spawned":[2,5,7,13,14,20,24,29,38,45,48],"ascension_level":14}}