{"host":"a1eatafr7pisesky","time":1611667416,"event":{"mods":["AchievementEnabler","BaseMod","Colored Map","Keyboard Shortcuts","Minty Spire (QoL Compilation)","Say the Spire","StSLib","SuperFastMode","everything is the same but u backflip on backflip"],"gold_per_floor":[114,114,114,114,130,130,163,175,175,175,30,57,69,69,69,165,165,178,178,178,194,194,194,227,79,79,107,107,122,141,160,160,255,255,267,267,142,160,160,160,6,38,63,98,109,123,154,154,154,154,154,154,20,51,51,51],"floor_reached":55,"language":"KOR","playtime":1839,"items_purged":["Strike_B","Defend_B","Defend_B"],"score":1242,"play_id":"8150c7eb-8aed-4231-a65a-af2d1c9acc63","local_time":"20210126222336","is_ascension_mode":true,"campfire_choices":[{"data":"Zap","floor":6.0,"key":"SMITH"},{"data":"Self Repair","floor":10.0,"key":"SMITH"},{"data":"Defragment","floor":15.0,"key":"SMITH"},{"data":"Echo Form","floor":23.0,"key":"SMITH"},{"data":"Capacitor","floor":28.0,"key":"SMITH"},{"data":"Buffer","floor":32.0,"key":"SMITH"},{"floor":40.0,"key":"REST"},{"floor":49.0,"key":"RECALL"},{"data":"Turbo","floor":52.0,"key":"SMITH"}],"circlet_count":0,"master_deck":["AscendersBane","Defend_B","Zap+1","Dualcast+1","Defragment+1","Doom and Gloom","Self Repair+1","Self Repair","Defragment+1","Core Surge","Echo Form+1","Glacier+1","Stack+1","Blizzard+1","Cold Snap","Capacitor+1","Hologram","Turbo+1","Ball Lightning+1","Buffer+1","Rainbow","Storm+1","Leap+1","Aggregate+1","Ball Lightning+1","Heatsinks"],"relics":["Cracked Core","NeowsBlessing","Mercury Hourglass","Bag of Marbles","Oddly Smooth Stone","PreservedInsect","Astrolabe","Regal Pillow","Dream Catcher","Molten Egg 2","Runic Pyramid","Bag of Preparation","Meat on the Bone","Akabeko","Cables","Anchor","Bronze Scales"],"acts_visited":["Exordium","TheCity","TheBeyond","TheEnding"],"potions_floor_usage":[55],"damage_taken":[{"damage":0.0,"enemies":"Jaw Worm","floor":1.0,"turns":1.0},{"damage":0.0,"enemies":"Small Slimes","floor":5.0,"turns":1.0},{"damage":0.0,"enemies":"Lagavulin","floor":7.0,"turns":1.0},{"damage":3.0,"enemies":"2 Louse","floor":8.0,"turns":2.0},{"damage":24.0,"enemies":"3 Sentries","floor":12.0,"turns":4.0},{"damage":14.0,"enemies":"Red Slaver","floor":13.0,"turns":2.0},{"damage":32.0,"enemies":"Hexaghost","floor":16.0,"turns":9.0},{"damage":44.0,"enemies":"2 Thieves","floor":18.0,"turns":4.0},{"damage":0.0,"enemies":"Spheric Guardian","floor":21.0,"turns":5.0},{"damage":37.0,"enemies":"Book of Stabbing","floor":24.0,"turns":7.0},{"damage":39.0,"enemies":"Slavers","floor":27.0,"turns":4.0},{"damage":27.0,"enemies":"Centurion and Healer","floor":29.0,"turns":6.0},{"damage":22.0,"enemies":"Sentry and Sphere","floor":30.0,"turns":5.0},{"damage":6.0,"enemies":"3 Cultists","floor":31.0,"turns":5.0},{"damage":18.0,"enemies":"Collector","floor":33.0,"turns":11.0},{"damage":10.0,"enemies":"Orb Walker","floor":35.0,"turns":4.0},{"damage":51.0,"enemies":"3 Darklings","floor":38.0,"turns":7.0},{"damage":5.0,"enemies":"Giant Head","floor":42.0,"turns":7.0},{"damage":13.0,"enemies":"Nemesis","floor":44.0,"turns":7.0},{"damage":16.0,"enemies":"Writhing Mass","floor":45.0,"turns":5.0},{"damage":26.0,"enemies":"4 Shapes","floor":46.0,"turns":3.0},{"damage":0.0,"enemies":"Giant Head","floor":47.0,"turns":7.0},{"damage":45.0,"enemies":"Awakened One","floor":50.0,"turns":14.0},{"damage":54.0,"enemies":"Shield and Spear","floor":54.0,"turns":6.0},{"damage":44,"enemies":"The Heart","floor":55,"turns":5}],"seed_played":"-4450718500047178492","potions_obtained":[{"floor":7.0,"key":"Strength Potion"},{"floor":12.0,"key":"Explosive Potion"},{"floor":13.0,"key":"BlessingOfTheForge"},{"floor":38.0,"key":"Swift Potion"},{"floor":44.0,"key":"DistilledChaos"},{"floor":46.0,"key":"LiquidMemories"}],"is_trial":false,"path_per_floor":["M","?","?","?","M","R","E","M","T","R","$","E","M","$","R","B",null,"M","?","?","M","?","R","E","$","T","E","R","M","M","M","R","B",null,"M","?","$","M","?","R","$","E","T","E","M","M","E","?","R","B",null,"R","$","E","B"],"character_chosen":"DEFECT","items_purchased":["Defragment","PowerPotion","Bag of Preparation","Heatsinks","Swift Potion"],"campfire_rested":1,"item_purchase_floors":[11,25,41,53,53],"current_hp_per_floor":[68,53,41,41,41,41,41,45,45,45,45,38,41,41,41,26,63,36,36,36,70,70,70,57,57,57,52,52,42,37,48,48,47,68,75,75,75,41,41,75,75,75,75,75,66,50,74,71,71,55,67,67,67,42,0,0],"gold":51,"neow_bonus":"THREE_ENEMY_KILL","is_daily":false,"chose_seed":false,"campfire_upgraded":7,"win_rate":0.0,"timestamp":1611667416,"path_taken":["M","?","?","?","?","R","E","M","T","R","?","E","M","$","R","BOSS","M","?","?","M","?","R","E","$","T","E","R","?","M","?","R","BOSS","M","?","$","M","?","R","$","E","T","E","M","M","E","?","R","BOSS","R","$","E","BOSS"],"items_purchased_type":["Card","Potion","Relic","Card","Potion"],"build_version":"2020-12-22","purchased_purges":3,"victory":false,"max_hp_per_floor":[75,75,75,75,75,75,75,75,75,75,75,75,75,75,75,75,75,75,75,75,75,75,75,75,75,75,75,75,75,75,75,75,75,75,75,75,75,75,75,75,75,75,75,75,75,75,75,71,71,71,71,71,71,71,71,71],"card_choices":[{"not_picked":["Cold Snap","Hello World"],"picked":"Defragment","floor":1.0},{"not_picked":["White Noise","Compile Driver"],"picked":"Doom and Gloom","floor":5.0},{"not_picked":["Streamline","Reinforced Body"],"picked":"Self Repair","floor":7.0},{"not_picked":["Doom and Gloom","Barrage"],"picked":"Self Repair","floor":8.0},{"not_picked":["Conserve Battery","White Noise"],"picked":"Core Surge","floor":12.0},{"not_picked":["Steam","Aggregate"],"picked":"Sweeping Beam","floor":13.0},{"not_picked":["Machine Learning","All For One"],"picked":"Echo Form","floor":16.0},{"not_picked":["Gash","Streamline"],"picked":"Cold Snap","floor":18.0},{"not_picked":["Beam Cell","Machine Learning"],"picked":"Hologram","floor":21.0},{"not_picked":["Streamline","Conserve Battery"],"picked":"Turbo","floor":24.0},{"not_picked":["Cold Snap+1","Coolheaded+1"],"picked":"Ball Lightning+1","floor":27.0},{"not_picked":["Leap","Auto Shields+1","Coolheaded"],"picked":"SKIP","floor":29.0},{"not_picked":["Turbo","Barrage+1","Beam Cell+1"],"picked":"SKIP","floor":30.0},{"not_picked":["Hologram","Auto Shields"],"picked":"Buffer","floor":31.0},{"not_picked":["Hyperbeam+1","Core Surge+1"],"picked":"Rainbow","floor":33.0},{"not_picked":["Hologram","Ball Lightning+1","Chaos+1"],"picked":"SKIP","floor":35.0},{"not_picked":["Undo","Gash+1"],"picked":"Storm+1","floor":38.0},{"not_picked":["Beam Cell+1","Steam+1"],"picked":"Leap+1","floor":40.0},{"not_picked":["Stack","Turbo","Rainbow"],"picked":"SKIP","floor":42.0},{"not_picked":["Compile Driver+1","Chaos+1","Stack+1"],"picked":"SKIP","floor":44.0},{"not_picked":["Redo","Tempest","Conserve Battery"],"picked":"SKIP","floor":45.0},{"not_picked":["Stack+1","Sweeping Beam+1"],"picked":"Aggregate+1","floor":46.0},{"not_picked":["Rip and Tear+1","Steam+1"],"picked":"Ball Lightning+1","floor":47.0},{"not_picked":["Sweeping Beam+1","Steam+1","Self Repair"],"picked":"SKIP","floor":54.0}],"player_experience":360894,"relics_obtained":[{"floor":7.0,"key":"Bag of Marbles"},{"floor":9.0,"key":"Oddly Smooth Stone"},{"floor":12.0,"key":"PreservedInsect"},{"floor":24.0,"key":"Dream Catcher"},{"floor":27.0,"key":"Molten Egg 2"},{"floor":42.0,"key":"Meat on the Bone"},{"floor":43.0,"key":"Akabeko"},{"floor":44.0,"key":"Cables"},{"floor":47.0,"key":"Anchor"},{"floor":54.0,"key":"Bronze Scales"}],"event_choices":[{"damage_healed":0.0,"max_hp_gain":0.0,"max_hp_loss":0.0,"gold_gain":0.0,"event_name":"Shining Light","player_choice":"Entered Light","floor":2.0,"gold_loss":0.0,"damage_taken":15.0,"cards_upgraded":["Defragment","Dualcast"]},{"damage_healed":0.0,"max_hp_gain":0.0,"max_hp_loss":0.0,"gold_gain":0.0,"event_name":"Scrap Ooze","player_choice":"Success","floor":3.0,"gold_loss":0.0,"damage_taken":12.0,"relics_obtained":["Mercury Hourglass"]},{"cards_removed":["Strike_B"],"damage_healed":0.0,"max_hp_gain":0.0,"max_hp_loss":0.0,"gold_gain":0.0,"event_name":"Bonfire Elementals","player_choice":"Offered Basic","floor":4.0,"gold_loss":0.0,"damage_taken":0.0},{"damage_healed":0.0,"max_hp_gain":0.0,"max_hp_loss":0.0,"gold_gain":0.0,"event_name":"The Library","player_choice":"Read","floor":19.0,"gold_loss":0.0,"damage_taken":0.0,"cards_obtained":["Capacitor"]},{"damage_healed":0.0,"max_hp_gain":0.0,"max_hp_loss":0.0,"gold_gain":0.0,"event_name":"Cursed Tome","player_choice":"Ignored","floor":20.0,"gold_loss":0.0,"damage_taken":0.0},{"cards_removed":["Sweeping Beam"],"damage_healed":0.0,"max_hp_gain":0.0,"max_hp_loss":0.0,"gold_gain":0.0,"event_name":"WeMeetAgain","player_choice":"Gave Card","floor":22.0,"gold_loss":0.0,"damage_taken":0.0,"relics_obtained":["Regal Pillow"]},{"damage_healed":0.0,"max_hp_gain":0.0,"max_hp_loss":0.0,"gold_gain":0.0,"event_name":"Tomb of Lord Red Mask","player_choice":"Ignored","floor":36.0,"gold_loss":0.0,"damage_taken":0.0},{"damage_healed":0.0,"max_hp_gain":0.0,"max_hp_loss":0.0,"gold_gain":0.0,"event_name":"Mysterious Sphere","player_choice":"Ignored","floor":39.0,"gold_loss":0.0,"damage_taken":0.0},{"damage_healed":0.0,"max_hp_gain":0.0,"max_hp_loss":4.0,"gold_gain":0.0,"event_name":"Winding Halls","player_choice":"Max HP","floor":48.0,"gold_loss":0.0,"damage_taken":0.0}],"is_beta":false,"boss_relics":[{"not_picked":["Ectoplasm","Philosopher\u0027s Stone"],"picked":"Astrolabe"},{"not_picked":["Pandora\u0027s Box","Black Star"],"picked":"Runic Pyramid"}],"items_purged_floors":[11,25,37],"is_endless":false,"potions_floor_spawned":[7,12,13,21,29,30,38,44,46,47],"killed_by":"The Heart","ascension_level":11}}