{"host":"45gjn1i9lq2ky2i9","time":1611668505,"event":{"mods":["2.2 Compatiblity","Act Like it!","Aspiration","BaseMod","Beaked The Cultist","Better Altar","Better Match","Better Note","Better Sensory Stone","Better Skull","Better Third Choice","Better Vampires","Conspire","Downfall","Halation","Hubris","Infinite Spire","Jedi Mod","Lobotomy","LobotomyExtend","Minty Spire (QoL Compilation)","Pale of the Ancients","Permanent Neow","Shop Mod","Spikes Relics","StSLib","The Runesmith","The Wild Card"],"gold_per_floor":[99,116,131,143,163,163,241,72,105,105,121,21,31,48,67,166,166,166,166,166,180,191,228,228,213,230,245,245,245,265,276,295,390,390,390,403,403,414,426,446,446,460,460,460,460,460],"floor_reached":45,"language":"RUS","playtime":2184,"items_purged":["Parasite"],"score":494,"play_id":"1951b0a9-a26f-4f8f-b896-cfc34568e2fd","local_time":"20210126214145","is_ascension_mode":true,"campfire_choices":[{"data":"bronze:Replicate","floor":1,"key":"SMITH"},{"floor":12,"key":"REST"},{"data":"bronze:Spike","floor":18,"key":"SMITH"},{"floor":29,"key":"REST"},{"data":"bronze:Boost","floor":35,"key":"SMITH"},{"floor":44,"key":"REST"}],"circlet_count":0,"master_deck":["bronze:Strike","bronze:Strike","bronze:Strike","bronze:Defend","bronze:Defend","bronze:Defend","bronze:Defend","bronze:Replicate+1","bronze:Goto","Dark Shackles","bronze:Iterate","bronze:Optimize","bronze:Frontload","bronze:Spike+1","bronze:Explode","bronze:DelayedSlice","bronze:Repair","bronze:Constructor","bronze:Shell","bronze:DigitalCarnage","bronze:AlphaBuild+1","bronze:Separator","bronze:CloningBeam","bronze:Constructor","bronze:Terminator","bronze:Boost+1","bronze:Repulsor","bronze:Repair","bronze:Mutator","bronze:FineTuning+1","bronze:Format"],"relics":["ToxicTincture","Paper Crane","aspiration:PoetsPen_weak","Juzu Bracelet","Cauldron","jedi:matchstick","champ:BerserkersGuideToSlaughter","sneckomod:BabySnecko","hubris:HollowSoul","OrangePellets","Du-Vu Doll","Guardian:ModeShifter","infinitespire:Chaos"],"acts_visited":["Exordium","TheCity","TheBeyond"],"potions_floor_usage":[16,23],"damage_taken":[{"damage":0,"enemies":"Cultist","floor":2,"turns":4},{"damage":0,"enemies":"Small Slimes","floor":3,"turns":3},{"damage":0,"enemies":"2 Louse","floor":4,"turns":3},{"damage":7,"enemies":"Blue Slaver","floor":5,"turns":4},{"damage":0,"enemies":"downfall:FleeingMerchant","floor":8,"turns":4},{"damage":10,"enemies":"Lagavulin","floor":9,"turns":6},{"damage":16,"enemies":"Lagavulin","floor":10,"turns":6},{"damage":0,"enemies":"Large Slime","floor":11,"turns":4},{"damage":2,"enemies":"Lots of Slimes","floor":13,"turns":2},{"damage":0,"enemies":"2 Fungi Beasts","floor":14,"turns":4},{"damage":0,"enemies":"Red Slaver","floor":15,"turns":5},{"damage":9,"enemies":"WA_ARCHETYPE_RETAIN","floor":16,"turns":5},{"damage":6,"enemies":"3 Byrds","floor":21,"turns":2},{"damage":0,"enemies":"Chosen","floor":22,"turns":4},{"damage":27,"enemies":"Book of Stabbing","floor":23,"turns":4},{"damage":9,"enemies":"downfall:FleeingMerchant","floor":25,"turns":4},{"damage":0,"enemies":"Centurion and Healer","floor":26,"turns":5},{"damage":24,"enemies":"Chosen and Byrds","floor":27,"turns":11},{"damage":17,"enemies":"Snecko","floor":30,"turns":3},{"damage":0,"enemies":"Snake Plant","floor":31,"turns":1},{"damage":0,"enemies":"Centurion and Healer","floor":32,"turns":2},{"damage":45,"enemies":"IC_MUSHROOM_ARCHETYPE","floor":33,"turns":7},{"damage":0,"enemies":"3 Shapes","floor":36,"turns":2},{"damage":0,"enemies":"3 Darklings","floor":38,"turns":7},{"damage":27,"enemies":"Writhing Mass","floor":39,"turns":5},{"damage":38,"enemies":"Spire Growth","floor":40,"turns":5},{"damage":9,"enemies":"3 Darklings","floor":42,"turns":3},{"damage":44,"enemies":"Giant Head","floor":45,"turns":7}],"seed_played":"-2186765610033472102","potions_obtained":[{"floor":2,"key":"EssenceOfSteel"},{"floor":5,"key":"PowerPotion"},{"floor":9,"key":"Guardian:BlockOnCardUsePotion"},{"floor":13,"key":"FearPotion"},{"floor":15,"key":"infinitespire:BlackPotion"},{"floor":21,"key":"SpeedPotion"},{"floor":27,"key":"bronze:FreeFunctionsPotion"},{"floor":30,"key":"PowerPotion"},{"floor":43,"key":"ColorlessPotion"},{"floor":43,"key":"Swift Potion"}],"is_trial":false,"path_per_floor":["R","M","M","M","M","?","T","$","E","?","M","R","M","M","M","B",null,"R","?","?","M","M","E","T","$","M","M","AVR","R","M","M","M","B",null,"R","M","?","M","M","M","T","M","AVR","R","E"],"character_chosen":"THE_AUTOMATON","items_purchased":["Vajra"],"campfire_rested":3,"item_purchase_floors":[8],"current_hp_per_floor":[70,70,70,70,63,63,63,63,53,37,37,58,56,63,70,61,70,70,70,70,69,70,43,43,44,51,34,34,55,48,48,48,3,70,70,70,70,70,45,28,28,33,33,53,19,19],"gold":460,"neow_bonus":"RANDOM_COLORLESS","is_daily":false,"chose_seed":false,"campfire_upgraded":3,"win_rate":0.0,"timestamp":1611668505,"path_taken":["R","M","M","?","M","?","T","$","E","?","M","R","M","M","M","BOSS","R","?","?","M","M","E","T","?","M","M","AVR","R","M","?","M","BOSS","R","?","?","M","?","M","T","M","AVR","R","E"],"items_purchased_type":["Relic"],"build_version":"2020-12-22","purchased_purges":1,"victory":false,"max_hp_per_floor":[70,70,70,70,70,70,70,70,70,70,70,70,70,70,70,70,70,70,70,70,70,70,70,70,70,70,70,70,70,70,70,70,70,70,70,70,70,70,70,70,70,70,67,67,67,67],"card_choices":[{"not_picked":["jedi:forcepush","Mind Blast"],"picked":"Dark Shackles","floor":0},{"not_picked":["bronze:WildBeam","bronze:Frontload"],"picked":"bronze:Iterate","floor":2},{"not_picked":["bronze:Overload","bronze:DelayedGuard","bronze:Turbo"],"picked":"SKIP","floor":3},{"not_picked":["bronze:Overload","bronze:ForceShield","bronze:Turbo"],"picked":"SKIP","floor":4},{"not_picked":["bronze:ForceShield","bronze:DelayedGuard"],"picked":"bronze:Optimize","floor":5},{"not_picked":["bronze:BitShift","bronze:Turbo"],"picked":"bronze:Frontload","floor":8},{"not_picked":["bronze:Branch","bronze:ClassDefault","bronze:Optimize"],"picked":"SKIP","floor":9},{"not_picked":[],"picked":"bronze:Spike","floor":10},{"not_picked":[],"picked":"bronze:Explode","floor":10},{"not_picked":["bronze:Overheat","bronze:Turbo"],"picked":"bronze:DelayedSlice","floor":10},{"not_picked":["bronze:Verify","bronze:Separator"],"picked":"bronze:Repair","floor":11},{"not_picked":["bronze:Turbo","bronze:Deprecate"],"picked":"bronze:Constructor","floor":13},{"not_picked":["bronze:Turbo","bronze:ItsAFeature"],"picked":"bronze:Shell","floor":14},{"not_picked":["bronze:BuggyMess","bronze:FollowUp"],"picked":"bronze:DigitalCarnage","floor":15},{"not_picked":["bronze:Verify","bronze:BurnOut"],"picked":"bronze:AlphaBuild","floor":16},{"not_picked":["bronze:Overheat+1","bronze:OilSpill"],"picked":"bronze:Separator","floor":21},{"not_picked":["bronze:Allocate+1","bronze:Overheat"],"picked":"bronze:CloningBeam","floor":22},{"not_picked":["bronze:Mutator","bronze:Branch"],"picked":"bronze:Constructor","floor":23},{"not_picked":["bronze:Turbo","bronze:Overheat"],"picked":"bronze:Terminator","floor":25},{"not_picked":["bronze:CleanCode","bronze:Turbo","bronze:Overheat+1"],"picked":"SKIP","floor":26},{"not_picked":["bronze:Optimize","bronze:Invalidate","bronze:ForLoop+1"],"picked":"SKIP","floor":27},{"not_picked":["bronze:Branch","bronze:CutThrough"],"picked":"bronze:Boost","floor":30},{"not_picked":["bronze:Constructor","bronze:OilSpill"],"picked":"bronze:Repulsor","floor":31},{"not_picked":["bronze:Separator","bronze:ChosenStrike"],"picked":"bronze:Repair","floor":32},{"not_picked":["bronze:CleanCode","bronze:ShipIt"],"picked":"bronze:Mutator","floor":33},{"not_picked":["bronze:BitShift+1","bronze:Deprecate+1"],"picked":"bronze:FineTuning+1","floor":36},{"not_picked":["bronze:ChildClass","bronze:Constructor","bronze:FineTuning"],"picked":"SKIP","floor":38},{"not_picked":["bronze:FineTuning","bronze:DelayedGuard+1","bronze:BronzeArmor+1"],"picked":"SKIP","floor":39},{"not_picked":["bronze:Overload+1","bronze:DelayedGuard"],"picked":"bronze:Format","floor":40},{"not_picked":["bronze:WhirlingStrike+1","bronze:Boost+1","bronze:ForLoop+1"],"picked":"SKIP","floor":42}],"player_experience":548536,"relics_obtained":[{"floor":7,"key":"LugNut"},{"floor":9,"key":"halation:VictoryRuler"},{"floor":23,"key":"Bag of Marbles"},{"floor":24,"key":"bronze:CableSpool"},{"floor":41,"key":"Mercury Hourglass"}],"event_choices":[],"is_beta":false,"boss_relics":[{"not_picked":["halation:LoveArrow","Astrolabe"],"picked":"conspire:SpecialSausage"},{"not_picked":["hubris:GrandSneckoEye","hubris:BlackHole"],"picked":"Runic Dome"}],"items_purged_floors":[43],"is_endless":false,"potions_floor_spawned":[2,5,9,10,13,15,21,27,30,31,36],"killed_by":"Giant Head","ascension_level":1}}