{"host":"df48i9djcn92c5sx","time":1611666438,"event":{"mods":["Act Like it!","Arknights The Spire","BaseMod","Decade(王小明)","Downfall","Gensokyo","Marisa（F雨　魔理沙）","Minty Spire (QoL Compilation)","READ ME - Guardian Mod","READ ME - Snecko Mod","Reimu（博丽灵梦）","Remilia（蕾米莉亚）","Shop Mod","StSLib","The Jungle","The Servant 0.9.4"],"gold_per_floor":[18,33,46,46,46,46,66,66,93,93,123,48,48,64,64,64,64],"floor_reached":16,"language":"ZHS","playtime":638,"items_purged":["Clumsy"],"score":160,"play_id":"0ee5a7fd-5c9e-4eaa-944b-8298cdd3d604","local_time":"20210126210718","is_ascension_mode":true,"campfire_choices":[{"data":"KidneyShot","floor":6.0,"key":"SMITH"},{"data":"TheWorld","floor":10.0,"key":"SMITH"},{"data":"SoulSculpture","floor":13.0,"key":"SMITH"},{"data":"Contraction","floor":15.0,"key":"SMITH"}],"circlet_count":0,"master_deck":["Strike_S","Strike_S","Strike_S","Strike_S","Defend_S","Defend_S","Defend_S","Defend_S","KidneyShot+1","Exchange","SoulSculpture+1","Contraction+1","TheWorld+1"],"relics":["Uniform","Gensokyo:Mercy","Gensokyo:NagashiBinaDoll","Dream Catcher","Juzu Bracelet"],"acts_visited":["Exordium"],"potions_floor_usage":[16],"damage_taken":[{"damage":1.0,"enemies":"Gensokyo:3_Fairies","floor":1.0,"turns":5.0},{"damage":4.0,"enemies":"Gensokyo:Python","floor":2.0,"turns":3.0},{"damage":4.0,"enemies":"Gensokyo:2_Kodama","floor":3.0,"turns":4.0},{"damage":2.0,"enemies":"Gensokyo:2_Rabbits","floor":7.0,"turns":6.0},{"damage":0.0,"enemies":"Gensokyo:Mamizou","floor":11.0,"turns":8.0},{"damage":0.0,"enemies":"Gensokyo:Kitsune","floor":14.0,"turns":3.0},{"damage":8,"enemies":"Gensokyo:Reimu","floor":16,"turns":15}],"seed_played":"1207828454802074652","potions_obtained":[{"floor":1.0,"key":"Strength Potion"},{"floor":2.0,"key":"Dexterity Potion"},{"floor":14.0,"key":"Explosive Potion"}],"is_trial":false,"path_per_floor":["M","M","M","?","?","R","M","?","T","R","E","$","R","M","R","B"],"character_chosen":"THE_SERVANT","items_purchased":[],"campfire_rested":0,"item_purchase_floors":[],"current_hp_per_floor":[58,54,50,50,50,50,48,48,48,48,48,48,48,48,48,40,40],"gold":64,"neow_bonus":"THREE_RARE_CARDS","is_daily":false,"chose_seed":false,"campfire_upgraded":4,"win_rate":0.0,"timestamp":1611666438,"path_taken":["M","M","M","?","?","R","M","?","T","R","E","?","R","M","R","BOSS"],"items_purchased_type":[],"build_version":"2020-12-22","purchased_purges":1,"victory":false,"max_hp_per_floor":[65,65,65,65,65,65,65,65,65,65,65,65,65,65,65,65,65],"card_choices":[{"not_picked":["Deny","PendulumOfEternity"],"picked":"SoulSculpture","floor":0.0},{"not_picked":["Gouge","Unruled","Reset"],"picked":"SKIP","floor":1.0},{"not_picked":["Spin","Gouge","Unruled"],"picked":"SKIP","floor":2.0},{"not_picked":["Comet","Defy"],"picked":"Ricochet","floor":3.0},{"not_picked":["Potential","BottledTime"],"picked":"Contraction","floor":7.0},{"not_picked":["RealityMarble","Rewind"],"picked":"TheWorld","floor":8.0},{"not_picked":["Hightail","Defy","Starlight"],"picked":"SKIP","floor":11.0},{"not_picked":["TimeTheft","ShatteredReality","Potential"],"picked":"SKIP","floor":14.0}],"player_experience":1490457,"relics_obtained":[{"floor":9.0,"key":"Dream Catcher"},{"floor":11.0,"key":"Juzu Bracelet"}],"event_choices":[],"is_beta":false,"boss_relics":[],"items_purged_floors":[12],"is_endless":false,"potions_floor_spawned":[1,2,14],"killed_by":"Gensokyo:Reimu","ascension_level":6}}