{"host":"o1scrl1hgy598kuq","time":1611646916,"event":{"mods":["BaseMod","Colored Map","Colored Powertips","Minty Spire (QoL Compilation)","Remilia??????","Replay The Spire","Shop Mod","StSLib","The Jungle","The Marked","The Servant 0.9.4"],"gold_per_floor":[115,40,51,61,73,73,107,120,145,157,189,151,188,200,212,224,224],"floor_reached":16,"language":"ENG","playtime":637,"items_purged":["Strike_S"],"score":112,"play_id":"34ff0069-81d3-488f-a96d-ee82b289d791","local_time":"20210126014156","is_ascension_mode":true,"campfire_choices":[{"data":"SilverBlades","floor":6,"key":"SMITH"},{"floor":10,"key":"REST"},{"floor":15,"key":"REST"}],"circlet_count":0,"master_deck":["Strike_S","Strike_S","Defend_S","Defend_S","Defend_S","Defend_S","Exchange","SilverBlades+1","FanOfKnives","Starlight","ShiftingGears","Foresight","Luminosity","Defy"],"relics":["Uniform","Juzu Bracelet","MawBank","Odd Mushroom"],"acts_visited":["Exordium"],"potions_floor_usage":[7,11,13,16],"damage_taken":[{"damage":0,"enemies":"Cultist","floor":1,"turns":4},{"damage":2,"enemies":"Jaw Worm","floor":3,"turns":5},{"damage":0,"enemies":"Small Slimes","floor":4,"turns":3},{"damage":15,"enemies":"2 Fungi Beasts","floor":5,"turns":3},{"damage":17,"enemies":"3 Sentries","floor":7,"turns":3},{"damage":27,"enemies":"Large Slime","floor":8,"turns":5},{"damage":0,"enemies":"3 Louse","floor":11,"turns":2},{"damage":27,"enemies":"The Mushroom Lair","floor":13,"turns":3},{"damage":28,"enemies":"Hexaghost","floor":16,"turns":9}],"seed_played":"2771315338884249414","potions_obtained":[{"floor":3,"key":"Swift Potion"},{"floor":7,"key":"AttackPotion"},{"floor":8,"key":"SteroidPotion"},{"floor":13,"key":"CultistPotion"}],"is_trial":false,"path_per_floor":["M","$","M","M","M","R","E","M","T","R","M","?","?","?","R","B"],"character_chosen":"THE_SERVANT","items_purchased":[],"campfire_rested":2,"item_purchase_floors":[],"current_hp_per_floor":[71,71,69,69,54,54,37,10,10,31,31,31,4,4,25,0,0],"gold":224,"neow_bonus":"TEN_PERCENT_HP_BONUS","is_daily":false,"chose_seed":false,"campfire_upgraded":1,"win_rate":0.0,"timestamp":1611646916,"path_taken":["M","?","M","M","M","R","E","M","T","R","M","?","?","?","R","BOSS"],"items_purchased_type":[],"build_version":"2020-12-22","purchased_purges":1,"victory":false,"max_hp_per_floor":[71,71,71,71,71,71,71,71,71,71,71,71,71,71,71,71,71],"card_choices":[{"not_picked":["TimeWarp","Read"],"picked":"SilverBlades","floor":1},{"not_picked":["Replace","Potential"],"picked":"FanOfKnives","floor":3},{"not_picked":["Spin","DoubleEdge"],"picked":"Starlight","floor":4},{"not_picked":["GearUp","Moondial"],"picked":"ShiftingGears","floor":5},{"not_picked":["ForgedInTime","MoonPhase"],"picked":"Foresight","floor":7},{"not_picked":["Rewind","Advance"],"picked":"Luminosity","floor":8},{"not_picked":["SpecialFormula","DoubleEdge","Revamp"],"picked":"SKIP","floor":11},{"not_picked":["Hightail","Ricochet"],"picked":"Defy","floor":13}],"player_experience":217157,"relics_obtained":[{"floor":7,"key":"Juzu Bracelet"},{"floor":9,"key":"MawBank"},{"floor":13,"key":"Odd Mushroom"}],"event_choices":[{"cards_removed":["KidneyShot"],"damage_healed":0,"gold_gain":0,"player_choice":"Card Removal","damage_taken":0,"max_hp_gain":0,"max_hp_loss":0,"event_name":"The Cleric","floor":12,"gold_loss":50},{"damage_healed":0,"gold_gain":0,"player_choice":"Fought Mushrooms","damage_taken":0,"max_hp_gain":0,"max_hp_loss":0,"event_name":"Mushrooms","floor":13,"gold_loss":0}],"is_beta":false,"boss_relics":[],"items_purged_floors":[2],"is_endless":false,"potions_floor_spawned":[3,7,8,13],"killed_by":"Hexaghost","ascension_level":2}}