{"host":"takgv9cv6xf64vhq","time":1611668349,"event":{"mods":["BaseMod","Colored Powertips","Downfall","Hubris","LagranYue(拉格朗・月)","Marisa（F雨　魔理沙）","Minty Spire (QoL Compilation)","Replay The Spire","StSLib","The Cursed","The Jungle","TheHeartMod"],"gold_per_floor":[110,110,110,126,142,154,154,164,164,175,30,49,62,62,62,166,166,182,200,200,211,211,227,261,261,261,272,272,272],"floor_reached":28,"language":"ZHS","playtime":1252,"items_purged":[],"score":236,"play_id":"41b115b0-cbdb-49c5-b2f6-5e8d38ccf775","local_time":"20210126213909","is_ascension_mode":false,"campfire_choices":[{"data":"Replay:ManipulateFuture","floor":7.0,"key":"SMITH"},{"data":"Replay:ManipulateFuture","floor":15.0,"key":"SMITH"},{"data":"Judgement","floor":25,"key":"SMITH"}],"circlet_count":0,"master_deck":["Strike_P","Strike_P","Strike_P","Strike_P","Defend_P","Defend_P","Defend_P","Defend_P","Eruption+1","Vigilance","ReachHeaven","Protect","Replay:ManipulateFuture+1","Replay:AtTheReady","FearNoEvil","Replay:BluntJabs","EmptyMind","Replay:ManipulateFuture+1","Judgement+1","FlurryOfBlows","Protect","FlurryOfBlows","Wallop","Sanctity+1","Replay:LoomingThreat","Worship+1","Replay:Battleflow"],"relics":["hubris:ScarierMask","hubris:PeanutButter","LagranYue:RareGoldArmorRelic","Replay:Rubber Ducky","Singing Bowl","SlaversCollar","theJungle:PaperFaux","LagranYue:MagicReflectiveArmorRelic","Vajra"],"acts_visited":["Exordium","Exordium"],"potions_floor_usage":[24,24],"damage_taken":[{"damage":0.0,"enemies":"Small Slimes","floor":1.0,"turns":2.0},{"damage":0.0,"enemies":"Cultist","floor":4.0,"turns":2.0},{"damage":14.0,"enemies":"Jaw Worm","floor":5.0,"turns":2.0},{"damage":0.0,"enemies":"2 Fungi Beasts","floor":6.0,"turns":2.0},{"damage":0.0,"enemies":"3 Louse","floor":8.0,"turns":4.0},{"damage":0.0,"enemies":"Exordium Thugs","floor":10.0,"turns":3.0},{"damage":0.0,"enemies":"Looter","floor":12.0,"turns":1.0},{"damage":2.0,"enemies":"Lots of Slimes","floor":13.0,"turns":3.0},{"damage":38.0,"enemies":"The Guardian","floor":16.0,"turns":10.0},{"damage":0.0,"enemies":"theJungle:MUSHROOMGANG","floor":18.0,"turns":2.0},{"damage":17.0,"enemies":"Shell Parasite","floor":19.0,"turns":6.0},{"damage":0,"enemies":"theJungle:Snecko_Cultist_And_Trap","floor":21,"turns":3},{"damage":9,"enemies":"theJungle:2_Snecko_Cultists","floor":23,"turns":4},{"damage":16,"enemies":"theJungle:Cassacara","floor":24,"turns":6},{"damage":20,"enemies":"theJungle:Lyon","floor":27,"turns":6},{"damage":15,"enemies":"Snake Plant","floor":28,"turns":4}],"seed_played":"-6654083167355249679","potions_obtained":[{"floor":1.0,"key":"Languid Potion"},{"floor":6.0,"key":"LifebloodPotion"},{"floor":8.0,"key":"Fire Potion"},{"floor":12.0,"key":"PowerPotion"},{"floor":18.0,"key":"PowerPotion"},{"floor":23,"key":"DistilledChaos"},{"floor":27,"key":"Doom Potion"}],"is_trial":false,"path_per_floor":["M","?","?","M","M","M","R","M","T","M","$","M","M","T","R","B",null,"M","M","?","M","?","M","E","R","T","M","M"],"character_chosen":"WATCHER","items_purchased":["Replay:Rubber Ducky"],"campfire_rested":0,"item_purchase_floors":[11],"current_hp_per_floor":[72,72,72,72,58,58,58,58,58,58,58,58,56,56,56,18,72,72,55,55,55,55,46,30,30,30,10,0,0],"gold":272,"neow_bonus":"BOSS_RELIC","is_daily":false,"chose_seed":false,"campfire_upgraded":3,"win_rate":0.0,"timestamp":1611668349,"path_taken":["M","?","?","?","M","M","R","M","T","M","$","M","M","?","R","BOSS","BOSS","M","M","?","M","?","M","E","R","T","?","M"],"items_purchased_type":["Relic"],"build_version":"2020-12-22","purchased_purges":0,"victory":false,"max_hp_per_floor":[72,72,72,72,72,72,72,72,72,72,72,72,72,72,72,72,72,72,72,72,72,72,72,72,72,72,72,72,72],"card_choices":[{"not_picked":["SashWhip","LikeWater"],"picked":"ReachHeaven","floor":1.0},{"not_picked":["Consecrate","Halt"],"picked":"Protect","floor":4.0},{"not_picked":["FlurryOfBlows","Worship"],"picked":"Replay:ManipulateFuture","floor":5.0},{"not_picked":["CrushJoints","Weave"],"picked":"Replay:AtTheReady","floor":6.0},{"not_picked":["Replay:AtTheReady","Replay:DivineShield"],"picked":"FearNoEvil","floor":8.0},{"not_picked":["Conclude","Replay:AtTheReady"],"picked":"Replay:BluntJabs","floor":10.0},{"not_picked":["Protect","Consecrate"],"picked":"EmptyMind","floor":12.0},{"not_picked":["FollowUp","Prostrate"],"picked":"Replay:ManipulateFuture","floor":13.0},{"not_picked":["Devotion","DevaForm"],"picked":"Judgement","floor":16.0},{"not_picked":["Protect","Prostrate+1"],"picked":"FlurryOfBlows","floor":18.0},{"not_picked":["Prostrate","Swivel"],"picked":"Protect","floor":19.0},{"not_picked":["ClearTheMind","Replay:ManipulateFuture"],"picked":"FlurryOfBlows","floor":21},{"not_picked":["Study","Perseverance"],"picked":"Wallop","floor":21},{"not_picked":["Protect","Replay:Cycle+1"],"picked":"Sanctity+1","floor":23},{"not_picked":["Sanctity","JustLucky"],"picked":"Replay:LoomingThreat","floor":24},{"not_picked":["Halt","FlyingSleeves"],"picked":"Worship+1","floor":24},{"not_picked":["WheelKick","ThirdEye"],"picked":"Replay:Battleflow","floor":27}],"player_experience":86343,"relics_obtained":[{"floor":9.0,"key":"LagranYue:RareGoldArmorRelic"},{"floor":14.0,"key":"Singing Bowl"},{"floor":24,"key":"LagranYue:MagicReflectiveArmorRelic"},{"floor":26,"key":"Vajra"}],"event_choices":[{"damage_healed":0.0,"max_hp_gain":0.0,"max_hp_loss":0.0,"gold_gain":0.0,"event_name":"Living Wall","player_choice":"Grow","floor":2.0,"gold_loss":0.0,"damage_taken":0.0,"cards_upgraded":["Eruption"]},{"damage_healed":0.0,"max_hp_gain":0.0,"max_hp_loss":0.0,"gold_gain":0.0,"event_name":"WeMeetAgain","player_choice":"Gave Potion","floor":3.0,"gold_loss":0.0,"damage_taken":0.0,"relics_obtained":["hubris:PeanutButter"]},{"cards_removed":["Shame"],"damage_healed":0,"gold_gain":0,"player_choice":"Removed Curses","damage_taken":0,"max_hp_gain":0,"max_hp_loss":0,"event_name":"Fountain of Cleansing","floor":22,"gold_loss":0}],"is_beta":false,"boss_relics":[{"not_picked":["Sozu","Ring of Chaos"],"picked":"SlaversCollar"}],"items_purged_floors":[],"is_endless":false,"potions_floor_spawned":[1,6,8,12,18,23,27],"killed_by":"Snake Plant","ascension_level":0}}