{"host":"4kmvpqjeiacgn1pr","time":1611692748,"event":{"mods":["AchievementEnabler","BaseMod","Better Altar","Better Match","Better Note","Better Sensory Stone","Better Skull","Better Third Choice","Colored Map","Colored Powertips","Curses Come First","Highlight Path","Minty Spire (QoL Compilation)","Permanent Neow","Rare Cards Sparkle","Replay The Spire","Spicy Shops","StSLib"],"gold_per_floor":[109,109,159,171,194,233,245,268,280,292,9,9,27,47,47,149,149,65,65,94,107,7,7],"floor_reached":22,"language":"ENG","playtime":877,"items_purged":["Looming Evil","Regret"],"score":405,"play_id":"ac926911-4ee4-496b-9f1b-612db2f499b4","local_time":"20210126152548","is_ascension_mode":true,"campfire_choices":[{"data":"Genetic Algorithm","floor":7,"key":"SMITH"},{"data":"ReplayTheSpireMod:Brewmster","floor":10,"key":"SMITH"},{"data":"Sunder","floor":12,"key":"SMITH"},{"data":"Zap","floor":15,"key":"SMITH"}],"circlet_count":0,"master_deck":["Strike_B","Strike_B+1","Strike_B","Strike_B+1","Defend_B","Defend_B","Defend_B","Zap+1","Dualcast","ReplayTheSpireMod:Brewmster+1","Lockon","Voices","BasicCrystalCard","Genetic Algorithm+1","Sunder+1","ReplayTheSpireMod:IOU","ReplayTheSpireMod:IOU","Clumsy","ReplayTheSpireMod:IOU","Glacier","Clumsy","Ball Lightning","Echo Form","Storm+1","ReplayTheSpireMod:IOU","Replay:Hysterical Blindness","ReplayTheSpireMod:IOU","ReplayTheSpireMod:Necrogeddon","ReplayTheSpireMod:IOU","ReplayTheSpireMod:IOU","Time Bomb","Time Bomb","ReplayTheSpireMod:IOU","ReplayTheSpireMod:IOU","Deflect"],"relics":["Cracked Core","Ring of Greed","Replay:Wax Seal","Ring of Fury","MawBank","Turnip","Torii","Strange Spoon","Whetstone","Matryoshka","Pantograph","Philosopher\u0027s Stone","Bloody Idol","Blood Vial","Replay:Rubber Ducky","PrismaticShard","Replay:Antivirus Software"],"acts_visited":["Exordium","TheCity"],"potions_floor_usage":[6,6,6,6,13,16,16,16,16,16,16,16,16,16,16,16,16,16,18,18,21,21,21,22,22],"damage_taken":[{"damage":4,"enemies":"Jaw Worm","floor":1,"turns":4},{"damage":4,"enemies":"Small Slimes","floor":5,"turns":4},{"damage":13,"enemies":"Lagavulin","floor":6,"turns":4},{"damage":13,"enemies":"2 Louse","floor":8,"turns":3},{"damage":8,"enemies":"Exordium Wildlife","floor":13,"turns":2},{"damage":2,"enemies":"2 Fungi Beasts","floor":14,"turns":4},{"damage":10,"enemies":"Hexaghost","floor":16,"turns":11},{"damage":8,"enemies":"Chosen","floor":18,"turns":5},{"damage":35,"enemies":"3 Byrds","floor":21,"turns":4},{"damage":17,"enemies":"Centurion and Healer","floor":22,"turns":2}],"seed_played":"-637506127815118836","potions_obtained":[{"floor":13,"key":"Fire Potion"},{"floor":16,"key":"FearPotion"},{"floor":21,"key":"Swift Potion"}],"is_trial":false,"path_per_floor":["M","?","?","?","M","E","R","M","T","R","$","R","M","M","R","B",null,"M","?","$","M","M"],"character_chosen":"DEFECT","items_purchased":["Strange Spoon","Whetstone","Matryoshka","Pantograph","Replay:Rubber Ducky","ReplayTheSpireMod:Necrogeddon","PrismaticShard","Time Bomb","Replay:Antivirus Software"],"campfire_rested":0,"item_purchase_floors":[11,11,11,11,20,20,20,20,20],"current_hp_per_floor":[71,71,71,71,67,54,54,41,41,41,41,41,33,31,31,63,72,64,6,36,8,0,0],"gold":7,"neow_bonus":"RANDOM_COLORLESS_2","is_daily":false,"chose_seed":false,"campfire_upgraded":4,"win_rate":0.0,"timestamp":1611692748,"path_taken":["M","?","?","?","M","E","R","M","T","R","$","R","M","?","R","BOSS","M","?","$","M","M"],"items_purchased_type":["Relic","Relic","Relic","Relic","Relic","Card","Relic","Card","Relic"],"build_version":"2020-12-22","purchased_purges":2,"victory":false,"max_hp_per_floor":[75,75,75,75,75,75,75,75,75,75,75,75,75,75,75,75,75,75,75,75,75,75,75],"card_choices":[{"not_picked":["Panache","Violence"],"picked":"ReplayTheSpireMod:Brewmster","floor":0},{"not_picked":["Streamline","Beam Cell"],"picked":"Lockon","floor":1},{"not_picked":["Coolheaded","Turbo"],"picked":"BasicCrystalCard","floor":5},{"not_picked":["Conserve Battery","Compile Driver"],"picked":"Genetic Algorithm","floor":6},{"not_picked":["Redo","ReplaySolidLightProjector"],"picked":"Sunder","floor":8},{"not_picked":["Ball Lightning","Steam"],"picked":"Glacier","floor":13},{"not_picked":["Leap","Coolheaded"],"picked":"Ball Lightning","floor":14},{"not_picked":["All For One","ReplayRNGCard"],"picked":"Echo Form","floor":16},{"not_picked":["White Noise","Steam"],"picked":"Storm+1","floor":18},{"not_picked":["Flechettes","Conserve Battery"],"picked":"Deflect","floor":21}],"player_experience":350703,"relics_obtained":[{"floor":3,"key":"Ring of Greed"},{"floor":3,"key":"Replay:Wax Seal"},{"floor":3,"key":"Ring of Fury"},{"floor":3,"key":"MawBank"},{"floor":6,"key":"Turnip"},{"floor":9,"key":"Torii"}],"event_choices":[{"cards_removed":["ReplayTheSpireMod:Restless Dread"],"damage_healed":0,"gold_gain":0,"player_choice":"Forget","damage_taken":0,"max_hp_gain":0,"max_hp_loss":0,"event_name":"Living Wall","floor":2,"gold_loss":0},{"damage_healed":0,"gold_gain":0,"player_choice":" Idol Vial ","damage_taken":58,"relics_obtained":["Bloody Idol","Blood Vial"],"max_hp_gain":64,"max_hp_loss":6,"event_name":"betterAltar:BetterAltar","floor":19,"potions_obtained":[],"relics_lost":[],"gold_loss":0}],"is_beta":false,"boss_relics":[{"not_picked":["Velvet Choker","Busted Crown"],"picked":"Philosopher\u0027s Stone"}],"items_purged_floors":[11,20],"is_endless":false,"potions_floor_spawned":[13,14,16,21],"killed_by":"Centurion and Healer","ascension_level":5}}