{"host":"r53pw7z744tg3fxg","time":1611679981,"event":{"mods":["AchievementEnabler","BaseMod","Colored Map","Colored Powertips","Highlight Path","Minty Spire (QoL Compilation)","Quick Restart","Transform Curses"],"gold_per_floor":[109,125,40,60,135,169,169,204,258,258,299,349,309,327,327,327,327],"floor_reached":16,"language":"ENG","playtime":1336,"items_purged":[],"score":218,"play_id":"0c235ddb-d7a7-424c-bbbe-19cdd40d90b3","local_time":"20210126095301","is_ascension_mode":true,"campfire_choices":[{"floor":7.0,"key":"REST"},{"floor":10.0,"key":"REST"},{"floor":15,"key":"REST"}],"circlet_count":0,"master_deck":["AscendersBane","Strike_P","Strike_P","Strike_P","Strike_P","Defend_P","Defend_P","Defend_P","Defend_P","Eruption","Vigilance","Evaluate","FearNoEvil","Consecrate","EmptyBody","MasterReality","TalkToTheHand","Conclude","Prostrate"],"relics":["PureWater","Ornamental Fan","Omamori","CeramicFish","White Beast Statue"],"acts_visited":["Exordium"],"potions_floor_usage":[16],"damage_taken":[{"damage":3.0,"enemies":"2 Louse","floor":1.0,"turns":3.0},{"damage":3.0,"enemies":"Small Slimes","floor":2.0,"turns":4.0},{"damage":0.0,"enemies":"Cultist","floor":4.0,"turns":5.0},{"damage":30.0,"enemies":"3 Sentries","floor":6.0,"turns":13.0},{"damage":15.0,"enemies":"Lagavulin","floor":8.0,"turns":10.0},{"damage":12.0,"enemies":"3 Sentries","floor":11.0,"turns":8.0},{"damage":1,"enemies":"Looter","floor":13,"turns":4},{"damage":13,"enemies":"Lots of Slimes","floor":14,"turns":4},{"damage":50,"enemies":"Slime Boss","floor":16,"turns":6}],"seed_played":"7960631861590054661","potions_obtained":[{"floor":1.0,"key":"Weak Potion"},{"floor":8.0,"key":"Dexterity Potion"},{"floor":13,"key":"Energy Potion"},{"floor":14,"key":"SteroidPotion"}],"is_trial":false,"path_per_floor":["M","M","$","M","?","E","R","E","T","R","E","?","M","M","R","B"],"character_chosen":"WATCHER","items_purchased":["Consecrate","EmptyBody"],"campfire_rested":3,"item_purchase_floors":[3,3],"current_hp_per_floor":[64,61,61,61,50,20,42,27,27,49,37,30,29,16,38,0,0],"gold":327,"neow_bonus":"TEN_PERCENT_HP_BONUS","is_daily":false,"chose_seed":false,"campfire_upgraded":0,"win_rate":0.0,"timestamp":1611679981,"path_taken":["M","M","$","M","?","E","R","E","T","R","E","?","M","M","R","BOSS"],"items_purchased_type":["Card","Card"],"build_version":"2020-12-22","purchased_purges":0,"victory":false,"max_hp_per_floor":[74,74,74,74,74,74,74,74,74,74,74,74,74,74,74,74,74],"card_choices":[{"not_picked":["Weave","SashWhip"],"picked":"Evaluate","floor":1.0},{"not_picked":["BowlingBash","FlyingSleeves"],"picked":"FearNoEvil","floor":2.0},{"not_picked":["SashWhip","Perseverance"],"picked":"MasterReality","floor":4.0},{"not_picked":["Evaluate","Protect"],"picked":"TalkToTheHand","floor":6.0},{"not_picked":["Consecrate","MentalFortress"],"picked":"Conclude","floor":8.0},{"not_picked":["Omniscience","Nirvana"],"picked":"Prostrate","floor":11.0},{"not_picked":["SandsOfTime","Consecrate","EmptyFist"],"picked":"SKIP","floor":13},{"not_picked":["ClearTheMind","SandsOfTime","Fasting2"],"picked":"SKIP","floor":14}],"player_experience":1361261,"relics_obtained":[{"floor":6.0,"key":"Ornamental Fan"},{"floor":8.0,"key":"Omamori"},{"floor":9.0,"key":"CeramicFish"},{"floor":11.0,"key":"White Beast Statue"}],"event_choices":[{"damage_healed":0.0,"max_hp_gain":0.0,"max_hp_loss":0.0,"gold_gain":75.0,"event_name":"World of Goop","player_choice":"Gather Gold","floor":5.0,"gold_loss":0.0,"damage_taken":11.0},{"damage_healed":0,"gold_gain":50,"player_choice":"Touch","damage_taken":7,"max_hp_gain":0,"max_hp_loss":0,"event_name":"FaceTrader","floor":12,"gold_loss":0}],"is_beta":false,"boss_relics":[],"items_purged_floors":[],"is_endless":false,"potions_floor_spawned":[1,8,13,14],"killed_by":"Slime Boss","ascension_level":17}}