{"host":"ooe12lh8pgcirntb","time":1611687393,"event":{"mods":["AchievementEnabler","Act Like it!","BaseMod","Beaked The Cultist","ChefMod","Colored Map","Colored Powertips","Downfall","Minty Spire (QoL Compilation)","StSLib","The Animator","The Bug Knight","The Disciple","The Hierophant","The Problem Sleuth"],"gold_per_floor":[110,128,1,76,100,100,31,43,113,45,84,84,146,176,176,288,288,306,306,325,342,110,110,110],"floor_reached":23,"language":"ENG","playtime":5669,"items_purged":[],"score":199,"play_id":"d0cb7369-2b59-4eee-bef0-ccaa4c347c18","local_time":"20210126135633","is_ascension_mode":false,"campfire_choices":[{"data":"animator:DwarfShaman","floor":6,"key":"SMITH"},{"floor":12,"key":"REST"},{"floor":15,"key":"REST"}],"circlet_count":0,"master_deck":["animator:Strike_GoblinSlayer","animator:Defend_GoblinSlayer","animator:Strike","animator:Strike","animator:Strike","animator:Defend","animator:Defend","animator:Defend","animator:LizardPriest","animator:DwarfShaman+1","animator:GazelDwargon","animator:ElricEdward","animator:ElricAlphonse","animator:Benimaru","animator:Hakurou","animator:Witch","animator:Arpeggio","animator:HighElfArcher","animator:PinaCoLada","animator:YunYun","animator:Cocytus","animator:Mitsuba","animator:GoblinSlayer","animator:Mitsurugi","Necronomicurse","animator:ElricAlphonse+1","animator:Spearman","animator:GoblinSlayer","animator:Darkness"],"relics":["animator:LivingPicture","animator:TheMissingPiece","Toxic Egg 2","White Beast Statue","Shuriken","Letter Opener","Black Star","Necronomicon"],"acts_visited":["Exordium","TheCity"],"potions_floor_usage":[16,21,23],"damage_taken":[{"damage":0,"enemies":"2 Louse","floor":1,"turns":4},{"damage":10,"enemies":"Jaw Worm","floor":2,"turns":5},{"damage":0,"enemies":"Cultist","floor":5,"turns":4},{"damage":13,"enemies":"Red Slaver","floor":8,"turns":4},{"damage":5,"enemies":"Lagavulin","floor":11,"turns":6},{"damage":14,"enemies":"3 Sentries","floor":13,"turns":6},{"damage":12,"enemies":"3 Sentries","floor":14,"turns":5},{"damage":3,"enemies":"The Guardian","floor":16,"turns":8},{"damage":4,"enemies":"Chosen","floor":18,"turns":4},{"damage":10,"enemies":"Spheric Guardian","floor":20,"turns":3},{"damage":15,"enemies":"Centurion and Healer","floor":21,"turns":6},{"damage":42,"enemies":"HollowMod:Nosk","floor":23,"turns":9}],"seed_played":"7054753410570348110","potions_obtained":[{"floor":5,"key":"champ:CounterPotion"},{"floor":11,"key":"Block Potion"},{"floor":16,"key":"animator:FalseLifePotion"},{"floor":21,"key":"Regen Potion"}],"is_trial":false,"path_per_floor":["M","M","$","?","M","R","$","M","T","$","E","R","?","E","R","B",null,"M","?","M","M","$","E"],"character_chosen":"THE_ANIMATOR","items_purchased":["animator:ElricAlphonse","animator:Benimaru","animator:Hakurou","animator:Arpeggio","animator:PinaCoLada","animator:GoblinSlayer","animator:Darkness"],"campfire_rested":2,"item_purchase_floors":[3,3,3,7,10,22,22],"current_hp_per_floor":[66,56,56,45,45,45,45,33,33,33,28,48,34,22,42,39,67,64,48,38,24,24,0,0],"gold":110,"neow_bonus":"THREE_CARDS","is_daily":false,"chose_seed":false,"campfire_upgraded":1,"win_rate":0.0,"timestamp":1611687393,"path_taken":["M","M","$","?","M","R","$","M","T","$","E","R","?","E","R","BOSS","M","?","M","M","$","E"],"items_purchased_type":["Card","Card","Card","Card","Card","Card","Card"],"build_version":"2020-12-22","purchased_purges":0,"victory":false,"max_hp_per_floor":[66,66,66,66,66,66,66,67,67,67,67,67,67,67,67,67,67,68,68,68,69,69,69,69],"card_choices":[{"not_picked":["animator:LeleiLaLalena","animator:WinryRockbell"],"picked":"animator:GazelDwargon","floor":0},{"not_picked":["animator:LeleiLaLalena","animator:DwarfShaman"],"picked":"animator:ElricEdward","floor":1},{"not_picked":["animator:GazelDwargon","animator:YaoHaDucy","animator:Priestess"],"picked":"SKIP","floor":2},{"not_picked":["animator:Arpeggio","animator:Pride"],"picked":"animator:Witch","floor":5},{"not_picked":["animator:LizardPriest","animator:CowGirl"],"picked":"animator:HighElfArcher","floor":8},{"not_picked":["animator:CowGirl+1","animator:Shigure"],"picked":"animator:YunYun","floor":11},{"not_picked":["animator:Entoma","animator:Mikaela"],"picked":"animator:Cocytus","floor":13},{"not_picked":["animator:HighElfArcher","animator:GuildGirl"],"picked":"animator:Mitsuba","floor":14},{"not_picked":["animator:Hans","animator:Eris+1"],"picked":"animator:GoblinSlayer","floor":16},{"not_picked":["animator:Kazuma+1","animator:Verdia+1"],"picked":"animator:Mitsurugi","floor":18},{"not_picked":["animator:CrowleyEusford","animator:Hans"],"picked":"animator:ElricAlphonse+1","floor":20},{"not_picked":["animator:Scar+1","animator:HiiragiShinya+1"],"picked":"animator:Spearman","floor":21}],"player_experience":730645,"relics_obtained":[{"floor":9,"key":"Toxic Egg 2"},{"floor":11,"key":"White Beast Statue"},{"floor":13,"key":"Shuriken"},{"floor":14,"key":"Letter Opener"},{"floor":19,"key":"Necronomicon"}],"event_choices":[{"damage_healed":0,"gold_gain":75,"player_choice":"Gather Gold","damage_taken":11,"max_hp_gain":0,"max_hp_loss":0,"event_name":"World of Goop","floor":4,"gold_loss":0},{"damage_healed":0,"gold_gain":30,"player_choice":"Searched \u00273\u0027 times","damage_taken":0,"max_hp_gain":0,"max_hp_loss":0,"event_name":"Dead Adventurer","floor":13,"gold_loss":0},{"damage_healed":0,"gold_gain":0,"player_choice":"Obtained Book","damage_taken":16,"max_hp_gain":0,"max_hp_loss":0,"event_name":"Cursed Tome","floor":19,"gold_loss":0}],"is_beta":false,"boss_relics":[{"not_picked":["SlaversCollar","Tiny House"],"picked":"Black Star"}],"items_purged_floors":[],"is_endless":false,"potions_floor_spawned":[5,11,13,14,16,18,20,21],"killed_by":"HollowMod:Nosk","ascension_level":0}}