{"host":"ndqo0ze3xqwwg5zo","time":1611634629,"event":{"mods":["BaseMod","Colored Powertips","Downfall","Hermit","Koishi","Marisa????????","Minty Spire (QoL Compilation)","Permanent Neow","Replay The Spire","Shop Mod","StSLib","Td1madao Mod","The Cursed","The Disciple","The Hierophant","The Necromancer","The Runesmith","The Servant 0.9.4","The Wild Card"],"gold_per_floor":[118,129,147,160,160,160,160,160],"floor_reached":7,"language":"ENG","playtime":680,"items_purged":[],"score":43,"play_id":"e4cf6008-718e-4a6e-bfe9-8d5c2aa483b4","local_time":"20210125221709","is_ascension_mode":false,"campfire_choices":[{"floor":6,"key":"REST"}],"circlet_count":0,"master_deck":["Strike_Br","Strike_Br+1","Strike_Br","Strike_Br","Defend_Br","Defend_Br","Defend_Br","Defend_Br","SecondHand","PatternShift","MasterKey","LockedMercury","BlueShift","WindUp"],"relics":["Chronometer","Gremlin Food"],"acts_visited":["Exordium"],"potions_floor_usage":[],"damage_taken":[{"damage":7,"enemies":"2 Louse","floor":1,"turns":3},{"damage":0,"enemies":"Cultist","floor":2,"turns":5},{"damage":11,"enemies":"Jaw Worm","floor":3,"turns":5},{"damage":4,"enemies":"Blue Slaver","floor":4,"turns":4},{"damage":0,"enemies":"Gremlin Nob","floor":7,"turns":3}],"seed_played":"8014887845274665262","potions_obtained":[{"floor":1,"key":"SkillPotion"},{"floor":2,"key":"Fire Potion"}],"is_trial":false,"path_per_floor":["M","M","M","M","?","R","E"],"character_chosen":"CHRONO_CLASS","items_purchased":[],"campfire_rested":1,"item_purchase_floors":[],"current_hp_per_floor":[52,52,41,37,37,54,54,54],"gold":160,"neow_bonus":"THREE_RARE_CARDS","is_daily":false,"chose_seed":false,"campfire_upgraded":0,"win_rate":0.0,"timestamp":1611634629,"path_taken":["M","M","M","M","?","R","E"],"items_purchased_type":[],"build_version":"2020-12-22","purchased_purges":0,"victory":false,"max_hp_per_floor":[59,59,59,59,59,59,59,59],"card_choices":[{"not_picked":["LockedCalendar","RageCommand"],"picked":"MasterKey","floor":0},{"not_picked":["LockedTornado","BiteCommand"],"picked":"LockedMercury","floor":1},{"not_picked":["Goo","EscortCommand","Engulf"],"picked":"SKIP","floor":2},{"not_picked":["Stagnate","LockedWarPaint"],"picked":"BlueShift","floor":3},{"not_picked":["Accruing","LockedTornado"],"picked":"WindUp","floor":4}],"player_experience":47848,"relics_obtained":[],"event_choices":[{"damage_healed":0,"gold_gain":0,"player_choice":"Gave Potion","damage_taken":0,"relics_obtained":["Gremlin Food"],"max_hp_gain":0,"max_hp_loss":0,"event_name":"WeMeetAgain","floor":5,"gold_loss":0}],"is_beta":false,"boss_relics":[],"items_purged_floors":[],"is_endless":false,"potions_floor_spawned":[1,2],"killed_by":"Gremlin Nob","ascension_level":0}}