{"host":"xmr2g8b7eju0288o","time":1611646045,"event":{"mods":["AchievementEnabler","BaseMod","Colored Map","Colored Powertips","Minty Spire (QoL Compilation)","Quick Restart","StSLib","SuperFastMode"],"gold_per_floor":[114,114,189,205,130,130,157,183,183,201,201,236,78,106,106,182,182,193,193,240,254,271,271,271],"floor_reached":23,"language":"KOR","playtime":511,"items_purged":["Regret"],"score":684,"play_id":"00df6b86-c96d-41a1-ab84-acd20d7de68e","local_time":"20210126162725","daily_mods":["Heirloom","DeadlyEvents","Elite Swarm"],"is_ascension_mode":true,"campfire_choices":[{"data":"Spot Weakness","floor":6.0,"key":"SMITH"},{"data":"Demon Form","floor":11.0,"key":"SMITH"},{"data":"Double Tap","floor":15.0,"key":"SMITH"}],"circlet_count":0,"master_deck":["AscendersBane","Strike_R","Strike_R","Strike_R","Strike_R","Strike_R","Defend_R","Defend_R","Defend_R","Defend_R","Bash","Pommel Strike","Spot Weakness+1","Pommel Strike","Cleave","Demon Form+1","Double Tap+1","Demon Form","Inflame","Heavy Blade","Heavy Blade"],"relics":["Burning Blood","Prayer Wheel","White Beast Statue","Anchor","Toy Ornithopter","Orichalcum","HornCleat","Strange Spoon","Happy Flower","Black Star","Boot"],"acts_visited":["Exordium","TheCity"],"potions_floor_usage":[],"damage_taken":[{"damage":9.0,"enemies":"2 Louse","floor":1.0,"turns":2.0},{"damage":11.0,"enemies":"Jaw Worm","floor":4.0,"turns":5.0},{"damage":40.0,"enemies":"Lagavulin","floor":7.0,"turns":5.0},{"damage":5.0,"enemies":"3 Sentries","floor":8.0,"turns":3.0},{"damage":0.0,"enemies":"Cultist","floor":10.0,"turns":3.0},{"damage":5.0,"enemies":"Gremlin Nob","floor":12.0,"turns":3.0},{"damage":0.0,"enemies":"3 Sentries","floor":14.0,"turns":4.0},{"damage":17.0,"enemies":"Hexaghost","floor":16.0,"turns":6.0},{"damage":12.0,"enemies":"Chosen","floor":18.0,"turns":4.0},{"damage":24.0,"enemies":"3 Byrds","floor":21.0,"turns":5.0},{"damage":24.0,"enemies":"Sentry and Sphere","floor":22.0,"turns":5.0},{"damage":33,"enemies":"Slavers","floor":23,"turns":4}],"seed_played":"-4390717534318267081","potions_obtained":[{"floor":1.0,"key":"AttackPotion"},{"floor":4.0,"key":"LiquidBronze"},{"floor":8.0,"key":"Explosive Potion"},{"floor":10.0,"key":"AttackPotion"},{"floor":12.0,"key":"ElixirPotion"},{"floor":14.0,"key":"DistilledChaos"},{"floor":16.0,"key":"SteroidPotion"},{"floor":21.0,"key":"SpeedPotion"},{"floor":22.0,"key":"Dexterity Potion"}],"is_trial":true,"path_per_floor":["M","?","?","M","$","R","E","E","T","M","R","E","$","E","R","B",null,"M","?","T","M","M","E"],"character_chosen":"IRONCLAD","items_purchased":["Strange Spoon"],"campfire_rested":0,"item_purchase_floors":[13],"current_hp_per_floor":[65,65,54,49,49,49,15,16,16,22,22,28,28,39,39,33,65,59,59,59,46,33,0,0],"gold":271,"neow_bonus":"","is_daily":false,"chose_seed":false,"campfire_upgraded":3,"win_rate":0.0,"timestamp":1611646045,"path_taken":["M","?","?","M","?","R","E","?","T","M","R","?","$","E","R","BOSS","M","?","?","?","M","E"],"items_purchased_type":["Relic"],"build_version":"2020-12-22","purchased_purges":1,"victory":false,"max_hp_per_floor":[75,75,75,75,75,75,75,75,75,75,75,75,75,75,75,75,75,75,75,75,75,75,75,75],"card_choices":[{"not_picked":["Flame Barrier","Shrug It Off"],"picked":"Pommel Strike","floor":1.0},{"not_picked":["Evolve","Metallicize"],"picked":"Spot Weakness","floor":1.0},{"not_picked":["Armaments","Body Slam"],"picked":"Pommel Strike","floor":4.0},{"not_picked":["Sentinel","Blood for Blood"],"picked":"Cleave","floor":4.0},{"not_picked":["Reaper","Double Tap"],"picked":"Demon Form","floor":7.0},{"not_picked":["Barricade","Exhume","Immolate"],"picked":"SKIP","floor":8.0},{"not_picked":["Disarm","Blood for Blood","Shrug It Off"],"picked":"SKIP","floor":10.0},{"not_picked":["Dark Embrace","Body Slam","Warcry"],"picked":"SKIP","floor":10.0},{"not_picked":["Corruption","Fiend Fire"],"picked":"Double Tap","floor":12.0},{"not_picked":["Corruption","Impervious","Demon Form"],"picked":"SKIP","floor":14.0},{"not_picked":["Bludgeon","Exhume"],"picked":"Demon Form","floor":16.0},{"not_picked":["Perfected Strike","Iron Wave"],"picked":"Inflame","floor":18.0},{"not_picked":["Dual Wield","Pommel Strike","Shockwave"],"picked":"SKIP","floor":18.0},{"not_picked":["Bloodletting","Havoc"],"picked":"Heavy Blade","floor":21.0},{"not_picked":["Headbutt+1","Sever Soul","Uppercut"],"picked":"SKIP","floor":21.0},{"not_picked":["Clash","Havoc","Searing Blow+1"],"picked":"SKIP","floor":22.0},{"not_picked":["Ghostly Armor","Warcry","Intimidate"],"picked":"SKIP","floor":22.0}],"player_experience":74684,"relics_obtained":[{"floor":7.0,"key":"Anchor"},{"floor":8.0,"key":"Toy Ornithopter"},{"floor":9.0,"key":"Orichalcum"},{"floor":12.0,"key":"HornCleat"},{"floor":14.0,"key":"Happy Flower"},{"floor":20.0,"key":"Boot"}],"event_choices":[{"damage_healed":0.0,"max_hp_gain":0.0,"max_hp_loss":0.0,"gold_gain":0.0,"event_name":"Big Fish","player_choice":"Box","floor":2.0,"gold_loss":0.0,"damage_taken":0.0,"relics_obtained":["White Beast Statue"],"cards_obtained":["Regret"]},{"damage_healed":0.0,"max_hp_gain":0.0,"max_hp_loss":0.0,"gold_gain":75.0,"event_name":"World of Goop","player_choice":"Gather Gold","floor":3.0,"gold_loss":0.0,"damage_taken":11.0},{"damage_healed":0.0,"max_hp_gain":0.0,"max_hp_loss":0.0,"gold_gain":0.0,"event_name":"The Library","player_choice":"Read","floor":19.0,"gold_loss":0.0,"damage_taken":0.0,"cards_obtained":["Heavy Blade"]}],"is_beta":false,"boss_relics":[{"not_picked":["Empty Cage","Cursed Key"],"picked":"Black Star"}],"items_purged_floors":[5],"is_endless":true,"potions_floor_spawned":[1,4,7,8,10,12,14,16,18,21,22],"killed_by":"Slavers","ascension_level":20}}