{"host":"oigynbtg272c19pw","time":1611701424,"event":{"mods":["BaseMod","Colored Map","Minty Spire (QoL Compilation)","Relic Stats","Slay the Relics Exporter","StSLib"],"gold_per_floor":[111,111,131,44,62,62,77,104,156,183,195,195,212,55,55,133,133,144,67,67,117,132,132,167,178,227,227,255,255,269,269,269,342,342,358,372,243,253,269,302,312,312,335,361,412,412,437,463,463,463,463,463],"floor_reached":51,"playtime":2943,"items_purged":["Perfected Strike+1"],"score":1495,"play_id":"7e5fa735-1e37-492f-852c-b8d37789595c","local_time":"20210126235024","is_ascension_mode":true,"campfire_choices":[{"data":"Perfected Strike","floor":6.0,"key":"SMITH"},{"data":"Pummel","floor":12.0,"key":"SMITH"},{"data":"Feel No Pain","floor":15.0,"key":"SMITH"},{"data":"Perfected Strike","floor":23.0,"key":"SMITH"},{"data":"Shockwave","floor":27.0,"key":"SMITH"},{"data":"Pummel","floor":29.0,"key":"SMITH"},{"data":"Double Tap","floor":32.0,"key":"SMITH"},{"floor":46.0,"key":"REST"},{"floor":49.0,"key":"RECALL"}],"circlet_count":0,"master_deck":["AscendersBane","Defend_R","Defend_R","Defend_R","Defend_R","Bash","Perfected Strike+1","Barricade","Ghostly Armor","Spot Weakness","Feel No Pain+1","Pummel+1","Pummel+1","Corruption","Double Tap+1","Shockwave+1","Disarm","Seeing Red","Rage+1","Second Wind","Bite","Bite","Bite","Bite","Bite","Impervious","Shrug It Off+1","Shrug It Off","Clothesline+1","Sadistic Nature","Bandage Up","Flash of Steel","Power Through"],"relics":["Burning Blood","Boot","Sundial","Akabeko","Omamori","Medical Kit","Busted Crown","Necronomicon","Shuriken","Red Skull","Cursed Key","Regal Pillow","Vajra","Lizard Tail","Peace Pipe","Dream Catcher"],"acts_visited":["Exordium","TheCity","TheBeyond"],"potions_floor_usage":[51],"damage_taken":[{"damage":4.0,"enemies":"Small Slimes","floor":1.0,"turns":5.0},{"damage":8.0,"enemies":"Cultist","floor":3.0,"turns":5.0},{"damage":19.0,"enemies":"2 Louse","floor":5.0,"turns":4.0},{"damage":11.0,"enemies":"Exordium Wildlife","floor":7.0,"turns":6.0},{"damage":4.0,"enemies":"Gremlin Nob","floor":8.0,"turns":3.0},{"damage":14.0,"enemies":"Lagavulin","floor":10.0,"turns":6.0},{"damage":0.0,"enemies":"Large Slime","floor":11.0,"turns":2.0},{"damage":0.0,"enemies":"3 Louse","floor":13.0,"turns":2.0},{"damage":54.0,"enemies":"Hexaghost","floor":16.0,"turns":10.0},{"damage":0.0,"enemies":"Chosen","floor":18.0,"turns":2.0},{"damage":0.0,"enemies":"Spheric Guardian","floor":22.0,"turns":1.0},{"damage":14.0,"enemies":"Slavers","floor":24.0,"turns":4.0},{"damage":5.0,"enemies":"Centurion and Healer","floor":25.0,"turns":2.0},{"damage":17.0,"enemies":"Gremlin Leader","floor":28.0,"turns":6.0},{"damage":0.0,"enemies":"Chosen and Byrds","floor":30.0,"turns":3.0},{"damage":37.0,"enemies":"Champ","floor":33.0,"turns":8.0},{"damage":23.0,"enemies":"3 Darklings","floor":35.0,"turns":8.0},{"damage":5.0,"enemies":"3 Shapes","floor":36.0,"turns":6.0},{"damage":25.0,"enemies":"Jaw Worm Horde","floor":38.0,"turns":4.0},{"damage":0.0,"enemies":"Maw","floor":39.0,"turns":8.0},{"damage":26.0,"enemies":"Giant Head","floor":40.0,"turns":8.0},{"damage":42.0,"enemies":"Spire Growth","floor":41.0,"turns":6.0},{"damage":19.0,"enemies":"Nemesis","floor":44.0,"turns":7.0},{"damage":26.0,"enemies":"2 Orb Walkers","floor":45.0,"turns":6.0},{"damage":0.0,"enemies":"Mind Bloom Boss Battle","floor":47.0,"turns":7.0},{"damage":71.0,"enemies":"Reptomancer","floor":48.0,"turns":10.0},{"damage":100.0,"enemies":"Awakened One","floor":50.0,"turns":11.0},{"damage":32,"enemies":"Time Eater","floor":51,"turns":4}],"seed_played":"-5042443965301498246","potions_obtained":[{"floor":3.0,"key":"SkillPotion"},{"floor":7.0,"key":"ColorlessPotion"},{"floor":10.0,"key":"Explosive Potion"},{"floor":13.0,"key":"Dexterity Potion"},{"floor":22.0,"key":"Swift Potion"},{"floor":30.0,"key":"SmokeBomb"},{"floor":38.0,"key":"ColorlessPotion"},{"floor":41.0,"key":"FearPotion"},{"floor":44.0,"key":"Block Potion"},{"floor":45.0,"key":"SkillPotion"},{"floor":48.0,"key":"ElixirPotion"}],"is_trial":false,"path_per_floor":["M","?","M","$","M","R","M","E","T","E","M","R","M","$","R","B",null,"M","$","?","?","M","R","E","M","T","R","E","R","M","?","R","B",null,"M","M","$","M","M","E","M","?","T","E","?","R","?","E","R","B","B"],"character_chosen":"IRONCLAD","items_purchased":["Feel No Pain","Medical Kit","Disarm","Shrug It Off"],"campfire_rested":1,"item_purchase_floors":[4,14,19,37],"current_hp_per_floor":[70,70,68,68,55,55,50,52,52,44,50,50,56,56,56,8,58,64,64,43,43,49,49,41,42,42,42,31,31,39,39,39,26,63,64,73,73,60,75,67,41,31,31,34,28,65,75,44,44,21,0,0],"gold":463,"neow_bonus":"RANDOM_COMMON_RELIC","is_daily":false,"chose_seed":false,"campfire_upgraded":7,"win_rate":0.0,"timestamp":1611701424,"path_taken":["M","?","M","?","M","R","M","E","T","E","M","R","?","$","R","BOSS","M","$","?","?","M","R","E","M","T","R","E","R","M","?","R","BOSS","M","M","$","M","M","E","M","?","T","E","?","R","?","E","R","BOSS","BOSS"],"items_purchased_type":["Card","Relic","Card","Card"],"build_version":"2020-12-13","purchased_purges":1,"victory":false,"max_hp_per_floor":[75,75,75,75,75,75,75,75,75,75,75,75,75,75,75,75,75,75,75,75,75,75,75,75,75,75,75,75,75,75,75,75,75,75,75,75,75,75,75,75,75,75,75,75,75,75,75,75,75,75,75,75],"relic_stats":{"Regal Pillow":15,"counters":[28,154],"Boot":[196],"Medical Kit":[21],"Cursed Key":1,"Burning Blood":150,"Peace Pipe":0,"Lizard Tail":37,"Dream Catcher":0,"Busted Crown":40,"Sundial":[12],"Shuriken":[43],"Necronomicon":[48],"obtain_stats":[{"Regal Pillow":40,"Vajra":44,"Omamori":10,"Boot":0,"Medical Kit":14,"Cursed Key":34,"Burning Blood":0,"Akabeko":9,"Blood Vial":28,"Peace Pipe":47,"Lizard Tail":45,"Dream Catcher":48,"Busted Crown":17,"Sundial":8,"Shuriken":24,"Necronomicon":20,"Red Skull":26},{"Regal Pillow":21,"Vajra":23,"Omamori":6,"Boot":0,"Medical Kit":8,"Cursed Key":16,"Burning Blood":0,"Akabeko":5,"Blood Vial":14,"Peace Pipe":25,"Lizard Tail":24,"Dream Catcher":26,"Busted Crown":9,"Sundial":5,"Shuriken":12,"Necronomicon":10,"Red Skull":13},{"Regal Pillow":103,"Vajra":116,"Omamori":29,"Boot":0,"Medical Kit":33,"Cursed Key":69,"Burning Blood":0,"Akabeko":23,"Blood Vial":58,"Peace Pipe":129,"Lizard Tail":122,"Dream Catcher":139,"Busted Crown":43,"Sundial":23,"Shuriken":50,"Necronomicon":45,"Red Skull":52}]},"card_choices":[{"not_picked":["True Grit","Shockwave"],"picked":"Perfected Strike","floor":1.0},{"not_picked":["Combust","Burning Pact"],"picked":"Spot Weakness","floor":3.0},{"not_picked":["Headbutt","Searing Blow"],"picked":"Pummel","floor":5.0},{"not_picked":["Uppercut","Rupture","Reckless Charge"],"picked":"SKIP","floor":7.0},{"not_picked":["Wild Strike","Clothesline","Blood for Blood"],"picked":"SKIP","floor":8.0},{"not_picked":["Clothesline","Thunderclap"],"picked":"Pummel","floor":10.0},{"not_picked":["Iron Wave","Shrug It Off"],"picked":"Perfected Strike","floor":11.0},{"not_picked":["Rupture","Spot Weakness"],"picked":"Corruption","floor":13.0},{"not_picked":["Berserk","Brutality"],"picked":"Double Tap","floor":16.0},{"not_picked":[],"picked":"Shockwave","floor":18.0},{"not_picked":["Evolve+1"],"picked":"SKIP","floor":22.0},{"not_picked":[],"picked":"Seeing Red","floor":24.0},{"not_picked":[],"picked":"Rage+1","floor":25.0},{"not_picked":[],"picked":"Second Wind","floor":28.0},{"not_picked":["Thunderclap"],"picked":"SKIP","floor":30.0},{"not_picked":["Thunderclap"],"picked":"SKIP","floor":30.0},{"not_picked":[],"picked":"Impervious","floor":33.0},{"not_picked":[],"picked":"Shrug It Off+1","floor":35.0},{"not_picked":["Combust"],"picked":"SKIP","floor":36.0},{"not_picked":["Reckless Charge"],"picked":"SKIP","floor":38.0},{"not_picked":["Reckless Charge"],"picked":"SKIP","floor":38.0},{"not_picked":["Sword Boomerang+1"],"picked":"SKIP","floor":39.0},{"not_picked":["Heavy Blade"],"picked":"SKIP","floor":40.0},{"not_picked":[],"picked":"Clothesline+1","floor":41.0},{"not_picked":[],"picked":"Sadistic Nature","floor":42.0},{"not_picked":[],"picked":"Bandage Up","floor":42.0},{"not_picked":[],"picked":"Flash of Steel","floor":42.0},{"not_picked":["Clash"],"picked":"SKIP","floor":44.0},{"not_picked":[],"picked":"Power Through","floor":48.0}],"player_experience":1491661,"relics_obtained":[{"floor":8.0,"key":"Sundial"},{"floor":9.0,"key":"Akabeko"},{"floor":10.0,"key":"Omamori"},{"floor":20.0,"key":"Necronomicon"},{"floor":24.0,"key":"Shuriken"},{"floor":26.0,"key":"Red Skull"},{"floor":28.0,"key":"Blood Vial"},{"floor":40.0,"key":"Regal Pillow"},{"floor":44.0,"key":"Vajra"},{"floor":45.0,"key":"Lizard Tail"},{"floor":47.0,"key":"Peace Pipe"},{"floor":48.0,"key":"Dream Catcher"}],"event_choices":[{"damage_healed":0.0,"max_hp_gain":0.0,"max_hp_loss":0.0,"gold_gain":0.0,"event_name":"Match and Keep!","player_choice":"2 cards matched","floor":2.0,"gold_loss":0.0,"damage_taken":0.0,"cards_obtained":["Barricade","Ghostly Armor"]},{"damage_healed":0.0,"max_hp_gain":0.0,"max_hp_loss":0.0,"gold_gain":0.0,"event_name":"Cursed Tome","player_choice":"Obtained Book","floor":20.0,"gold_loss":0.0,"damage_taken":21.0},{"damage_healed":0.0,"max_hp_gain":0.0,"max_hp_loss":0.0,"gold_gain":50.0,"event_name":"Nest","player_choice":"Stole From Cult","floor":21.0,"gold_loss":0.0,"damage_taken":0.0},{"damage_healed":0.0,"max_hp_gain":0.0,"max_hp_loss":0.0,"gold_gain":0.0,"event_name":"Vampires","player_choice":"Became a vampire (Vial)","floor":31.0,"relics_lost":["Blood Vial"],"gold_loss":0.0,"damage_taken":0.0,"cards_obtained":["Bite","Bite","Bite","Bite","Bite"]},{"damage_healed":0.0,"max_hp_gain":0.0,"max_hp_loss":0.0,"gold_gain":0.0,"event_name":"SensoryStone","player_choice":"Memory 3","floor":42.0,"gold_loss":0.0,"damage_taken":10.0},{"damage_healed":0.0,"max_hp_gain":0.0,"max_hp_loss":0.0,"gold_gain":0.0,"event_name":"Mysterious Sphere","player_choice":"Fight","floor":45.0,"gold_loss":0.0,"damage_taken":0.0},{"damage_healed":0.0,"max_hp_gain":0.0,"max_hp_loss":0.0,"gold_gain":0.0,"event_name":"MindBloom","player_choice":"Fight","floor":47.0,"gold_loss":0.0,"damage_taken":0.0}],"is_beta":false,"boss_relics":[{"not_picked":["Philosopher\u0027s Stone","Black Blood"],"picked":"Busted Crown"},{"not_picked":["Pandora\u0027s Box","Sozu"],"picked":"Cursed Key"}],"items_purged_floors":[37],"is_endless":false,"potions_floor_spawned":[3,7,10,13,22,30,38,41,44,45,47,48],"killed_by":"Time Eater","ascension_level":20}}