{"host":"minbhrtlkaoly5f0","time":1611635234,"event":{"mods":["Act Like it!","BaseMod","Colored Map","Lobotomy","LobotomyExtend","Minty Spire (QoL Compilation)","Quick Restart","StSLib"],"gold_per_floor":[114,134,144,156,176,176,207,218,218,231,231,156,156,166,166,267,267,286,301,317,334,350,425,600,600,600,600,600,500,526,540,540,540],"floor_reached":13,"language":"ZHS","playtime":1197,"items_purged":["CrumblingArmor","SpecialBullet"],"score":103,"play_id":"75409462-e958-4e96-b637-760d2ac03d81","local_time":"20210126122714","is_ascension_mode":false,"campfire_choices":[],"circlet_count":0,"master_deck":["SpecialBullet","SpecialBullet","SpecialBullet","SpecialBullet","SpecialBullet","SpecialBullet","SpecialBullet","InformationCode","SecurityCode","TrainingCode","Reverberation","SpiderBud","RedEyes","GrinderMk4","ControlCode","Horn","UniverseFragment","SilentOrchestra","CentralCode","WallGazer","TT2Protocol","GoldRush","Scorched","Spore","OSAHOGD","Doubt","FourthMatchFlame"],"relics":["CogitoBucket","Lizard Tail","Letter Opener","LuminousBracelet","Bronze Scales","SlaversCollar","FleshIdol","LetterFromLob","MagicBullet_r","MealTicket"],"acts_visited":["Exordium","TheCity"],"potions_floor_usage":[7,7,7,16,19,13],"damage_taken":[{"damage":6.0,"enemies":"Cultist","floor":1.0,"turns":3.0},{"damage":8.0,"enemies":"Small Slimes","floor":2.0,"turns":2.0},{"damage":11.0,"enemies":"Jaw Worm","floor":3.0,"turns":2.0},{"damage":11.0,"enemies":"Exordium Wildlife","floor":4.0,"turns":3.0},{"damage":24.0,"enemies":"Blue Slaver","floor":5.0,"turns":3.0},{"damage":28,"enemies":"Lagavulin","floor":7,"turns":5},{"damage":16,"enemies":"Exordium Thugs","floor":8,"turns":5},{"damage":7,"enemies":"3 Louse","floor":10,"turns":3},{"damage":18,"enemies":"Exordium Wildlife","floor":14,"turns":3},{"damage":62,"enemies":"The Guardian","floor":16,"turns":7},{"damage":41,"enemies":"Shell Parasite","floor":18,"turns":5},{"damage":62,"enemies":"3 Byrds","floor":19,"turns":6},{"damage":2,"enemies":"Jaw Worm","floor":1,"turns":1},{"damage":8,"enemies":"2 Louse","floor":2,"turns":2},{"damage":6,"enemies":"Cultist","floor":3,"turns":2},{"damage":13,"enemies":"Exordium Wildlife","floor":12,"turns":2},{"damage":101,"enemies":"Lots of Slimes","floor":13,"turns":4}],"seed_played":"1153546160235654003","potions_obtained":[{"floor":1.0,"key":"Explosive Potion"},{"floor":2.0,"key":"Dexterity Potion"},{"floor":4.0,"key":"Energy Potion"},{"floor":14,"key":"SteroidPotion"},{"floor":18,"key":"Explosive Potion"},{"floor":2,"key":"Energy Potion"},{"floor":3,"key":"BlessingOfTheForge"}],"is_trial":false,"path_per_floor":["M","M","M","M","M","R","E","M","T","M","R","$","?","M","R","B",null,"M","M","M","M","M","M","?","?","R","E","R","T","$","T","M","M"],"character_chosen":"Angela","items_purchased":[],"campfire_rested":0,"item_purchase_floors":[],"current_hp_per_floor":[51,51,48,45,29,29,9,53,53,54,54,54,75,73,73,54,85,62,32,85,85,85,74,74,74,74,74,74,74,74,82,0,0],"gold":540,"neow_bonus":"ONE_RARE_RELIC","is_daily":false,"chose_seed":false,"campfire_upgraded":0,"win_rate":0.0,"timestamp":1611635234,"path_taken":["M","?","M","M","M","R","E","M","T","M","R","$","?","M","R","BOSS","M","M","?","M","M","M","?","?","R","E","R","T","?","?","?","M"],"items_purchased_type":[],"build_version":"2020-12-22","purchased_purges":2,"victory":false,"max_hp_per_floor":[70,70,70,70,70,70,70,85,85,85,85,85,85,85,85,85,85,85,85,85,85,85,85,85,85,85,85,85,85,85,82,82,82],"card_choices":[{"not_picked":["Logging"],"picked":"Reverberation","floor":1.0},{"not_picked":["Bloodbath","WallGazer"],"picked":"SpiderBud","floor":2.0},{"not_picked":["LifeForTheDareDevil"],"picked":"RedEyes","floor":2.0},{"not_picked":["Penitence","Wingbeat"],"picked":"SKIP","floor":3.0},{"not_picked":["LaLuna","GalaxyChild"],"picked":"CrumblingArmor","floor":4.0},{"not_picked":["CUTE","Loneliness"],"picked":"SKIP","floor":4.0},{"not_picked":["CUTE","Loneliness"],"picked":"SKIP","floor":4.0},{"not_picked":["Regret_ego"],"picked":"GrinderMk4","floor":5.0},{"not_picked":["MagicBullet"],"picked":"Horn","floor":7},{"not_picked":["CherryBlossoms","DreamingCurrent"],"picked":"UniverseFragment","floor":7},{"not_picked":["Wingbeat","CherryBlossom"],"picked":"SKIP","floor":8},{"not_picked":["Porccubus","Mercenary"],"picked":"SilentOrchestra","floor":10},{"not_picked":["CherryBlossom","Wingbeat"],"picked":"SKIP","floor":10},{"not_picked":["Wellcheers","Scarecrow"],"picked":"WallGazer","floor":14},{"not_picked":["ShedSkin","RapturousDream"],"picked":"SKIP","floor":14},{"not_picked":["Adoration"],"picked":"GoldRush","floor":16},{"not_picked":["DespairKnight","BigBird"],"picked":"Scorched","floor":18},{"not_picked":["Horn+1","Wingbeat+1"],"picked":"SKIP","floor":18},{"not_picked":["GreenStem+1","RapturousDream"],"picked":"SKIP","floor":19},{"not_picked":["RapturousDream"],"picked":"Spore","floor":1},{"not_picked":["BeautyBeast","Wellcheers"],"picked":"OSAHOGD","floor":2},{"not_picked":["Gaze","Beak"],"picked":"SKIP","floor":2},{"not_picked":["Soda","Horn"],"picked":"SKIP","floor":3},{"not_picked":["Penitence"],"picked":"FourthMatchFlame","floor":12}],"player_experience":64735,"relics_obtained":[{"floor":1.0,"key":"LetterFromLob"},{"floor":7,"key":"Letter Opener"},{"floor":9,"key":"Bronze Scales"},{"floor":1,"key":"LetterFromLob"},{"floor":11,"key":"MealTicket"}],"event_choices":[{"damage_healed":21,"gold_gain":0,"player_choice":"Healed and dodged fight","damage_taken":0,"max_hp_gain":0,"max_hp_loss":0,"event_name":"Mushrooms","floor":13,"gold_loss":0,"cards_obtained":["Parasite"]},{"damage_healed":0,"gold_gain":75,"player_choice":"Gather Gold","damage_taken":11,"max_hp_gain":0,"max_hp_loss":0,"event_name":"World of Goop","floor":4,"gold_loss":0},{"damage_healed":0,"gold_gain":175,"player_choice":"AGREE","damage_taken":0,"max_hp_gain":0,"max_hp_loss":0,"event_name":"Liars Game","floor":5,"gold_loss":0,"cards_obtained":["Doubt"]}],"is_beta":false,"boss_relics":[{"not_picked":["Sozu","Velvet Choker"],"picked":"SlaversCollar"}],"items_purged_floors":[12,10],"is_endless":false,"potions_floor_spawned":[1,2,4,5,14,18,2,3],"killed_by":"Lots of Slimes","ascension_level":0}}