{"host":"nia1zwr35jsu5y7h","time":1611623324,"event":{"mods":["2.2 Compatiblity","Abigail Mod","Bard","BaseMod","Colored Map","Conspire","Downfall","Friendly Minions","Hermit","Highlight Path","Hubris","Infinite Spire","Kiyohime????","Koishi","Marisa????????","Minty Spire (QoL Compilation)","Quick Restart","Replay The Spire","Shade Mod","Shop Mod","StSLib","The Administrix","The Animator","The Construct","The Cursed","The Disciple","The Mystic","The Necromancer","The Servant 0.9.4"],"gold_per_floor":[373,68,80,80,91,91,91,91],"floor_reached":7,"language":"ENG","playtime":399,"items_purged":[],"score":45,"play_id":"0f3c534b-7fc5-41d1-ac73-81dcad9a4d99","local_time":"20210125170844","is_ascension_mode":true,"campfire_choices":[{"data":"animator:DolaStephanie","floor":6,"key":"SMITH"}],"circlet_count":0,"master_deck":["animator:Strike_Fate","animator:Defend_Fate","animator:Strike","animator:Strike","animator:Strike","animator:Defend","animator:Defend","animator:Defend","animator:Alexander","animator:Rider","Bash","AdministrixMod:Defend_Administrix","animator:ShinjiMatou","animator:DolaStephanie+1","animator:AcuraTooru"],"relics":["animator:LivingPicture","animator:TheMissingPiece","animator:PurgingStone","Ice Cream","conspire:DeflatedDodgeball"],"acts_visited":["Exordium"],"potions_floor_usage":[7],"damage_taken":[{"damage":0,"enemies":"Small Slimes","floor":1,"turns":4},{"damage":16,"enemies":"infinitespire:Voidling","floor":3,"turns":8},{"damage":2,"enemies":"conspire:RoseBush","floor":5,"turns":4},{"damage":9,"enemies":"3 Sentries","floor":7,"turns":4}],"seed_played":"-4370623859370125649","potions_obtained":[{"floor":1,"key":"Elixir"}],"is_trial":false,"path_per_floor":["M","$","M","?","M","R","E"],"character_chosen":"THE_ANIMATOR","items_purchased":["Ice Cream"],"campfire_rested":0,"item_purchase_floors":[2],"current_hp_per_floor":[66,66,60,35,33,33,24,24],"gold":91,"neow_bonus":"TWO_FIFTY_GOLD","is_daily":false,"chose_seed":false,"campfire_upgraded":1,"win_rate":0.0,"timestamp":1611623324,"path_taken":["M","$","M","?","M","R","E"],"items_purchased_type":["Relic"],"build_version":"2020-12-22","purchased_purges":0,"victory":false,"max_hp_per_floor":[66,66,66,66,66,66,66,66],"card_choices":[{"not_picked":["animator:MumenRider","animator:ZankiKiguchi"],"picked":"animator:ShinjiMatou","floor":1},{"not_picked":["animator:Chung","animator:TukaLunaMarceau"],"picked":"animator:DolaStephanie","floor":3},{"not_picked":["animator:Alexander","animator:ZankiKiguchi"],"picked":"animator:AcuraTooru","floor":5}],"player_experience":2259729,"relics_obtained":[],"event_choices":[{"damage_healed":0,"gold_gain":0,"player_choice":"Success","damage_taken":25,"relics_obtained":["conspire:DeflatedDodgeball"],"max_hp_gain":0,"max_hp_loss":0,"event_name":"Scrap Ooze","floor":4,"gold_loss":0}],"is_beta":false,"boss_relics":[],"items_purged_floors":[],"is_endless":false,"potions_floor_spawned":[1],"killed_by":"3 Sentries","ascension_level":2}}