{"host":"q1gs7pmqdidxkuxt","time":1611658735,"event":{"mods":["AchievementEnabler","Aspiration","Bard","BaseMod","Beaked The Cultist","Better Altar","Better Match","Better Note","Better Sensory Stone","Better Skull","Better Third Choice","BetterRewards","CCEM2","Clawfect","Colored Map","Conspire","Downfall","GifTheSpireLib","Googly Eyes","Halation","Hermit","Highlight Path","Hubris","Hunter ??","Infinite Spire","Jedi Mod","Jorbs\u0027s Wanderer Trilogy","Mad Scientist","Marisa????????","Mimic Mod","Minty Spire (QoL Compilation)","Permanent Neow","Replay The Spire","Shade Mod","Shop Mod","Spicy Shops","StSLib","Stuff the Spire","The Administrix","The Blackbeard","The Bug Knight","The Construct","The Cursed","The Disciple","The Gatherer","The Hierophant","The IronCluck","The Jungle","The Mystic","The Necromancer","The Problem Sleuth","The Runesmith","The Servant 0.9.4","The Spell Scribe","The Witch","Unceasing Turn Reminder","[IsaacMod]????","everything is the same but u backflip on backflip","slay the spire mod where everything is the same but ironclad has a cowboy hat"],"gold_per_floor":[99,116,129,129,143,169,203,203,217,233,233,233,233,243,259,364,464,464,484,484,469,485,495,525,555,565,565,580,580,580,595,608,707,707,707,727,737,737,737,748,748,648,662,673,673,785,785,785,795,795],"floor_reached":51,"language":"ENG","playtime":3111,"items_purged":["Slimebound:GoopTackle"],"score":702,"play_id":"91b4a2ed-7ea7-4280-be85-a4d091998ac7","local_time":"20210126045855","is_ascension_mode":false,"campfire_choices":[{"data":"Slimebound:Split","floor":1,"key":"SMITH"},{"data":"Slimebound:SplitLeeching","floor":8,"key":"SMITH"},{"data":"Slimebound:SlimeSpikes","floor":11,"key":"SMITH"},{"data":"Slimebound:MassRepurpose","floor":18,"key":"SMITH"},{"data":"Slimebound:LevelUp","floor":27,"key":"SMITH"},{"data":"Slimebound:LeadByExample","floor":30,"key":"SMITH"},{"data":"Slimebound:Gluttony","floor":35,"key":"SMITH"},{"floor":42,"key":"REST"},{"floor":47,"key":"REST"}],"circlet_count":0,"master_deck":["Slimebound:Strike_Slimebound","Slimebound:Strike_Slimebound","Slimebound:Strike_Slimebound","Slimebound:Defend_Slimebound","Slimebound:Defend_Slimebound+1","Slimebound:Defend_Slimebound","Slimebound:Split+1","Slimebound:CorrosiveSpit","Bomb","Slimebound:SplitBruiser+1","Slimebound:Nibble","Slimebound:SplitLeeching+1","Slimebound:SplitMire","Slimebound:MassRepurpose","Slimebound:SamplingLick","Slimebound:SlimeSpikes+1","Slimebound:MassRepurpose+1","Slimebound:Gluttony+1","Slimebound:SplitBruiser+1","Slimebound:LevelUp+1","Slimebound:LeadByExample+1","Slimebound:SplitBruiser","Slimebound:OozeBath","Slimebound:LeadByExample+1","Slimebound:SplitMire+1","Slimebound:SplitMire","Slimebound:SplitBruiser","Slimebound:LeadByExample","Slimebound:Schlurp","Slimebound:LivingWall+1"],"relics":["Slimebound:AbsorbEndCombat","HushsDoor","halation:StarCompass","CCEMRelics:DissonantTune","War Paint","ReplayTheSpireMod:Ring of Sloth","Replay:Wanted Poster","CCEMRelics:GlassOfMilk","hubris:GlazedTorus","Painkiller Herb","StuffTheSpire:HeavyRock","halation:PinkSoulGem","downfall:HeartBlessingBlue","hubris:Icosahedron","Red Mask","downfall:RedIOUUpgrade"],"acts_visited":["Exordium","TheCity","TheBeyond"],"potions_floor_usage":[49,50,50],"damage_taken":[{"damage":16,"enemies":"Jaw Worm","floor":2,"turns":4},{"damage":6,"enemies":"2 Louse","floor":3,"turns":3},{"damage":5,"enemies":"Small Slimes","floor":5,"turns":3},{"damage":19,"enemies":"Gremlin Nob","floor":6,"turns":4},{"damage":0,"enemies":"Blue Slaver","floor":7,"turns":5},{"damage":2,"enemies":"Blue Slaver","floor":9,"turns":2},{"damage":5,"enemies":"3 Louse","floor":10,"turns":3},{"damage":3,"enemies":"Exordium Thugs","floor":14,"turns":5},{"damage":28,"enemies":"Gremlin Gang","floor":15,"turns":5},{"damage":17,"enemies":"WA_ARCHETYPE_RETAIN","floor":16,"turns":7},{"damage":21,"enemies":"Spheric Guardian","floor":19,"turns":4},{"damage":0,"enemies":"downfall:FleeingMerchant","floor":21,"turns":4},{"damage":1,"enemies":"Shell Parasite","floor":22,"turns":4},{"damage":7,"enemies":"3 Cultists","floor":23,"turns":5},{"damage":0,"enemies":"Centurion and Healer","floor":24,"turns":4},{"damage":3,"enemies":"Book of Stabbing","floor":25,"turns":4},{"damage":0,"enemies":"Centurion and Healer","floor":26,"turns":4},{"damage":13,"enemies":"Snake Plant","floor":28,"turns":4},{"damage":0,"enemies":"Snecko","floor":31,"turns":3},{"damage":4,"enemies":"Centurion and Healer","floor":32,"turns":4},{"damage":45,"enemies":"DF_ARCHETYPE_CLAW","floor":33,"turns":7},{"damage":0,"enemies":"3 Shapes","floor":36,"turns":5},{"damage":38,"enemies":"3 Darklings","floor":37,"turns":6},{"damage":0,"enemies":"Spire Growth","floor":40,"turns":4},{"damage":0,"enemies":"Transient","floor":43,"turns":5},{"damage":45,"enemies":"Writhing Mass","floor":44,"turns":4},{"damage":25,"enemies":"4 Shapes","floor":46,"turns":5},{"damage":5,"enemies":"Sphere and 2 Shapes","floor":49,"turns":5},{"damage":12,"enemies":"IC_BLOCK_ARCHETYPE","floor":50,"turns":8}],"seed_played":"6287880162128057303","potions_obtained":[{"floor":5,"key":"Strength Potion"},{"floor":10,"key":"Ancient Potion"},{"floor":14,"key":"Swift Potion"},{"floor":19,"key":"champ:CounterPotion"},{"floor":32,"key":"Slimebound:SpawnSlimePotion"},{"floor":33,"key":"LifebloodPotion"},{"floor":37,"key":"bronze:BurnAndBuffPotion"}],"is_trial":false,"path_per_floor":["R","M","M","?","M","E","MIM","R","M","M","R","?","?","M","M","B",null,"R","M","?","$","M","M","MIM","E","M","R","M","?","R","M","M","B",null,"T","?","?","AVR","?","?","T","T","?","?","?","?","T","?","?","B",null],"character_chosen":"SLIMEBOUND","items_purchased":[],"campfire_rested":2,"item_purchase_floors":[],"current_hp_per_floor":[59,47,41,41,42,29,35,35,37,34,34,34,34,35,15,6,59,59,40,40,46,51,48,52,57,59,59,49,49,49,53,55,18,59,59,59,23,23,23,29,29,59,65,24,24,5,25,25,24,20],"gold":795,"neow_bonus":"REMOVE_TWO","is_daily":false,"chose_seed":false,"campfire_upgraded":7,"win_rate":0.0,"timestamp":1611658735,"path_taken":["R","M","M","?","M","E","MIM","R","M","M","R","?","?","?","M","BOSS","R","M","?","$","M","M","MIM","E","?","R","M","?","R","M","M","BOSS","T","?","?","AVR","?","?","T","T","?","?","?","?","T","?","?","BOSS"],"items_purchased_type":[],"build_version":"2020-12-22","purchased_purges":1,"victory":true,"max_hp_per_floor":[59,59,59,59,59,59,59,59,59,59,59,59,59,59,59,59,59,59,59,59,59,59,59,59,59,59,59,59,59,59,59,59,59,59,59,59,59,59,59,59,59,69,69,69,69,69,69,69,69,69],"card_choices":[{"not_picked":[],"picked":"Bomb","floor":0},{"not_picked":["Slimebound:RollThrough","Slimebound:Prepare"],"picked":"Slimebound:SplitBruiser","floor":2},{"not_picked":["Slimebound:SplitLeeching","Slimebound:SplitMire"],"picked":"Slimebound:Nibble","floor":3},{"not_picked":["Slimebound:GoopTackle","Slimebound:RollThrough"],"picked":"Slimebound:SplitLeeching","floor":5},{"not_picked":["Slimebound:Prepare","Slimebound:PressTheAttack"],"picked":"Slimebound:SplitMire","floor":6},{"not_picked":["Slimebound:FlameTackle","Slimebound:DisruptingSlam"],"picked":"Slimebound:MassRepurpose","floor":7},{"not_picked":["Slimebound:PressTheAttack","Slimebound:LeechEnergy"],"picked":"Slimebound:SamplingLick","floor":9},{"not_picked":["Slimebound:HauntingLick","Slimebound:DisruptingSlam"],"picked":"Slimebound:SlimeSpikes","floor":10},{"not_picked":["Slimebound:RainOfGoop","Slimebound:PressTheAttack"],"picked":"Slimebound:GoopTackle","floor":14},{"not_picked":["Slimebound:FlameTackle","Slimebound:ComboTackle","Slimebound:FirmFortitude"],"picked":"SKIP","floor":15},{"not_picked":["Slimebound:DuplicatedForm","Slimebound:DouseInSlime"],"picked":"Slimebound:MassRepurpose","floor":16},{"not_picked":["Slimebound:Prepare","Slimebound:GoopSpray+1"],"picked":"Slimebound:Nibble","floor":19},{"not_picked":["Slimebound:Chomp","Slimebound:ForwardTackle","Slimebound:GoopSpray"],"picked":"SKIP","floor":21},{"not_picked":["Slimebound:Prepare","Slimebound:Dissolve"],"picked":"Slimebound:Gluttony","floor":22},{"not_picked":["Slimebound:BestDefense","Slimebound:PressTheAttack"],"picked":"Slimebound:SplitBruiser","floor":23},{"not_picked":["Slimebound:Prepare","Slimebound:SlimeBarrage","Slimebound:Overexert"],"picked":"SKIP","floor":25},{"not_picked":["Slimebound:SlimeBarrage","Slimebound:Replication"],"picked":"Slimebound:LevelUp","floor":26},{"not_picked":["Slimebound:LeechEnergy+1","Slimebound:LivingWall"],"picked":"Slimebound:LeadByExample","floor":28},{"not_picked":["Slimebound:FinishingTackle","Slimebound:TongueLash","Slimebound:DisruptingSlam+1"],"picked":"SKIP","floor":31},{"not_picked":["Slimebound:PressTheAttack","Slimebound:FormOfPuddle+1"],"picked":"Slimebound:SplitBruiser","floor":32},{"not_picked":["Slimebound:MinionMaster","Slimebound:RallyTheTroops"],"picked":"Slimebound:OozeBath","floor":33},{"not_picked":["Slimebound:ProtectTheBoss+1","Slimebound:GrowthPunch"],"picked":"Slimebound:LeadByExample+1","floor":36},{"not_picked":["Slimebound:ComboTackle+1","Slimebound:SlimeBarrage"],"picked":"Slimebound:SplitMire+1","floor":37},{"not_picked":["Slimebound:Prepare+1","Slimebound:RollThrough"],"picked":"Slimebound:SplitMire","floor":40},{"not_picked":["Slimebound:LivingWall+1","Slimebound:TongueLash+1"],"picked":"Slimebound:SplitBruiser","floor":43},{"not_picked":["Slimebound:SlimeSlap","Slimebound:SlimeSpikes"],"picked":"Slimebound:LeadByExample","floor":44},{"not_picked":["Slimebound:ForwardTackle+1","Slimebound:SplitBruiser+1"],"picked":"Slimebound:Schlurp","floor":46},{"not_picked":["Slimebound:GoopSpray","Slimebound:PressTheAttack+1"],"picked":"Slimebound:LivingWall+1","floor":49}],"player_experience":179340,"relics_obtained":[{"floor":6,"key":"CCEMRelics:DissonantTune"},{"floor":7,"key":"War Paint"},{"floor":12,"key":"ReplayTheSpireMod:Ring of Sloth"},{"floor":24,"key":"CCEMRelics:GlassOfMilk"},{"floor":25,"key":"hubris:GlazedTorus"}],"event_choices":[{"damage_healed":0,"gold_gain":0,"player_choice":"Ignored","damage_taken":0,"max_hp_gain":0,"max_hp_loss":0,"event_name":"betterNote:BetterNote","floor":13,"gold_loss":0,"cards_obtained":["Infernal Blade"]}],"is_beta":false,"boss_relics":[{"not_picked":["Honey Jar","aspiration:SecretTechniqueScroll"],"picked":"Replay:Wanted Poster"},{"not_picked":[]},{"not_picked":["aspiration:PoetsPen_weak","ReplayTheSpireMod:SealedPack"],"picked":"Painkiller Herb"},{"not_picked":[]}],"items_purged_floors":[38],"is_endless":false,"potions_floor_spawned":[5,10,14,15,19,23,25,26,32,33,37,40,43,49],"ascension_level":0}}