{"host":"xvcswx52z80fmg13","time":1611697531,"event":{"mods":["BaseMod","Colored Map","Colored Powertips","Highlight Path","Minty Spire (QoL Compilation)"],"gold_per_floor":[117,132,207,207,207,246,246,282,305,305,326,357,357,380,380,508,508,448,373,91,91,1,1,1,1,1,1,1,1,1,1,1,1,1,1,1,1,1,1,1,1,1,1,1,1,1,1,1,1,1,1],"floor_reached":50,"language":"ENG","playtime":4990,"items_purged":["Strike_R"],"score":523,"play_id":"b93b7221-f078-4bbe-8088-c44544868e07","local_time":"20210126174531","is_ascension_mode":false,"campfire_choices":[{"floor":7,"key":"REST"},{"floor":10,"key":"REST"},{"data":"Searing Blow","floor":13,"key":"SMITH"},{"data":"Searing Blow+1","floor":15,"key":"SMITH"},{"data":"Searing Blow+2","floor":29,"key":"SMITH"},{"data":"1","floor":32,"key":"LIFT"},{"data":"2","floor":40,"key":"LIFT"},{"floor":42,"key":"REST"},{"floor":44,"key":"RECALL"},{"data":"3","floor":49,"key":"LIFT"}],"circlet_count":0,"master_deck":["Strike_R","Defend_R+1","Defend_R","Defend_R","Defend_R","Bash","Searing Blow+3","Thunderclap","Flex","Clash","Shockwave","Limit Break+1","Warcry+1","Inflame","Clothesline+1","Ghostly","Ghostly","Ghostly","Ghostly","Ghostly","Flex+1","Rampage+1","Pain","Rage","Madness","Madness","Shame","True Grit+1","Shrug It Off","Parasite"],"relics":["Burning Blood","Vajra","Golden Idol","Dream Catcher","Smiling Mask","Tiny Chest","Ectoplasm","Sling","Enchiridion","MealTicket","White Beast Statue","Lantern","Girya","Cursed Key","Art of War","Mummified Hand"],"acts_visited":["Exordium","TheCity","TheBeyond"],"potions_floor_usage":[6,16,23,23,33,33,33,37,50],"damage_taken":[{"damage":1,"enemies":"Jaw Worm","floor":1,"turns":3},{"damage":0,"enemies":"Small Slimes","floor":2,"turns":3},{"damage":14,"enemies":"Gremlin Nob","floor":6,"turns":3},{"damage":27,"enemies":"3 Sentries","floor":8,"turns":7},{"damage":0,"enemies":"2 Louse","floor":11,"turns":2},{"damage":18,"enemies":"Gremlin Nob","floor":12,"turns":4},{"damage":7,"enemies":"Blue Slaver","floor":14,"turns":2},{"damage":57,"enemies":"Hexaghost","floor":16,"turns":10},{"damage":16,"enemies":"2 Thieves","floor":18,"turns":4},{"damage":30,"enemies":"Gremlin Leader","floor":23,"turns":5},{"damage":5,"enemies":"Shell Parasite","floor":25,"turns":4},{"damage":9,"enemies":"Book of Stabbing","floor":30,"turns":6},{"damage":0,"enemies":"Snecko","floor":31,"turns":3},{"damage":8,"enemies":"Collector","floor":33,"turns":6},{"damage":10,"enemies":"3 Shapes","floor":35,"turns":4},{"damage":5,"enemies":"3 Darklings","floor":37,"turns":4},{"damage":22,"enemies":"Maw","floor":39,"turns":8},{"damage":5,"enemies":"Transient","floor":45,"turns":5},{"damage":5,"enemies":"3 Darklings","floor":46,"turns":5},{"damage":4,"enemies":"Writhing Mass","floor":47,"turns":7},{"damage":4,"enemies":"Transient","floor":48,"turns":5},{"damage":34,"enemies":"Time Eater","floor":50,"turns":6}],"seed_played":"-2647826967167009659","potions_obtained":[{"floor":1,"key":"ColorlessPotion"},{"floor":2,"key":"BloodPotion"},{"floor":14,"key":"Regen Potion"},{"floor":18,"key":"PowerPotion"},{"floor":25,"key":"AttackPotion"},{"floor":30,"key":"SteroidPotion"},{"floor":31,"key":"SkillPotion"},{"floor":33,"key":"Energy Potion"},{"floor":35,"key":"Energy Potion"},{"floor":37,"key":"Ancient Potion"},{"floor":39,"key":"LiquidBronze"},{"floor":45,"key":"Weak Potion"},{"floor":46,"key":"EssenceOfSteel"}],"is_trial":false,"path_per_floor":["M","M","?","?","?","E","R","E","T","R","M","E","R","M","R","B",null,"M","?","$","?","?","E","T","M","T","?","$","R","E","M","R","B",null,"M","T","M","?","M","R","?","R","T","R","M","M","M","M","R","B"],"character_chosen":"IRONCLAD","items_purchased":["Sling","Inflame"],"campfire_rested":3,"item_purchase_floors":[20,20],"current_hp_per_floor":[80,80,69,49,33,25,49,28,28,52,58,46,46,45,45,10,80,70,70,70,54,54,44,44,45,45,40,40,40,37,40,40,38,40,36,36,37,32,16,16,16,28,28,28,29,30,32,34,34,0,0],"gold":1,"neow_bonus":"RANDOM_COMMON_RELIC","is_daily":false,"chose_seed":false,"campfire_upgraded":3,"win_rate":0.0,"timestamp":1611697531,"path_taken":["M","M","?","?","?","E","R","E","T","R","M","E","R","M","R","BOSS","M","?","$","?","?","E","?","?","T","?","?","R","E","M","R","BOSS","M","?","M","?","M","R","?","R","T","R","M","M","M","M","R","BOSS"],"items_purchased_type":["Relic","Card"],"build_version":"2020-12-22","purchased_purges":1,"victory":false,"max_hp_per_floor":[80,80,80,80,80,80,80,80,80,80,80,80,80,80,80,80,80,80,80,80,80,80,80,80,80,80,40,40,40,40,40,40,40,40,40,40,40,40,40,40,40,40,40,40,40,40,40,40,40,40,40],"card_choices":[{"not_picked":["Uppercut","Dark Embrace"],"picked":"Searing Blow","floor":1},{"not_picked":["Cleave","Warcry"],"picked":"Thunderclap","floor":2},{"not_picked":["Intimidate","Entrench"],"picked":"Flex","floor":6},{"not_picked":["Blood for Blood","Hemokinesis","Body Slam"],"picked":"SKIP","floor":8},{"not_picked":["Cleave","Rupture"],"picked":"Clash","floor":10},{"not_picked":["Body Slam","Warcry","Clash"],"picked":"SKIP","floor":11},{"not_picked":["Second Wind","Rampage","True Grit"],"picked":"SKIP","floor":12},{"not_picked":["Headbutt","Sword Boomerang"],"picked":"Shockwave","floor":14},{"not_picked":["Bludgeon","Offering"],"picked":"Limit Break","floor":16},{"not_picked":["Pommel Strike","Sword Boomerang"],"picked":"Warcry+1","floor":18},{"not_picked":["Spot Weakness","Pummel"],"picked":"Clothesline+1","floor":23},{"not_picked":["Rampage","Combust","Fire Breathing"],"picked":"SKIP","floor":25},{"not_picked":["Corruption","Dark Embrace+1"],"picked":"Flex+1","floor":30},{"not_picked":["Clothesline","Armaments"],"picked":"Rampage+1","floor":31},{"not_picked":["True Grit","Anger","Flex"],"picked":"SKIP","floor":35},{"not_picked":["Seeing Red+1","Searing Blow+1"],"picked":"Rage","floor":37},{"not_picked":["Intimidate+1","Anger","Reckless Charge+1"],"picked":"SKIP","floor":39},{"not_picked":["Wild Strike","Twin Strike"],"picked":"True Grit+1","floor":45},{"not_picked":["Evolve","Cleave+1"],"picked":"Shrug It Off","floor":46},{"not_picked":["Sever Soul","Body Slam+1","Burning Pact"],"picked":"SKIP","floor":47},{"not_picked":["Second Wind","Cleave+1","Spot Weakness"],"picked":"SKIP","floor":48}],"player_experience":1299987,"relics_obtained":[{"floor":6,"key":"Dream Catcher"},{"floor":8,"key":"Smiling Mask"},{"floor":12,"key":"Tiny Chest"},{"floor":21,"key":"Enchiridion"},{"floor":23,"key":"MealTicket"},{"floor":24,"key":"White Beast Statue"},{"floor":26,"key":"Lantern"},{"floor":30,"key":"Girya"},{"floor":36,"key":"Art of War"},{"floor":43,"key":"Mummified Hand"}],"event_choices":[{"damage_healed":0,"gold_gain":75,"player_choice":"Gather Gold","damage_taken":11,"max_hp_gain":0,"max_hp_loss":0,"event_name":"World of Goop","floor":3,"gold_loss":0},{"damage_healed":0,"gold_gain":0,"player_choice":"Take Damage","damage_taken":20,"relics_obtained":["Golden Idol"],"max_hp_gain":0,"max_hp_loss":0,"event_name":"Golden Idol","floor":4,"gold_loss":0},{"damage_healed":0,"gold_gain":0,"player_choice":"Entered Light","damage_taken":16,"max_hp_gain":0,"max_hp_loss":0,"event_name":"Shining Light","floor":5,"gold_loss":0,"cards_upgraded":["Strike_R","Defend_R"]},{"cards_removed":["Strike_R"],"damage_healed":0,"gold_gain":0,"player_choice":"Gave Gold","damage_taken":0,"max_hp_gain":0,"max_hp_loss":0,"event_name":"Beggar","floor":19,"gold_loss":75},{"damage_healed":0,"gold_gain":0,"player_choice":"Obtained Book","damage_taken":16,"max_hp_gain":0,"max_hp_loss":0,"event_name":"Cursed Tome","floor":21,"gold_loss":0},{"cards_removed":["Strike_R"],"damage_healed":0,"gold_gain":0,"player_choice":"Upgrade and Remove","damage_taken":0,"max_hp_gain":0,"max_hp_loss":0,"event_name":"Designer","floor":22,"gold_loss":90,"cards_upgraded":["Limit Break"]},{"damage_healed":0,"gold_gain":0,"player_choice":"Became a Ghost","damage_taken":0,"max_hp_gain":0,"max_hp_loss":40,"event_name":"Ghosts","floor":27,"gold_loss":0,"cards_obtained":["Ghostly","Ghostly","Ghostly","Ghostly","Ghostly"]},{"damage_healed":0,"gold_gain":0,"player_choice":"Embrace Madness","damage_taken":5,"max_hp_gain":0,"max_hp_loss":0,"event_name":"Winding Halls","floor":38,"gold_loss":0,"cards_obtained":["Madness","Madness"]},{"cards_removed":["Strike_R"],"damage_healed":0,"gold_gain":0,"player_choice":"Removed Attack","damage_taken":0,"max_hp_gain":0,"max_hp_loss":0,"event_name":"Falling","floor":41,"gold_loss":0}],"is_beta":false,"boss_relics":[{"not_picked":["SacredBark","Runic Pyramid"],"picked":"Ectoplasm"},{"not_picked":["Runic Dome","Velvet Choker"],"picked":"Cursed Key"}],"items_purged_floors":[20],"is_endless":false,"potions_floor_spawned":[1,2,14,18,25,30,31,33,35,37,39,45,46,47,48],"killed_by":"Time Eater","ascension_level":0}}