{"host":"idmgg8r816nmas40","time":1611633500,"event":{"mods":["AchievementEnabler","AlwaysNeverKeys","BaseMod","BetterRewards","Block Reminder","Colored Map","Colored Powertips","DeckTracker","Googly Eyes","Highlight Path","Minty Spire (QoL Compilation)","Quick Restart","Relic Stats","Shop Mod","StSLib","SuperFastMode","Synergy Search","Transform Curses"],"gold_per_floor":[117,117,142,142,16,16,32,75,75,75,119,46,69,69,69,165,165,179,179,190,38,38,68,85,85,85],"floor_reached":25,"language":"ENG","playtime":946,"items_purged":[],"score":568,"play_id":"db1fe0e8-a52b-45c1-bffd-92ba68644dba","local_time":"20210125205820","is_ascension_mode":true,"campfire_choices":[{"floor":6,"key":"REST"},{"floor":10,"key":"REST"},{"data":"1","floor":15,"key":"LIFT"}],"circlet_count":0,"master_deck":["AscendersBane","Strike_P+1","Strike_P","Strike_P+1","Strike_P","Defend_P","Defend_P","Defend_P","Defend_P","Eruption","Vigilance","FollowUp","BowlingBash","Bandage Up","Consecrate","SashWhip","BattleHymn","CrushJoints","Parasite","Devotion","FlurryOfBlows+1","WindmillStrike+1","FollowUp","Devotion","FlyingSleeves","Sanctity"],"relics":["PureWater","Damaru","OrangePellets","TeardropLocket","Darkstone Periapt","Membership Card","Bloody Idol","Gremlin Horn","ClockworkSouvenir","Girya","Mercury Hourglass","Whetstone","Regal Pillow","Sozu","Pear","Lizard Tail"],"acts_visited":["Exordium","TheCity"],"potions_floor_usage":[8,13,16],"damage_taken":[{"damage":0,"enemies":"2 Louse","floor":1,"turns":2},{"damage":4,"enemies":"Small Slimes","floor":3,"turns":3},{"damage":2,"enemies":"Jaw Worm","floor":7,"turns":2},{"damage":17,"enemies":"3 Sentries","floor":8,"turns":6},{"damage":17,"enemies":"Lagavulin","floor":11,"turns":7},{"damage":0,"enemies":"Large Slime","floor":13,"turns":2},{"damage":32,"enemies":"Hexaghost","floor":16,"turns":7},{"damage":11,"enemies":"Spheric Guardian","floor":18,"turns":3},{"damage":12,"enemies":"Shell Parasite","floor":20,"turns":4},{"damage":34,"enemies":"Gremlin Leader","floor":23,"turns":4},{"damage":22,"enemies":"Shelled Parasite and Fungi","floor":24,"turns":3},{"damage":106,"enemies":"Book of Stabbing","floor":25,"turns":6}],"seed_played":"-7437791924069415001","potions_obtained":[{"floor":7,"key":"StancePotion"},{"floor":11,"key":"Fire Potion"},{"floor":13,"key":"ColorlessPotion"}],"is_trial":false,"path_per_floor":["M","?","M","?","$","R","M","E","T","R","E","$","M","?","R","B",null,"M","?","M","$","?","E","M","E"],"character_chosen":"WATCHER","items_purchased":["Damaru","OrangePellets","TeardropLocket","FollowUp","Darkstone Periapt","Membership Card","ClockworkSouvenir","Bandage Up","Consecrate","Regal Pillow","Pear","FollowUp"],"campfire_rested":2,"item_purchase_floors":[0,0,0,0,0,0,5,5,5,12,21,21],"current_hp_per_floor":[65,47,43,25,25,46,44,31,31,52,39,39,43,67,67,39,68,57,57,54,64,64,39,26,0,0],"gold":85,"neow_bonus":"","is_daily":false,"chose_seed":false,"campfire_upgraded":0,"win_rate":0.0,"timestamp":1611633500,"path_taken":["M","?","M","?","$","R","M","E","T","R","E","?","M","?","R","BOSS","M","?","M","$","?","E","?","E"],"items_purchased_type":["Relic","Relic","Relic","Card","Relic","Relic","Relic","Card","Card","Relic","Relic","Card"],"build_version":"2020-12-22","purchased_purges":0,"victory":false,"max_hp_per_floor":[72,72,72,72,72,72,72,72,72,72,72,72,72,78,78,78,78,78,78,78,88,88,88,88,88,88],"relic_stats":{"Darkstone Periapt":6,"Sozu":2,"OrangePellets":[0],"Regal Pillow":0,"Lizard Tail":44,"Gremlin Horn":[7,7],"counters":[184,755],"Bloody Idol":15,"Whetstone":["Strike_P","Strike_P"],"obtain_stats":[{"Ginger":0,"Whetstone":37,"Bottled Tornado":21,"Boot":8,"Sling":0,"Old Coin":48,"Blood Vial":9,"Sundial":0,"MealTicket":20,"Fusion Hammer":17,"HandDrill":0,"Kunai":13,"Runic Cube":17,"MerchantsRug":0,"Pear":54,"Blue Candle":25,"Eternal Feather":0,"Pen Nib":40,"Akabeko":31,"SlaversCollar":17,"Bird Faced Urn":0,"Mark of Pain":34,"StrikeDummy":19,"Unceasing Top":0,"Regal Pillow":26,"Lantern":54,"Torii":38,"Magic Flower":0,"StoneCalendar":0,"Bag of Preparation":26,"Ancient Tea Set":46,"Smiling Mask":43,"Burning Blood":0,"Shovel":0,"Matryoshka":8,"WingedGreaves":10,"Chemical X":29,"InkBottle":46,"Paper Frog":0,"Potion Belt":13,"Lee\u0027s Waffle":22,"Self Forming Clay":42,"Golden Idol":3,"Damaru":0,"Thread and Needle":43,"PreservedInsect":43,"The Courier":25,"Omamori":13,"Frozen Egg 2":7,"MawBank":24,"Busted Crown":34,"Bloody Idol":19,"Orrery":12,"Turnip":0,"Art of War":54,"Bottled Lightning":41,"Toy Ornithopter":11,"Ice Cream":0,"Calipers":0,"Gremlin Horn":44,"Vajra":23,"Sozu":34,"Centennial Puzzle":0,"Lizard Tail":23,"HornCleat":26,"FaceOfCleric":19,"Strawberry":46,"Philosopher\u0027s Stone":17,"Toxic Egg 2":6,"Girya":0,"Happy Flower":29,"Dead Branch":19,"Oddly Smooth Stone":24,"Charon\u0027s Ashes":36,"Letter Opener":13,"War Paint":6,"Question Card":10,"WarpedTongs":38,"Du-Vu Doll":43,"OrangePellets":36,"Bottled Flame":42,"Brimstone":0,"Bronze Scales":30,"Black Star":17,"Pocketwatch":44,"Meat on the Bone":47,"Darkstone Periapt":12,"Enchiridion":22,"Black Blood":34,"Mango":0,"Juzu Bracelet":45,"Incense Burner":0,"CloakClasp":45,"TeardropLocket":0,"Empty Cage":17,"ClockworkSouvenir":24,"SsserpentHead":11,"Dream Catcher":10,"Nunchaku":12,"Mummified Hand":0,"Gambling Chip":9,"Pantograph":40,"Tiny Chest":21,"Red Mask":20,"Red Skull":23,"Odd Mushroom":7,"Medical Kit":36,"White Beast Statue":9,"Mercury Hourglass":52,"Peace Pipe":0,"Anchor":47,"CaptainsWheel":8,"HolyWater":17,"Bag of Marbles":0,"Membership Card":13,"TungstenRod":25},{"Ginger":31,"Whetstone":77,"Bottled Tornado":93,"Boot":36,"Sling":110,"Old Coin":136,"Blood Vial":2,"Sundial":83,"MealTicket":7,"Fusion Hammer":16,"HandDrill":0,"Kunai":4,"Runic Cube":120,"MerchantsRug":83,"Pear":82,"Blue Candle":44,"Eternal Feather":31,"Pen Nib":104,"Akabeko":100,"SlaversCollar":144,"Bird Faced Urn":31,"Mark of Pain":22,"StrikeDummy":17,"Unceasing Top":83,"Regal Pillow":19,"Lantern":30,"Torii":51,"Magic Flower":83,"StoneCalendar":0,"Bag of Preparation":72,"Ancient Tea Set":80,"Smiling Mask":169,"Burning Blood":0,"Shovel":31,"Matryoshka":62,"WingedGreaves":14,"Chemical X":45,"InkBottle":55,"Paper Frog":0,"Potion Belt":118,"Lee\u0027s Waffle":159,"Self Forming Clay":26,"Golden Idol":140,"Damaru":172,"Thread and Needle":26,"PreservedInsect":79,"The Courier":96,"Omamori":143,"Frozen Egg 2":12,"MawBank":146,"Busted Crown":128,"Bloody Idol":180,"Orrery":63,"Turnip":83,"Art of War":109,"Bottled Lightning":53,"Toy Ornithopter":63,"Ice Cream":83,"Calipers":31,"Gremlin Horn":79,"Vajra":19,"Sozu":75,"Centennial Puzzle":58,"Lizard Tail":182,"HornCleat":44,"FaceOfCleric":7,"Strawberry":27,"Philosopher\u0027s Stone":40,"Toxic Egg 2":35,"Girya":58,"Happy Flower":45,"Dead Branch":41,"Oddly Smooth Stone":44,"Charon\u0027s Ashes":49,"Letter Opener":89,"War Paint":61,"Question Card":37,"WarpedTongs":24,"Du-Vu Doll":53,"OrangePellets":49,"Bottled Flame":79,"Brimstone":9,"Bronze Scales":21,"Black Star":6,"Pocketwatch":54,"Meat on the Bone":55,"Darkstone Periapt":4,"Enchiridion":18,"Black Blood":48,"Mango":58,"Juzu Bracelet":79,"Incense Burner":83,"CloakClasp":170,"TeardropLocket":172,"Empty Cage":66,"ClockworkSouvenir":19,"SsserpentHead":155,"Dream Catcher":3,"Nunchaku":38,"Mummified Hand":31,"Gambling Chip":13,"Pantograph":53,"Tiny Chest":7,"Red Mask":42,"Red Skull":95,"Odd Mushroom":155,"Medical Kit":102,"White Beast Statue":36,"Mercury Hourglass":56,"Peace Pipe":31,"Anchor":28,"CaptainsWheel":88,"HolyWater":158,"Bag of Marbles":31,"Membership Card":4,"TungstenRod":72},{"Ginger":116,"Whetstone":308,"Bottled Tornado":362,"Boot":136,"Sling":436,"Old Coin":535,"Blood Vial":6,"Sundial":332,"MealTicket":33,"Fusion Hammer":62,"HandDrill":0,"Kunai":11,"Runic Cube":470,"MerchantsRug":332,"Pear":325,"Blue Candle":182,"Eternal Feather":116,"Pen Nib":404,"Akabeko":385,"SlaversCollar":576,"Bird Faced Urn":116,"Mark of Pain":83,"StrikeDummy":64,"Unceasing Top":332,"Regal Pillow":70,"Lantern":113,"Torii":207,"Magic Flower":332,"StoneCalendar":0,"Bag of Preparation":288,"Ancient Tea Set":317,"Smiling Mask":686,"Burning Blood":0,"Shovel":116,"Matryoshka":247,"WingedGreaves":54,"Chemical X":187,"InkBottle":219,"Paper Frog":0,"Potion Belt":461,"Lee\u0027s Waffle":643,"Self Forming Clay":92,"Golden Idol":556,"Damaru":706,"Thread and Needle":92,"PreservedInsect":315,"The Courier":371,"Omamori":567,"Frozen Egg 2":47,"MawBank":583,"Busted Crown":501,"Bloody Idol":738,"Orrery":251,"Turnip":332,"Art of War":428,"Bottled Lightning":211,"Toy Ornithopter":251,"Ice Cream":332,"Calipers":116,"Gremlin Horn":315,"Vajra":70,"Sozu":303,"Centennial Puzzle":234,"Lizard Tail":746,"HornCleat":182,"FaceOfCleric":33,"Strawberry":97,"Philosopher\u0027s Stone":165,"Toxic Egg 2":132,"Girya":234,"Happy Flower":187,"Dead Branch":169,"Oddly Smooth Stone":182,"Charon\u0027s Ashes":200,"Letter Opener":348,"War Paint":243,"Question Card":146,"WarpedTongs":87,"Du-Vu Doll":211,"OrangePellets":200,"Bottled Flame":315,"Brimstone":39,"Bronze Scales":77,"Black Star":24,"Pocketwatch":214,"Meat on the Bone":219,"Darkstone Periapt":11,"Enchiridion":66,"Black Blood":198,"Mango":234,"Juzu Bracelet":315,"Incense Burner":332,"CloakClasp":693,"TeardropLocket":706,"Empty Cage":263,"ClockworkSouvenir":70,"SsserpentHead":622,"Dream Catcher":9,"Nunchaku":151,"Mummified Hand":116,"Gambling Chip":49,"Pantograph":211,"Tiny Chest":33,"Red Mask":172,"Red Skull":369,"Odd Mushroom":622,"Medical Kit":395,"White Beast Statue":136,"Mercury Hourglass":224,"Peace Pipe":116,"Anchor":102,"CaptainsWheel":345,"HolyWater":641,"Bag of Marbles":116,"Membership Card":11,"TungstenRod":288}],"Mercury Hourglass":[96]},"card_choices":[{"not_picked":["Fasting2","InnerPeace","ThirdEye"],"picked":"SKIP","floor":1},{"not_picked":["Crescendo","EmptyBody"],"picked":"BowlingBash","floor":3},{"not_picked":["WreathOfFlame","Weave","InnerPeace"],"picked":"SKIP","floor":7},{"not_picked":["FlurryOfBlows","Omniscience"],"picked":"SashWhip","floor":8},{"not_picked":["DeceiveReality","Tantrum"],"picked":"BattleHymn","floor":11},{"not_picked":["Vengeance","EmptyFist"],"picked":"CrushJoints","floor":13},{"not_picked":["SpiritShield","DevaForm"],"picked":"Devotion","floor":16},{"not_picked":["CarveReality","Prostrate"],"picked":"FlurryOfBlows+1","floor":18},{"not_picked":["BattleHymn","Evaluate"],"picked":"WindmillStrike+1","floor":20},{"not_picked":["PathToVictory","CutThroughFate"],"picked":"FlyingSleeves","floor":23},{"not_picked":["WreathOfFlame","Fasting2"],"picked":"Sanctity","floor":24}],"player_experience":1108643,"relics_obtained":[{"floor":8,"key":"Girya"},{"floor":9,"key":"Mercury Hourglass"},{"floor":11,"key":"Whetstone"},{"floor":23,"key":"Lizard Tail"}],"event_choices":[{"damage_healed":0,"gold_gain":0,"player_choice":"Take Damage","damage_taken":18,"relics_obtained":["Golden Idol"],"max_hp_gain":0,"max_hp_loss":0,"event_name":"Golden Idol","floor":2,"gold_loss":0},{"damage_healed":0,"gold_gain":0,"player_choice":"Success","damage_taken":18,"relics_obtained":["Gremlin Horn"],"max_hp_gain":0,"max_hp_loss":0,"event_name":"Scrap Ooze","floor":4,"gold_loss":0},{"damage_healed":18,"gold_gain":0,"player_choice":"Healed and dodged fight","damage_taken":0,"max_hp_gain":0,"max_hp_loss":0,"event_name":"Mushrooms","floor":14,"gold_loss":0,"cards_obtained":["Parasite"]},{"damage_healed":0,"gold_gain":0,"player_choice":"Gave Idol","damage_taken":0,"relics_obtained":["Bloody Idol"],"max_hp_gain":0,"max_hp_loss":0,"event_name":"Forgotten Altar","floor":19,"relics_lost":["Golden Idol"],"gold_loss":0},{"damage_healed":0,"gold_gain":0,"player_choice":"Copied","damage_taken":0,"max_hp_gain":0,"max_hp_loss":0,"event_name":"Duplicator","floor":22,"gold_loss":0,"cards_obtained":["Devotion"]}],"is_beta":false,"boss_relics":[{"not_picked":["HolyWater","Fusion Hammer"],"picked":"Sozu"}],"items_purged_floors":[],"is_endless":false,"potions_floor_spawned":[7,11,13,20,23],"killed_by":"Book of Stabbing","ascension_level":13}}