{"host":"xmrw7jl1ir2912vf","time":1611625796,"event":{"mods":["BaseMod","Minty Spire (QoL Compilation)","Relic Stats"],"gold_per_floor":[112,112,129,129,140,175,175,217,217,63,63,100,100,112,112,200,200,224,249,149,149,72,72,72],"floor_reached":23,"language":"ENG","playtime":1055,"items_purged":["Strike_R","Strike_R"],"score":404,"play_id":"6fcfba31-fdf4-4554-9d8a-b96c53f41b22","local_time":"20210125204956","is_ascension_mode":true,"campfire_choices":[{"data":"Cleave","floor":7,"key":"SMITH"},{"data":"Shockwave","floor":11,"key":"SMITH"},{"data":"Twin Strike","floor":15,"key":"SMITH"}],"circlet_count":0,"master_deck":["AscendersBane","Strike_R","Strike_R","Strike_R","Defend_R","Defend_R","Defend_R","Defend_R","Bash","Headbutt","Anger","Cleave+1","Twin Strike+1","Warcry","Shockwave+1","Feed+1","Impervious","Metallicize+1","Shrug It Off+1","Burning Pact"],"relics":["Burning Blood","NeowsBlessing","StrikeDummy","CeramicFish","HornCleat","Matryoshka","WingedGreaves","Fusion Hammer","Incense Burner"],"acts_visited":["Exordium","TheCity"],"potions_floor_usage":[6,14,14],"damage_taken":[{"damage":0,"enemies":"Jaw Worm","floor":1,"turns":1},{"damage":0,"enemies":"Cultist","floor":3,"turns":1},{"damage":0,"enemies":"Small Slimes","floor":5,"turns":1},{"damage":4,"enemies":"3 Sentries","floor":6,"turns":7},{"damage":20,"enemies":"Lagavulin","floor":8,"turns":5},{"damage":5,"enemies":"3 Sentries","floor":12,"turns":4},{"damage":22,"enemies":"Exordium Thugs","floor":14,"turns":4},{"damage":31,"enemies":"Hexaghost","floor":16,"turns":9},{"damage":21,"enemies":"Shell Parasite","floor":18,"turns":3},{"damage":8,"enemies":"3 Byrds","floor":19,"turns":5},{"damage":44,"enemies":"Slavers","floor":23,"turns":3}],"seed_played":"6584469060145404784","potions_obtained":[{"floor":2,"key":"BlessingOfTheForge"},{"floor":2,"key":"AttackPotion"},{"floor":3,"key":"HeartOfIron"},{"floor":12,"key":"Fruit Juice"},{"floor":16,"key":"Explosive Potion"}],"is_trial":false,"path_per_floor":["M","?","M","?","M","E","R","E","T","$","R","E","?","M","R","B",null,"M","M","$","?","$","E"],"character_chosen":"IRONCLAD","items_purchased":["Shockwave","Burning Pact"],"campfire_rested":0,"item_purchase_floors":[10,22],"current_hp_per_floor":[74,74,75,49,55,57,57,43,43,43,43,44,44,37,37,12,66,55,53,53,53,53,9,9],"gold":72,"neow_bonus":"THREE_ENEMY_KILL","is_daily":false,"chose_seed":false,"campfire_upgraded":3,"win_rate":0.0,"timestamp":1611625796,"path_taken":["M","?","?","?","M","E","R","E","T","$","R","E","?","M","R","BOSS","M","M","$","?","?","E"],"items_purchased_type":["Card","Card"],"build_version":"2020-12-22","purchased_purges":2,"victory":false,"max_hp_per_floor":[75,75,75,75,75,75,75,75,75,75,75,75,75,84,84,84,84,88,88,88,88,88,88,88],"relic_stats":{"counters":[11,43],"CeramicFish":72,"obtain_stats":[{"HornCleat":8,"Matryoshka":9,"NeowsBlessing":0,"CeramicFish":6,"WingedGreaves":12,"Fusion Hammer":17,"Incense Burner":21,"StrikeDummy":4,"Burning Blood":0},{"HornCleat":5,"Matryoshka":5,"NeowsBlessing":0,"CeramicFish":4,"WingedGreaves":6,"Fusion Hammer":8,"Incense Burner":10,"StrikeDummy":2,"Burning Blood":0},{"HornCleat":15,"Matryoshka":15,"NeowsBlessing":0,"CeramicFish":10,"WingedGreaves":19,"Fusion Hammer":32,"Incense Burner":40,"StrikeDummy":2,"Burning Blood":0}],"Burning Blood":55},"card_choices":[{"not_picked":["Iron Wave","Heavy Blade"],"picked":"Headbutt","floor":1},{"not_picked":["Headbutt","Flex"],"picked":"Anger","floor":3},{"not_picked":["Battle Trance","Flex"],"picked":"Cleave","floor":5},{"not_picked":["Dark Embrace","Fiend Fire"],"picked":"Twin Strike","floor":6},{"not_picked":["Headbutt","Anger"],"picked":"Warcry","floor":8},{"not_picked":["Fire Breathing","Iron Wave"],"picked":"Feed","floor":12},{"not_picked":["Armaments","Headbutt","Anger"],"picked":"SKIP","floor":14},{"not_picked":["Fiend Fire","Bludgeon"],"picked":"Impervious","floor":16},{"not_picked":["Combust","Warcry+1"],"picked":"Metallicize+1","floor":18},{"not_picked":["Flame Barrier","Body Slam"],"picked":"Shrug It Off+1","floor":19}],"player_experience":466282,"relics_obtained":[{"floor":6,"key":"CeramicFish"},{"floor":8,"key":"HornCleat"},{"floor":9,"key":"Matryoshka"},{"floor":12,"key":"WingedGreaves"}],"event_choices":[{"damage_healed":0,"gold_gain":0,"player_choice":"Got Potions","damage_taken":0,"max_hp_gain":0,"max_hp_loss":0,"event_name":"Lab","floor":2,"gold_loss":0},{"damage_healed":0,"gold_gain":0,"player_choice":"Success","damage_taken":26,"relics_obtained":["StrikeDummy"],"max_hp_gain":0,"max_hp_loss":0,"event_name":"Scrap Ooze","floor":4,"gold_loss":0},{"damage_healed":0,"gold_gain":0,"player_choice":"Grow","damage_taken":0,"max_hp_gain":0,"max_hp_loss":0,"event_name":"Living Wall","floor":13,"gold_loss":0,"cards_upgraded":["Feed"]},{"damage_healed":0,"gold_gain":0,"player_choice":"Gave Potion","damage_taken":0,"relics_obtained":["Incense Burner"],"max_hp_gain":0,"max_hp_loss":0,"event_name":"WeMeetAgain","floor":21,"gold_loss":0}],"is_beta":false,"boss_relics":[{"not_picked":["Velvet Choker","Empty Cage"],"picked":"Fusion Hammer"}],"items_purged_floors":[10,20],"is_endless":false,"potions_floor_spawned":[3,12,16],"killed_by":"Slavers","ascension_level":19}}