{"host":"2yhbarjh4s9lrrzt","time":1611702654,"event":{"mods":["2.2 Compatiblity","BaseMod","Better Note","Better Third Choice","Block Reminder","Hubris","Marked Mod","Minty Spire (QoL Compilation)","Replay The Spire","StSLib"],"gold_per_floor":[211,164,164,183,199,210,210,241,268,287,462,476,476,487,487,589,589,602,591,591,85,102,102,34,34,58,73,73,73,73,84,84,182,182,199,0,0,12,12,12,39,39,39,2,15,15,15,30,30,30,30],"floor_reached":50,"language":"ENG","playtime":4676,"items_purged":["Doubt"],"score":524,"play_id":"4a18736f-1ccb-46d0-a0db-9f4289b95340","local_time":"20210126181054","is_ascension_mode":false,"campfire_choices":[{"floor":13,"key":"REST"},{"floor":15,"key":"REST"},{"floor":23,"key":"REST"},{"floor":25,"key":"REST"},{"floor":30,"key":"REST"},{"floor":32,"key":"REST"},{"floor":40,"key":"RECALL"},{"floor":42,"key":"REST"},{"floor":47,"key":"REST"},{"data":"Writhe","floor":49,"key":"PURGE"}],"circlet_count":0,"master_deck":["Strike_P","Strike_P","Strike_P","Strike_P","Defend_P","Defend_P","Defend_P","Defend_P+1","Eruption","Vigilance","EmptyFist","TalkToTheHand","Judgement","Crescendo","EmptyMind","BowlingBash+1","FlurryOfBlows","JustLucky","DevaForm","LikeWater","ForeignInfluence","ReplayTheSpireMod:Splinters","FlurryOfBlows","FlurryOfBlows","CutThroughFate+1","ClearTheMind+1","EmptyMind","Adaptation","Discovery","ReplayTheSpireMod:Necrogeddon","Replay:ManipulateFuture+1","LessonLearned","EmptyFist","ForeignInfluence","Alpha","LessonLearned","Replay:AtTheReady+1","PathToVictory","Replay:BluntJabs+1","LikeWater","BowlingBash+1","FlurryOfBlows"],"relics":["HolyWater","betterThird:SlimedRelic","ReplayTheSpireMod:Ring of Collecting","Vajra","hubris:ToyBattleship","BargainBundle","ReplayFunnel","ReplayTheSpireMod:Ring of Addiction","SacredBark","Toy Ornithopter","Busted Crown","Red Mask","Bronze Scales","Gremlin Food"],"acts_visited":["Exordium","TheCity","TheBeyond"],"potions_floor_usage":[8,14,16,16,22,27,29,33,33,33,38,48],"damage_taken":[{"damage":2,"enemies":"2 Louse","floor":1,"turns":4},{"damage":2,"enemies":"Small Slimes","floor":4,"turns":4},{"damage":15,"enemies":"Jaw Worm","floor":5,"turns":4},{"damage":1,"enemies":"Exordium Wildlife","floor":6,"turns":3},{"damage":20,"enemies":"Lagavulin","floor":8,"turns":10},{"damage":7,"enemies":"Blue Slaver","floor":10,"turns":5},{"damage":2,"enemies":"3 Louse","floor":12,"turns":2},{"damage":14,"enemies":"Lots of Slimes","floor":14,"turns":6},{"damage":46,"enemies":"Slime Boss","floor":16,"turns":11},{"damage":26,"enemies":"Spheric Guardian","floor":18,"turns":5},{"damage":5,"enemies":"2 Thieves","floor":19,"turns":4},{"damage":20,"enemies":"Sentry and Sphere","floor":22,"turns":6},{"damage":0,"enemies":"Centurion and Healer","floor":27,"turns":3},{"damage":30,"enemies":"Shelled Parasite and Fungi","floor":29,"turns":5},{"damage":0,"enemies":"Sentry and Sphere","floor":31,"turns":2},{"damage":56,"enemies":"Champ","floor":33,"turns":10},{"damage":0,"enemies":"Orb Walker","floor":35,"turns":2},{"damage":8,"enemies":"3 Darklings","floor":38,"turns":9},{"damage":3,"enemies":"Giant Head","floor":41,"turns":6},{"damage":27,"enemies":"4 Shapes","floor":45,"turns":6},{"damage":4,"enemies":"Writhing Mass","floor":48,"turns":6},{"damage":68,"enemies":"Time Eater","floor":50,"turns":13}],"seed_played":"6694094198178495339","potions_obtained":[{"floor":4,"key":"Languid Potion"},{"floor":8,"key":"ColorlessPotion"},{"floor":10,"key":"LifebloodPotion"},{"floor":12,"key":"Fire Potion"},{"floor":16,"key":"PowerPotion"},{"floor":22,"key":"SteroidPotion"},{"floor":26,"key":"Ancient Potion"},{"floor":26,"key":"AttackPotion"},{"floor":27,"key":"PowerPotion"},{"floor":31,"key":"AttackPotion"},{"floor":33,"key":"DuplicationPotion"},{"floor":45,"key":"SteroidPotion"}],"is_trial":false,"path_per_floor":["M","?","?","M","M","M","?","E","T","M","?","M","R","M","R","B",null,"M","M","?","$","M","R","$","R","T","M","?","M","R","M","R","B",null,"M","?","?","M","?","R","E","R","T","$","M","$","R","M","R","B"],"character_chosen":"WATCHER","items_purchased":["BargainBundle","FlurryOfBlows","CutThroughFate","ClearTheMind","EmptyMind","Adaptation","Discovery","ReplayTheSpireMod:Necrogeddon","ReplayFunnel","EssenceOfSteel","MarkedMod:BlackLotusJuice","LessonLearned","LikeWater"],"campfire_rested":8,"item_purchase_floors":[21,21,21,21,21,21,21,21,21,21,21,24,44],"current_hp_per_floor":[70,59,59,57,42,41,65,45,45,38,38,36,57,43,64,18,72,46,41,41,41,21,42,42,63,63,68,68,42,63,63,72,19,70,70,70,68,60,60,60,57,66,66,66,37,37,56,57,57,0,0],"gold":30,"neow_bonus":"HUNDRED_GOLD","is_daily":false,"chose_seed":false,"campfire_upgraded":0,"win_rate":0.0,"timestamp":1611702654,"path_taken":["M","?","?","M","M","M","?","E","T","M","?","M","R","?","R","BOSS","M","M","?","$","M","R","$","R","T","M","?","M","R","M","R","BOSS","M","?","?","M","?","R","E","R","T","$","M","?","R","M","R","BOSS"],"items_purchased_type":["Relic","Card","Card","Card","Card","Card","Card","Card","Relic","Potion","Potion","Card","Card"],"build_version":"2020-12-22","purchased_purges":1,"victory":false,"max_hp_per_floor":[72,72,72,72,72,72,72,72,72,72,72,72,72,72,72,72,72,72,72,72,72,72,72,72,72,72,72,72,72,72,72,72,70,70,70,70,68,68,68,68,68,66,66,66,64,64,64,62,62,62,62],"card_choices":[{"not_picked":["Halt","SashWhip"],"picked":"EmptyFist","floor":1},{"not_picked":["ThirdEye","Wireheading"],"picked":"TalkToTheHand","floor":4},{"not_picked":["Replay:DivineShield","FlurryOfBlows"],"picked":"Judgement","floor":5},{"not_picked":["TalkToTheHand","FlurryOfBlows"],"picked":"Crescendo","floor":6},{"not_picked":["FlyingSleeves","Replay:BluntJabs"],"picked":"EmptyMind","floor":8},{"not_picked":["SashWhip","MarkedMod:Acupuncture"],"picked":"BowlingBash","floor":10},{"not_picked":["MarkedMod:FirstStrike","Evaluate"],"picked":"FlurryOfBlows","floor":12},{"not_picked":["Evaluate","Indignation"],"picked":"JustLucky","floor":14},{"not_picked":["ConjureBlade","Establishment"],"picked":"DevaForm","floor":16},{"not_picked":["Replay:Vibes","Protect"],"picked":"LikeWater","floor":18},{"not_picked":["Evaluate","Sanctity"],"picked":"ForeignInfluence","floor":19},{"not_picked":["Replay:Vibes","FollowUp"],"picked":"Replay:ManipulateFuture+1","floor":22},{"not_picked":["ForeignInfluence","BowlingBash"],"picked":"EmptyFist","floor":27},{"not_picked":["MarkedMod:GentlePulse","BowlingBash","Vengeance"],"picked":"SKIP","floor":29},{"not_picked":["Conclude","FlyingSleeves"],"picked":"Alpha","floor":31},{"not_picked":["Omniscience","Brilliance"],"picked":"LessonLearned","floor":33},{"not_picked":[],"picked":"Replay:AtTheReady+1","floor":35},{"not_picked":[],"picked":"PathToVictory","floor":38},{"not_picked":[],"picked":"Replay:BluntJabs+1","floor":41},{"not_picked":[],"picked":"BowlingBash+1","floor":45},{"not_picked":[],"picked":"FlurryOfBlows","floor":48}],"player_experience":260812,"relics_obtained":[{"floor":3,"key":"ReplayTheSpireMod:Ring of Collecting"},{"floor":8,"key":"Vajra"},{"floor":9,"key":"hubris:ToyBattleship"},{"floor":26,"key":"ReplayTheSpireMod:Ring of Addiction"},{"floor":26,"key":"SacredBark"},{"floor":26,"key":"Toy Ornithopter"},{"floor":41,"key":"Bronze Scales"},{"floor":43,"key":"Gremlin Food"}],"event_choices":[{"damage_healed":0,"gold_gain":0,"player_choice":"Slimed","damage_taken":11,"max_hp_gain":0,"max_hp_loss":0,"event_name":"betterThird:BetterGoop","floor":2,"gold_loss":47},{"damage_healed":24,"gold_gain":0,"player_choice":"Banana","damage_taken":0,"max_hp_gain":0,"max_hp_loss":0,"event_name":"Big Fish","floor":7,"gold_loss":0},{"damage_healed":0,"gold_gain":175,"player_choice":"AGREE","damage_taken":287,"max_hp_gain":0,"max_hp_loss":0,"event_name":"betterThird:BetterSerpent","floor":11,"gold_loss":0},{"damage_healed":0,"gold_gain":0,"cards_transformed":["Looming Evil"],"player_choice":"Transformed","damage_taken":0,"max_hp_gain":0,"max_hp_loss":0,"event_name":"Transmorgrifier","floor":20,"gold_loss":0,"cards_obtained":["ReplayTheSpireMod:Splinters"]},{"cards_removed":["ReplayTheSpireMod:Splinters"],"damage_healed":0,"gold_gain":0,"player_choice":"Take \u0026 Give","damage_taken":0,"max_hp_gain":0,"max_hp_loss":0,"event_name":"betterNote:BetterNote","floor":28,"gold_loss":0,"cards_obtained":["ForeignInfluence"]},{"damage_healed":0,"gold_gain":0,"player_choice":"Paid","damage_taken":0,"relics_obtained":["Red Mask"],"max_hp_gain":0,"max_hp_loss":0,"event_name":"Tomb of Lord Red Mask","floor":36,"gold_loss":199},{"damage_healed":17,"gold_gain":0,"player_choice":"Writhe","damage_taken":0,"max_hp_gain":0,"max_hp_loss":0,"event_name":"Winding Halls","floor":37,"gold_loss":0,"cards_obtained":["Writhe"]},{"damage_healed":0,"gold_gain":0,"player_choice":"Ignored","damage_taken":0,"max_hp_gain":0,"max_hp_loss":0,"event_name":"Mysterious Sphere","floor":39,"gold_loss":0}],"is_beta":false,"boss_relics":[{"not_picked":["Ectoplasm","ReplayTheSpireMod:DimensionalGlitch"],"picked":"HolyWater"},{"not_picked":["Replay:Wanted Poster","Replay:Ancient Bell"],"picked":"Busted Crown"}],"items_purged_floors":[21],"is_endless":false,"potions_floor_spawned":[4,8,10,12,16,22,27,31,33,45],"killed_by":"Time Eater","ascension_level":0}}