{"host":"och2iitg9ibgz06n","time":1611679361,"event":{"mods":["Abigail Mod","AchievementEnabler","Aspiration","BaseMod","Colored Powertips","Dio Mod","Hubris","Hyrulean Relics","Infinite Spire","Minty Spire (QoL Compilation)","Replay The Spire","Small Relic Pack","StSLib","The Animator","The Bug Knight","The Hierophant","The Jungle","The Saiyan","TheHero","Wandering Minibosses","everything is the same but u backflip on backflip","slay the spire mod where everything is the same but ironclad has a cowboy hat"],"gold_per_floor":[112,44,64,75,75,104,104,131,154,165,177,177,177,195,195,292,292,305,404,445,457,472,472,505,505,555,555,555],"floor_reached":27,"language":"ENG","playtime":1490,"items_purged":[],"score":255,"play_id":"86772155-dd9f-4ce8-902a-42b7f32122a1","local_time":"20210126104241","is_ascension_mode":true,"campfire_choices":[{"data":"White Noise","floor":7,"key":"SMITH"},{"floor":12,"key":"REST"},{"floor":15,"key":"REST"},{"floor":23,"key":"REST"},{"floor":25,"key":"REST"}],"circlet_count":0,"master_deck":["Strike_B","Strike_B","Strike_B","Strike_B","Defend_B","Defend_B","Defend_B","Defend_B","Zap","Dualcast","Coolheaded","White Noise+1","Recycle","Turbo","ReplayTheSpireMod:Calculation Training","FIFO Queue","Cold Snap","Conserve Battery","Chill","All For One","Sunder","ReplayTheSpireMod:Splinters","Skim","Ball Lightning+1","Genetic Algorithm","Force Field","Leap+1"],"relics":["Cracked Core","Juzu Bracelet","aspiration:DSix","aspiration:ChemicalBlood","Philosopher\u0027s Stone","Matryoshka","Blue Doll","Dream Catcher","Potion Belt"],"acts_visited":["Exordium","TheCity"],"potions_floor_usage":[14,22,22,24,24],"damage_taken":[{"damage":5,"enemies":"Small Slimes","floor":1,"turns":3},{"damage":6,"enemies":"2 Louse","floor":3,"turns":2},{"damage":0,"enemies":"Jaw Worm","floor":4,"turns":4},{"damage":10,"enemies":"HollowMod:MossKnight","floor":6,"turns":17},{"damage":14,"enemies":"Lagavulin","floor":8,"turns":8},{"damage":15,"enemies":"3 Louse","floor":10,"turns":3},{"damage":11,"enemies":"Lots of Slimes","floor":11,"turns":5},{"damage":9,"enemies":"Gremlin Gang","floor":14,"turns":8},{"damage":21,"enemies":"Hexaghost","floor":16,"turns":12},{"damage":13,"enemies":"Spheric Guardian","floor":18,"turns":8},{"damage":15,"enemies":"3 Byrds","floor":21,"turns":5},{"damage":26,"enemies":"Shelled Parasite and Fungi","floor":22,"turns":9},{"damage":58,"enemies":"Book of Stabbing","floor":24,"turns":7},{"damage":37,"enemies":"Slavers","floor":27,"turns":2}],"seed_played":"-1383421968127758224","potions_obtained":[{"floor":3,"key":"LiquidBronze"},{"floor":4,"key":"Dexterity Potion"},{"floor":10,"key":"Languid Potion"},{"floor":14,"key":"Dexterity Potion"},{"floor":16,"key":"Regen Potion"},{"floor":18,"key":"Adrenaline Potion"},{"floor":24,"key":"Energy Potion"},{"floor":24,"key":"Dexterity Potion"}],"is_trial":false,"path_per_floor":["M","$","M","M","?","E","R","E","T","M","M","R","?","M","R","B",null,"M","?","?","M","M","R","E","R","T","E"],"character_chosen":"DEFECT","items_purchased":["White Noise"],"campfire_rested":4,"item_purchase_floors":[2],"current_hp_per_floor":[77,77,71,71,71,61,61,47,47,32,21,45,33,24,48,27,82,69,69,69,54,28,52,8,32,32,0,0],"gold":555,"neow_bonus":"TEN_PERCENT_HP_BONUS","is_daily":false,"chose_seed":false,"campfire_upgraded":1,"win_rate":0.0,"timestamp":1611679361,"path_taken":["M","$","M","M","?","E","R","E","T","M","M","R","?","M","R","BOSS","M","?","?","M","M","R","E","R","T","E"],"items_purchased_type":["Card"],"build_version":"2020-12-22","purchased_purges":0,"victory":false,"max_hp_per_floor":[82,82,82,82,82,82,82,82,82,82,82,82,82,82,82,82,82,82,82,82,82,82,82,82,82,82,82,82],"card_choices":[{"not_picked":["ReplayTheSpireMod:Repulse","Stack"],"picked":"Coolheaded","floor":1},{"not_picked":["Steam Power","Hologram"],"picked":"Recycle","floor":3},{"not_picked":["Panic Button","Cold Snap"],"picked":"Turbo","floor":4},{"not_picked":["Recycle","Skim"],"picked":"ReplayTheSpireMod:Calculation Training","floor":6},{"not_picked":["Glacier","Mirror Shield"],"picked":"FIFO Queue","floor":8},{"not_picked":["Panic Button","Steam Power"],"picked":"Cold Snap","floor":10},{"not_picked":["Panic Button","Steam Power"],"picked":"Conserve Battery","floor":11},{"not_picked":["ReplaySolidLightProjector","Turbo"],"picked":"Chill","floor":14},{"not_picked":["Biased Cognition","ReplayTheSpireMod:Omega Cannon"],"picked":"All For One","floor":16},{"not_picked":["Recycle","Time Bomb+1"],"picked":"Sunder","floor":18},{"not_picked":["Darkness","Stack"],"picked":"Skim","floor":20},{"not_picked":["Barrage+1","Hologram+1"],"picked":"Ball Lightning+1","floor":20},{"not_picked":["Ball Lightning","Panic Button"],"picked":"Genetic Algorithm","floor":21},{"not_picked":["Chill","Cold Snap"],"picked":"Force Field","floor":22},{"not_picked":["Rebound+1","Sweeping Beam"],"picked":"Leap+1","floor":24}],"player_experience":491613,"relics_obtained":[{"floor":6,"key":"Juzu Bracelet"},{"floor":8,"key":"aspiration:DSix"},{"floor":20,"key":"Matryoshka"},{"floor":24,"key":"Blue Doll"},{"floor":26,"key":"Dream Catcher"},{"floor":26,"key":"Potion Belt"}],"event_choices":[{"damage_healed":0,"gold_gain":0,"player_choice":"Ignored","damage_taken":0,"max_hp_gain":0,"max_hp_loss":0,"event_name":"Golden Wing","floor":5,"gold_loss":0},{"damage_healed":0,"gold_gain":0,"player_choice":"Success","damage_taken":12,"relics_obtained":["aspiration:ChemicalBlood"],"max_hp_gain":0,"max_hp_loss":0,"event_name":"Scrap Ooze","floor":13,"gold_loss":0},{"damage_healed":0,"gold_gain":99,"player_choice":"Stole From Cult","damage_taken":0,"max_hp_gain":0,"max_hp_loss":0,"event_name":"Nest","floor":19,"gold_loss":0}],"is_beta":false,"boss_relics":[{"not_picked":["Replay:Grab Bag","hubris:BlackHole"],"picked":"Philosopher\u0027s Stone"}],"items_purged_floors":[],"is_endless":false,"potions_floor_spawned":[3,4,10,11,14,18,21,24],"killed_by":"Slavers","ascension_level":1}}