{"host":"3yynf0dn84873kbr","time":1611671713,"event":{"mods":["Act Like it!","Arknights The Spire","BaseMod","CapriCore","Challenge The Spire","Minty Spire (QoL Compilation)","StSLib","[IsaacMod]ÒÔÈö¼âËþ"],"gold_per_floor":[502,341,367,412,472,484,496,72,155,246,286,286,87,87,157,157],"floor_reached":15,"language":"ZHS","playtime":563,"items_purged":[],"score":135,"play_id":"6bcf0541-0340-4f1c-a485-bf91d01394a4","local_time":"20210126223513","daily_mods":["challengethespire:Bronze Difficulty","challengethespire:Elite Rush","Uncertain Future"],"is_ascension_mode":false,"campfire_choices":[{"data":"ats:Composite Medical Shells","floor":7,"key":"SMITH"},{"floor":14,"key":"REST"}],"circlet_count":0,"master_deck":["ats:Strike C","ats:Strike G","ats:Strike S","ats:Strike V","ats:Armor Crushing Shot","ats:Defend","ats:Defend","ats:Defend","ats:Defend","ats:Emotion Absorption","EpicFetus","ats:Counter Healing Mode","ats:Revitalization+1","ats:Chain Hook","ats:Composite Medical Shells+1","ats:Encircling Forest+1","ats:Apocalypse+1","ats:Apocalypse+1","ats:Thorns","ats:Blood Oath"],"relics":["ats:Sanity Plus","Black Star","Sling","PreservedInsect","HushsDoor","GuppysHead","Toxic Egg 2","Mercury Hourglass","ats:Originium","SalivaCoin","MawBank","Shuriken","Blood Vial","Toy Ornithopter","MealTicket","Ice Cream","Strawberry","BelialBook","The Courier","DeathBook","HornCleat","Ornamental Fan","SlaversCollar","ats:Lavender"],"acts_visited":["Exordium"],"potions_floor_usage":[10,10],"damage_taken":[{"damage":21,"enemies":"Lagavulin","floor":3,"turns":4},{"damage":11,"enemies":"Gremlin Nob","floor":4,"turns":3},{"damage":13,"enemies":"3 Sentries","floor":5,"turns":5},{"damage":53,"enemies":"Slavers","floor":9,"turns":4},{"damage":35,"enemies":"Book of Stabbing","floor":10,"turns":5},{"damage":15,"enemies":"Gremlin Leader","floor":11,"turns":3},{"damage":114,"enemies":"Nemesis","floor":15,"turns":8}],"seed_played":"-8099087716584817079","potions_obtained":[{"floor":4,"key":"LiquidMemories"},{"floor":5,"key":"GamblersBrew"},{"floor":10,"key":"Fruit Juice"},{"floor":11,"key":"EssenceOfSteel"}],"is_trial":true,"path_per_floor":["$","$","E","E","E","T","R","$","E","E","E","T","$","R","E"],"character_chosen":"DOCTOR_CLASS","items_purchased":["Toxic Egg 2","Mercury Hourglass","ats:Counter Healing Mode","ats:Revitalization+1","ats:Chain Hook","Ice Cream","Strawberry","ats:Lavender"],"campfire_rested":1,"item_purchase_floors":[1,1,2,2,2,8,8,13],"current_hp_per_floor":[72,72,51,47,43,43,43,65,28,31,25,25,40,65,0,0],"gold":157,"neow_bonus":"","is_daily":false,"chose_seed":false,"campfire_upgraded":1,"win_rate":0.0,"timestamp":1611671713,"path_taken":["$","$","E","E","E","T","R","$","E","E","E","T","$","R","E"],"items_purchased_type":["Relic","Relic","Card","Card","Card","Relic","Relic","Relic"],"build_version":"2020-12-22","purchased_purges":0,"victory":false,"max_hp_per_floor":[72,72,72,72,72,72,72,79,79,84,84,84,84,84,84,84],"card_choices":[{"not_picked":[],"picked":"EpicFetus","floor":0}],"player_experience":119174,"relics_obtained":[{"floor":3,"key":"ats:Originium"},{"floor":3,"key":"SalivaCoin"},{"floor":3,"key":"MawBank"},{"floor":4,"key":"ats:Originium"},{"floor":4,"key":"Shuriken"},{"floor":4,"key":"Blood Vial"},{"floor":5,"key":"ats:Originium"},{"floor":5,"key":"Toy Ornithopter"},{"floor":5,"key":"MealTicket"},{"floor":9,"key":"ats:Originium"},{"floor":9,"key":"BelialBook"},{"floor":9,"key":"The Courier"},{"floor":10,"key":"ats:Originium"},{"floor":10,"key":"DeathBook"},{"floor":11,"key":"HornCleat"},{"floor":11,"key":"Ornamental Fan"}],"event_choices":[],"is_beta":false,"boss_relics":[{"not_picked":["Philosopher\u0027s Stone","Astrolabe"],"picked":"ats:Sanity Plus"},{"not_picked":["Velvet Choker","Snecko Eye"],"picked":"SlaversCollar"}],"items_purged_floors":[],"is_endless":false,"potions_floor_spawned":[4,5,10,11],"killed_by":"Nemesis","ascension_level":0}}