{"host":"2v1wccdd5g2xowsh","time":1611655082,"event":{"mods":["Act Like it!","BaseMod","Hallownest","Minty Spire (QoL Compilation)","Quick Restart","StSLib","SuperFastMode","The Bug Knight"],"gold_per_floor":[111,123,142,142,67,84,84,138,217,250,215,215,243,89,89,187,187,204,204,204,159,174,174,1,19,19,19,29,11,24,24,24,119,119,133,73,73,73,73],"floor_reached":38,"language":"ZHS","playtime":3045,"items_purged":[],"score":380,"play_id":"3c894443-8be6-4c63-b229-1099d811441b","local_time":"20210126175802","is_ascension_mode":false,"campfire_choices":[{"data":"HollowMod:SiblingsSouls","floor":7.0,"key":"SMITH"},{"floor":12.0,"key":"REST"},{"floor":15.0,"key":"REST"},{"data":"HollowMod:LifebloodCocoon","floor":23,"key":"SMITH"},{"floor":32,"key":"REST"}],"circlet_count":0,"master_deck":["HollowMod:NailStrikeStart","HollowMod:NailStrikeStart","HollowMod:NailStrikeStart","HollowMod:QuickDashStart","HollowMod:QuickDashStart","HollowMod:FocusHealStart","HollowMod:PogoStrike","HollowMod:LifebloodCore","HollowMod:CoiledNail","HollowMod:SiblingsSouls+1","HollowMod:CornifersMapStart","Hallownest:skillGreenpathMap","HollowMod:Grubsong","HollowMod:ZotesMagnificence","HollowMod:SoulSplash","HollowMod:AwokenDreamNail","HollowMod:BaldurShell+1","HollowMod:SoulShaman+1","HollowMod:LifebloodCore+1","HollowMod:SoulStrike","HollowMod:LifebloodCocoon+1","HollowMod:SharpenedNail","HollowMod:GreatSlash","HollowMod:DoubleDash","HollowMod:ChannelNail","HollowMod:PureVessel","HollowMod:SlysStrikes","HollowMod:DashSlash"],"relics":["HollowMod:VesselMask","Hallownest:DreamNailRelic","Bag of Marbles","Pantograph","Toy Ornithopter","HollowMod:LifeEnderRelic","HollowMod:KingsBrand","Astrolabe","Red Mask","ClockworkSouvenir","The Courier","Hallownest:NailmastersGloryRelic","Philosopher\u0027s Stone","Hallownest:HeavyBlowRelic"],"acts_visited":["Exordium","Hallownest:Greenpath","Hallownest:CityofTears"],"potions_floor_usage":[28,28,28,28,33,33,33],"damage_taken":[{"damage":2.0,"enemies":"Hallownest:monsterHuskWarrior","floor":1.0,"turns":4.0},{"damage":12.0,"enemies":"Hallownest:monsterHuskGuard","floor":2.0,"turns":5.0},{"damage":0.0,"enemies":"Hallownest:2_Baldur","floor":3.0,"turns":5.0},{"damage":0.0,"enemies":"Hallownest:MossCreep_and_Mosskin","floor":6.0,"turns":6.0},{"damage":41.0,"enemies":"Hallownest:eliteCrystalGuardian","floor":10.0,"turns":7.0},{"damage":45.0,"enemies":"Hallownest:eliteMossKnight","floor":13.0,"turns":14.0},{"damage":15.0,"enemies":"Hallownest:BossFalseKnight","floor":16.0,"turns":9.0},{"damage":35.0,"enemies":"Hallownest:3_Youths","floor":18.0,"turns":8.0},{"damage":7,"enemies":"Hallownest:2_Mistakes","floor":22,"turns":5},{"damage":54,"enemies":"Hallownest:2_Flukemon","floor":25,"turns":10},{"damage":24,"enemies":"Hallownest:monsterShrumalOgre","floor":28,"turns":5},{"damage":7,"enemies":"Hallownest:Master_and_Novice","floor":30,"turns":4},{"damage":117,"enemies":"Hallownest:BossMantisLord","floor":33,"turns":12},{"damage":39,"enemies":"Hallownest:2_Littles","floor":35,"turns":8},{"damage":64,"enemies":"Hallownest:3_Siblings","floor":38,"turns":6}],"seed_played":"6783055692227078199","potions_obtained":[{"floor":1.0,"key":"ColorlessPotion"},{"floor":3.0,"key":"Ancient Potion"},{"floor":28,"key":"SpeedPotion"},{"floor":30,"key":"Swift Potion"}],"is_trial":false,"path_per_floor":["M","M","M","?","?","M","R","T","T","E","?","R","E","$","R","B",null,"M","?","?","?","M","R","$","M","T","?","M","$","M","?","R","B",null,"M","?","?","M"],"character_chosen":"THE_BUGKNIGHT","items_purchased":["HollowMod:KingsBrand","HollowMod:SharpenedNail","ClockworkSouvenir","HollowMod:ChannelNail"],"campfire_rested":3,"item_purchase_floors":[14,24,24,29],"current_hp_per_floor":[75,69,75,75,75,75,75,75,75,40,45,69,44,44,68,73,80,51,51,65,65,58,58,58,4,4,4,14,14,7,7,80,55,80,47,54,54,0,0],"gold":73,"neow_bonus":"ONE_RANDOM_RARE_CARD","is_daily":false,"chose_seed":false,"campfire_upgraded":2,"win_rate":0.0,"timestamp":1611655082,"path_taken":["M","?","M","?","?","M","R","?","T","E","?","R","E","$","R","BOSS","M","?","?","?","?","R","$","M","T","?","M","?","M","?","R","BOSS","M","?","?","M"],"items_purchased_type":["Relic","Card","Relic","Card"],"build_version":"2020-12-22","purchased_purges":0,"victory":false,"max_hp_per_floor":[75,75,75,75,75,75,75,75,75,75,80,80,80,80,80,80,80,80,80,80,80,80,80,80,80,80,80,80,80,80,80,80,80,80,80,87,87,87,87],"card_choices":[{"not_picked":["HollowMod:GoodIntentions","HollowMod:SoulStrike"],"picked":"HollowMod:CoiledNail","floor":1.0},{"not_picked":["HollowMod:WraithStrike","HollowMod:SharpenedNail"],"picked":"HollowMod:SiblingsSouls","floor":2.0},{"not_picked":["HollowMod:NewLittleFool","HollowMod:VengefulVoid"],"picked":"HollowMod:CornifersMapStart","floor":3.0},{"not_picked":["HollowMod:VengefulVoid","HollowMod:CloakDash"],"picked":"HollowMod:Grubsong","floor":6.0},{"not_picked":["HollowMod:CrystalDash","HollowMod:MothsMistake"],"picked":"HollowMod:ZotesMagnificence","floor":10.0},{"not_picked":["HollowMod:CloakDash","HollowMod:GoodIntentions"],"picked":"HollowMod:SoulSplash","floor":13.0},{"not_picked":["HollowMod:ZotesMagnificence","HollowMod:ElderbugsWisdom"],"picked":"HollowMod:AwokenDreamNail","floor":16.0},{"not_picked":["HollowMod:SoulShaman","HollowMod:TaintedHusks"],"picked":"HollowMod:SoulStrike","floor":18.0},{"not_picked":["HollowMod:InfectedAttack","HollowMod:GoodIntentions"],"picked":"HollowMod:LifebloodCocoon","floor":22},{"not_picked":["HollowMod:SoulStrike","HollowMod:InfectionAssault+1"],"picked":"HollowMod:GreatSlash","floor":25},{"not_picked":["HollowMod:TaintedHusks+1","HollowMod:SharpenedNail"],"picked":"HollowMod:DoubleDash","floor":28},{"not_picked":["HollowMod:CycloneSlash+1","HollowMod:DoubleDash+1"],"picked":"HollowMod:PureVessel","floor":30},{"not_picked":["HollowMod:SoulMaster","HollowMod:LordofShades"],"picked":"HollowMod:SlysStrikes","floor":33},{"not_picked":["HollowMod:BaldurShell","HollowMod:NewLittleFool"],"picked":"HollowMod:DashSlash","floor":35}],"player_experience":224458,"relics_obtained":[{"floor":8.0,"key":"Bag of Marbles"},{"floor":9.0,"key":"Pantograph"},{"floor":10.0,"key":"Toy Ornithopter"},{"floor":13.0,"key":"HollowMod:LifeEnderRelic"},{"floor":26,"key":"The Courier"}],"event_choices":[],"is_beta":false,"boss_relics":[{"not_picked":["Coffee Dripper","Tiny House"],"picked":"Astrolabe"},{"not_picked":["Busted Crown","Runic Dome"],"picked":"Philosopher\u0027s Stone"}],"items_purged_floors":[],"is_endless":false,"potions_floor_spawned":[1,3,28,30],"killed_by":"Hallownest:3_Siblings","ascension_level":0}}