{"host":"n605f8gctjc87d7h","time":1611703404,"event":{"mods":["Aspiration","Bard","BaseMod","Better Match","Better Note","Better Skull","Better Third Choice","Conspire","Halation","Hermit","Infinite Spire","Minty Spire (QoL Compilation)","Replay The Spire","Retaliation","Shade Mod","Spicy Shops","StS++","StSLib","The IronCluck"],"gold_per_floor":[216,156,156,176,176,176,208,34,85,85,85,101,101,130,130,230,230,241,166,185,205,205,205,232,232,232,248,248,264,264,284,284,284,284],"floor_reached":33,"language":"ENG","playtime":1866,"items_purged":[],"score":408,"play_id":"172d4f67-3a8d-4061-a7c2-02a875e38e30","local_time":"20210126152324","is_ascension_mode":true,"campfire_choices":[{"data":"Deadly Poison","floor":6.0,"key":"SMITH"},{"floor":11.0,"key":"REST"},{"floor":13.0,"key":"REST"},{"data":"Strike_G","floor":15.0,"key":"PURGE"},{"floor":23,"key":"REST"},{"floor":28,"key":"REST"},{"floor":30,"key":"REST"},{"floor":32,"key":"REST"}],"circlet_count":0,"master_deck":["AscendersBane","Strike_G","Strike_G","Defend_G","Defend_G","Defend_G","Defend_G","Defend_G","Survivor","Neutralize","Deadly Poison+1","StSpp:FiercePoison+1","Slice+1","Slice+1","StSpp:PoisonousPunch+1","Bane+1","Replay:Bag of Tricks+1","StSpp:PoisonousPunch+1","Doppelganger","Quick Slash+1","Catalyst","Catalyst"],"relics":["Ring of the Snake","ReplayFunnel","Molten Egg 2","DollysMirror","infinitespire:Satchel","halation:YellowSoulGem","aspiration:TomeofQuesting","HoveringKite","Question Card","Pet Ghost"],"acts_visited":["Exordium","TheCity"],"potions_floor_usage":[24,29,31],"damage_taken":[{"damage":4.0,"enemies":"Small Slimes","floor":1.0,"turns":3.0},{"damage":6.0,"enemies":"Cultist","floor":4.0,"turns":4.0},{"damage":23.0,"enemies":"Lagavulin","floor":7.0,"turns":6.0},{"damage":2.0,"enemies":"Jaw Worm","floor":12.0,"turns":4.0},{"damage":6.0,"enemies":"conspire:MimicChest","floor":14.0,"turns":6.0},{"damage":59.0,"enemies":"Slime Boss","floor":16.0,"turns":9.0},{"damage":2,"enemies":"conspire:FuzzyDice","floor":18,"turns":6},{"damage":16,"enemies":"Spheric Guardian","floor":20,"turns":4},{"damage":15,"enemies":"Snake Plant","floor":21,"turns":3},{"damage":41,"enemies":"conspire:Head Lice","floor":24,"turns":7},{"damage":0,"enemies":"Centurion and Healer","floor":27,"turns":4},{"damage":5,"enemies":"conspire:HollyBat","floor":29,"turns":7},{"damage":12,"enemies":"Snake Plant","floor":31,"turns":3},{"damage":65,"enemies":"Automaton","floor":33,"turns":6}],"seed_played":"1426276389973583719","potions_obtained":[{"floor":7.0,"key":"DuplicationPotion"},{"floor":21,"key":"Poison Potion"},{"floor":24,"key":"EssenceOfSteel"},{"floor":29,"key":"DistilledChaos"}],"is_trial":false,"path_per_floor":["M","$","?","M","?","R","E","$","T","?","R","M","R","?","R","B",null,"M","?","M","M","$","R","E","?","T","M","R","M","R","M","R","B"],"character_chosen":"THE_SILENT","items_purchased":["StSpp:FiercePoison+1","Slice+1","DollysMirror"],"campfire_rested":6,"item_purchase_floors":[2,8,8],"current_hp_per_floor":[59,59,59,53,53,53,30,30,30,30,51,49,70,64,64,5,54,52,52,36,21,21,42,1,1,1,1,22,17,38,26,47,0,0],"gold":284,"neow_bonus":"HUNDRED_GOLD","is_daily":false,"chose_seed":false,"campfire_upgraded":1,"win_rate":0.0,"timestamp":1611703404,"path_taken":["M","$","?","?","?","R","E","$","T","?","R","M","R","?","R","BOSS","M","?","M","M","$","R","E","?","T","M","R","M","R","?","R","BOSS"],"items_purchased_type":["Card","Card","Relic"],"build_version":"2020-12-22","purchased_purges":0,"victory":false,"max_hp_per_floor":[70,70,70,70,70,70,70,70,70,70,70,70,70,70,70,70,70,70,70,70,70,70,70,70,70,70,70,70,70,70,70,70,70,70],"card_choices":[{"not_picked":["Deflect","Bane"],"picked":"Deadly Poison","floor":1.0},{"not_picked":["Calculated Gamble","Dash","Setup"],"picked":"SKIP","floor":4.0},{"not_picked":["Outmaneuver","Dagger Throw+1","All Out Attack+1"],"picked":"SKIP","floor":7.0},{"not_picked":["StSpp:Dive","Outmaneuver"],"picked":"StSpp:PoisonousPunch+1","floor":12.0},{"not_picked":["Flechettes+1","Reflex"],"picked":"Bane+1","floor":14.0},{"not_picked":["ReplayTheSpireMod:From All Sides+1","StSpp:AbandonFlesh"],"picked":"Replay:Bag of Tricks","floor":16.0},{"not_picked":["Hidden Blade","Caltrops","StSpp:PoisonousPunch+1"],"picked":"SKIP","floor":18},{"not_picked":["StSpp:Dive","Hidden Blade+1"],"picked":"StSpp:PoisonousPunch+1","floor":20},{"not_picked":["Finisher+1","Flying Knee+1"],"picked":"Doppelganger","floor":21},{"not_picked":["Flechettes+1","Acrobatics"],"picked":"Quick Slash+1","floor":24},{"not_picked":["Dodge and Roll","Hidden Blade","Flying Knee+1"],"picked":"Catalyst","floor":27},{"not_picked":["Hidden Blade","Distraction","Blade Dance","StSpp:Lure"],"picked":"SKIP","floor":29},{"not_picked":["Outmaneuver","Well Laid Plans","Slice+1"],"picked":"Catalyst","floor":31}],"player_experience":655747,"relics_obtained":[{"floor":5.0,"key":"ReplayFunnel"},{"floor":7.0,"key":"Molten Egg 2"},{"floor":9.0,"key":"infinitespire:Satchel"},{"floor":14.0,"key":"aspiration:TomeofQuesting"},{"floor":24,"key":"Question Card"},{"floor":26,"key":"Pet Ghost"}],"event_choices":[{"cards_removed":["Strike_G"],"damage_healed":0.0,"max_hp_gain":0.0,"max_hp_loss":0.0,"gold_gain":0.0,"event_name":"Bonfire Elementals","player_choice":"Offered Basic","floor":3.0,"gold_loss":0.0,"damage_taken":0.0},{"cards_removed":["Strike_G"],"damage_healed":0,"gold_gain":0,"player_choice":"Gave Gold","damage_taken":0,"max_hp_gain":0,"max_hp_loss":0,"event_name":"Beggar","floor":19,"gold_loss":75},{"damage_healed":0,"gold_gain":0,"player_choice":"Upgraded","damage_taken":0,"max_hp_gain":0,"max_hp_loss":0,"event_name":"Upgrade Shrine","floor":25,"gold_loss":0,"cards_upgraded":["Replay:Bag of Tricks"]}],"is_beta":false,"boss_relics":[{"not_picked":["StSpp:Balance","conspire:RunicOctahedron"],"picked":"HoveringKite"}],"items_purged_floors":[],"is_endless":false,"potions_floor_spawned":[7,21,24,29],"killed_by":"Automaton","ascension_level":11}}