{"host":"rv8qrr1d2i1l2m12","time":1611705457,"event":{"mods":["BaseMod","Colored Map","Minty Spire (QoL Compilation)","StSLib"],"gold_per_floor":[109,109,127,144,163,163,80,108,108,122,122,138,148,159,159,257,257,267,283,300,313,313,313,329,329,329,329,239,250,277,45,45,146,146,156,171,188,188,2,2,17,33,33,33,50,50,79,96,96,96],"floor_reached":51,"language":"ENG","playtime":4479,"items_purged":[],"score":945,"play_id":"a036237b-0434-4b8b-b2e8-0fb514edbe8d","local_time":"20210126185737","is_ascension_mode":true,"campfire_choices":[{"data":"All For One","floor":6.0,"key":"SMITH"},{"floor":11.0,"key":"REST"},{"floor":15.0,"key":"REST"},{"floor":23.0,"key":"REST"},{"floor":25.0,"key":"REST"},{"floor":32.0,"key":"DIG"},{"floor":40,"key":"DIG"},{"floor":49,"key":"REST"}],"circlet_count":0,"master_deck":["Strike_B","Strike_B","Strike_B","Strike_B","Defend_B","Defend_B","Defend_B","Zap","Dualcast","Conserve Battery+1","Conserve Battery+1","Coolheaded","Go for the Eyes","All For One+1","Beam Cell","Hello World","Gash","Storm","Go for the Eyes","Cold Snap+1","Biased Cognition","CurseOfTheBell","Go for the Eyes+1","Defragment","Steam","Machine Learning","Sweeping Beam+1","Doom and Gloom+1","Storm","Buffer","Heatsinks","Barrage+1","Static Discharge+1","Good Instincts","Defragment","Self Repair","Loop","Chill+1","Static Discharge+1","Redo+1","White Noise","Defragment"],"relics":["Cracked Core","Gremlin Horn","Meat on the Bone","Calling Bell","Regal Pillow","Symbiotic Virus","Shovel","Eternal Feather","Mercury Hourglass","War Paint","Lee\u0027s Waffle","The Courier","Nuclear Battery","Smiling Mask","Question Card","Lantern"],"acts_visited":["Exordium","TheCity","TheBeyond"],"potions_floor_usage":[50,50,50],"damage_taken":[{"damage":5.0,"enemies":"Small Slimes","floor":1.0,"turns":3.0},{"damage":0.0,"enemies":"Cultist","floor":3.0,"turns":3.0},{"damage":2.0,"enemies":"Jaw Worm","floor":4.0,"turns":3.0},{"damage":13.0,"enemies":"2 Fungi Beasts","floor":5.0,"turns":4.0},{"damage":24.0,"enemies":"Lagavulin","floor":8.0,"turns":7.0},{"damage":3.0,"enemies":"3 Louse","floor":10.0,"turns":2.0},{"damage":13.0,"enemies":"Lots of Slimes","floor":12.0,"turns":3.0},{"damage":3.0,"enemies":"Blue Slaver","floor":13.0,"turns":2.0},{"damage":4.0,"enemies":"3 Louse","floor":14.0,"turns":3.0},{"damage":19.0,"enemies":"The Guardian","floor":16.0,"turns":14.0},{"damage":24.0,"enemies":"Spheric Guardian","floor":18.0,"turns":5.0},{"damage":0.0,"enemies":"Chosen","floor":19.0,"turns":4.0},{"damage":18.0,"enemies":"Snecko","floor":20.0,"turns":5.0},{"damage":25.0,"enemies":"Snake Plant","floor":21.0,"turns":4.0},{"damage":50.0,"enemies":"Cultist and Chosen","floor":24.0,"turns":8.0},{"damage":13.0,"enemies":"3 Cultists","floor":29.0,"turns":5.0},{"damage":17.0,"enemies":"Book of Stabbing","floor":30.0,"turns":6.0},{"damage":29.0,"enemies":"Champ","floor":33.0,"turns":12.0},{"damage":0,"enemies":"3 Shapes","floor":35,"turns":3},{"damage":2,"enemies":"Orb Walker","floor":36,"turns":4},{"damage":29,"enemies":"Writhing Mass","floor":37,"turns":5},{"damage":39,"enemies":"Spire Growth","floor":41,"turns":4},{"damage":26,"enemies":"Maw","floor":42,"turns":7},{"damage":1,"enemies":"4 Shapes","floor":45,"turns":5},{"damage":65,"enemies":"Nemesis","floor":47,"turns":5},{"damage":30,"enemies":"Sphere and 2 Shapes","floor":48,"turns":3},{"damage":64,"enemies":"Donu and Deca","floor":50,"turns":6}],"seed_played":"5118604100192588850","potions_obtained":[{"floor":1.0,"key":"Swift Potion"},{"floor":8.0,"key":"Explosive Potion"},{"floor":10.0,"key":"PotionOfCapacity"},{"floor":14.0,"key":"PotionOfCapacity"},{"floor":16.0,"key":"Weak Potion"},{"floor":18.0,"key":"Block Potion"},{"floor":20.0,"key":"Ancient Potion"},{"floor":29.0,"key":"Block Potion"},{"floor":30.0,"key":"Swift Potion"},{"floor":42,"key":"Explosive Potion"},{"floor":45,"key":"FairyPotion"},{"floor":47,"key":"AttackPotion"},{"floor":48,"key":"FearPotion"}],"is_trial":false,"path_per_floor":["M","?","M","M","M","R","$","E","T","M","R","M","M","M","R","B",null,"M","M","M","M","?","R","M","R","T","?","?","M","E","$","R","B",null,"M","M","M","?","$","R","M","M","T","?","M","?","E","M","R","B",null],"character_chosen":"DEFECT","items_purchased":["Beam Cell","Hello World","Storm","Lee\u0027s Waffle","Defragment","Self Repair","Loop"],"campfire_rested":5,"item_purchase_floors":[7,7,31,31,39,39,39],"current_hp_per_floor":[63,75,75,73,60,60,60,36,36,45,67,54,51,47,69,50,69,45,45,39,26,26,63,25,62,62,62,62,49,44,82,82,53,75,75,73,44,39,39,60,33,26,26,26,44,44,43,32,82,30],"gold":96,"neow_bonus":"THREE_CARDS","is_daily":false,"chose_seed":false,"campfire_upgraded":1,"win_rate":0.0,"timestamp":1611705457,"path_taken":["M","?","M","M","M","R","?","E","T","M","R","M","?","?","R","BOSS","M","M","M","M","?","R","M","R","T","?","?","M","E","$","R","BOSS","M","?","M","?","$","R","M","M","T","?","M","?","E","?","R","BOSS"],"items_purchased_type":["Card","Card","Card","Relic","Card","Card","Card"],"build_version":"2020-12-22","purchased_purges":0,"victory":true,"max_hp_per_floor":[75,75,75,75,75,75,75,75,75,75,75,75,75,75,75,75,75,75,75,75,75,75,75,75,75,75,75,75,75,75,82,82,82,82,82,82,82,82,82,82,82,82,82,82,82,82,82,82,82,82],"card_choices":[{"not_picked":["Aggregate","Redo"],"picked":"Conserve Battery","floor":0.0},{"not_picked":["Reinforced Body","Stack"],"picked":"Conserve Battery","floor":1.0},{"not_picked":["Redo","Leap"],"picked":"Coolheaded","floor":3.0},{"not_picked":["Steam","Turbo"],"picked":"Go for the Eyes","floor":4.0},{"not_picked":["Conserve Battery","Turbo"],"picked":"All For One","floor":5.0},{"not_picked":["Redo","Lockon"],"picked":"Glacier","floor":8.0},{"not_picked":["Redo","Rebound"],"picked":"Gash","floor":10.0},{"not_picked":["Conserve Battery","Steam Power"],"picked":"Storm","floor":12.0},{"not_picked":["Coolheaded","Hologram"],"picked":"Go for the Eyes","floor":13.0},{"not_picked":["Compile Driver","Hologram"],"picked":"Cold Snap","floor":14.0},{"not_picked":["Fission","Seek"],"picked":"Biased Cognition","floor":16.0},{"not_picked":["Hello World","Heatsinks"],"picked":"Go for the Eyes+1","floor":18.0},{"not_picked":["Genetic Algorithm+1","Steam Power"],"picked":"Defragment","floor":19.0},{"not_picked":["Lockon","Rip and Tear"],"picked":"Steam","floor":20.0},{"not_picked":["Reinforced Body+1","Turbo+1","Auto Shields"],"picked":"SKIP","floor":21.0},{"not_picked":["Redo","Rebound"],"picked":"Machine Learning","floor":24.0},{"not_picked":["Barrage+1","Hologram"],"picked":"Sweeping Beam+1","floor":29.0},{"not_picked":["Stack","Rebound"],"picked":"Doom and Gloom+1","floor":30.0},{"not_picked":["Machine Learning","Fission"],"picked":"Buffer","floor":33.0},{"not_picked":["Aggregate+1","Hologram"],"picked":"Heatsinks","floor":35},{"not_picked":["Turbo+1","Coolheaded"],"picked":"Barrage+1","floor":36},{"not_picked":["Gash","Compile Driver+1"],"picked":"Static Discharge+1","floor":37},{"not_picked":["Impatience","Secret Technique"],"picked":"Good Instincts","floor":38},{"not_picked":["Go for the Eyes+1","Conserve Battery"],"picked":"Chill+1","floor":41},{"not_picked":["Lockon","Skim"],"picked":"Static Discharge+1","floor":42},{"not_picked":["Go for the Eyes+1","Turbo","BootSequence+1"],"picked":"Redo+1","floor":45},{"not_picked":["Leap+1","Steam","Lockon+1"],"picked":"White Noise","floor":47},{"not_picked":["FTL","Rebound+1","Compile Driver+1"],"picked":"Defragment","floor":48}],"player_experience":565534,"relics_obtained":[{"floor":8.0,"key":"Gremlin Horn"},{"floor":9.0,"key":"Meat on the Bone"},{"floor":17.0,"key":"Regal Pillow"},{"floor":17.0,"key":"Symbiotic Virus"},{"floor":17.0,"key":"Shovel"},{"floor":26.0,"key":"Eternal Feather"},{"floor":30.0,"key":"War Paint"},{"floor":32.0,"key":"The Courier"},{"floor":40,"key":"Smiling Mask"},{"floor":43,"key":"Question Card"},{"floor":47,"key":"Lantern"}],"event_choices":[{"damage_healed":12.0,"max_hp_gain":0.0,"max_hp_loss":0.0,"gold_gain":0.0,"event_name":"Wheel of Change","player_choice":"Full Heal","floor":2.0,"gold_loss":0.0,"damage_taken":0.0},{"damage_healed":0.0,"max_hp_gain":0.0,"max_hp_loss":0.0,"gold_gain":0.0,"event_name":"Ghosts","player_choice":"Ignored","floor":22.0,"gold_loss":0.0,"damage_taken":0.0},{"damage_healed":0.0,"max_hp_gain":0.0,"max_hp_loss":0.0,"gold_gain":0.0,"event_name":"The Mausoleum","player_choice":"Opened","floor":27.0,"gold_loss":0.0,"damage_taken":0.0,"relics_obtained":["Mercury Hourglass"],"cards_obtained":["Writhe"]},{"cards_removed":["Writhe"],"damage_healed":0.0,"max_hp_gain":0.0,"max_hp_loss":0.0,"gold_gain":0.0,"event_name":"Designer","player_choice":"Upgrade and Remove","floor":28.0,"gold_loss":90.0,"damage_taken":0.0,"cards_upgraded":["Cold Snap"]},{"damage_healed":0,"gold_gain":0,"player_choice":"Memory 2","damage_taken":5,"max_hp_gain":0,"max_hp_loss":0,"event_name":"SensoryStone","floor":38,"gold_loss":0},{"cards_removed":["Glacier"],"damage_healed":0,"gold_gain":0,"player_choice":"Removed Skill","damage_taken":0,"max_hp_gain":0,"max_hp_loss":0,"event_name":"Falling","floor":44,"gold_loss":0},{"cards_removed":["Defend_B"],"damage_healed":0,"gold_gain":0,"player_choice":"Offered Basic","damage_taken":0,"max_hp_gain":0,"max_hp_loss":0,"event_name":"Bonfire Elementals","floor":46,"gold_loss":0}],"is_beta":false,"boss_relics":[{"not_picked":["Black Star","Runic Pyramid"],"picked":"Calling Bell"},{"not_picked":["Runic Dome","Velvet Choker"],"picked":"Nuclear Battery"}],"items_purged_floors":[],"is_endless":false,"potions_floor_spawned":[1,8,10,14,16,18,20,29,30,42,45,47,48],"ascension_level":8}}