{"host":"vucub2jtaeo9vgh1","time":1611692707,"event":{"mods":["BaseMod","BetterRewards","GungeonMod","Minty Spire (QoL Compilation)","Quick Restart","Rare Cards Sparkle","Replay The Spire","Robot Space Explorer","StSLib","The Marked","The Necromancer"],"gold_per_floor":[118,118,135,60,335,369,382,428,455,14,29,60,60,77,77,172,172,185,185,235,248,261,261,291,291,291,309,344,110,110,110,110,210,210,129,2,18,31,47,47,47],"floor_reached":40,"language":"ENG","playtime":1488,"items_purged":["theMarked:Strike","Regret","Doubt","theMarked:Strike","CommonCold"],"score":511,"play_id":"6d00f592-cdb0-4e21-a413-9149160b3cb6","local_time":"20210126212507","is_ascension_mode":false,"campfire_choices":[{"data":"theMarked:ComboAttacks","floor":13,"key":"SMITH"},{"floor":15,"key":"REST"},{"data":"theMarked:RogueSparks","floor":23,"key":"SMITH"},{"data":"theMarked:SoldierOfQuellstein","floor":25,"key":"SMITH"},{"data":"theMarked:Levitate","floor":30,"key":"SMITH"},{"data":"theMarked:Parkour","floor":32,"key":"SMITH"}],"circlet_count":0,"master_deck":["theMarked:Strike","theMarked:Strike","theMarked:Strike","theMarked:Defend","theMarked:Defend","theMarked:Defend","theMarked:Defend","theMarked:SoldierOfQuellstein+1","theMarked:ComboAttacks+1","theMarked:EmpowerWeapon","theMarked:TakeOffHeels","theMarked:EmpowerWeapon","theMarked:TakeCover","theMarked:BindingBlade","theMarked:RogueSparks+1","ReplayTheSpireMod:Faulty Equipment","theMarked:StartUp","theMarked:Parkour+1","theMarked:TakeCover","theMarked:TwofoldDefense","theMarked:SwordAndMagic+1","theMarked:Levitate+1","theMarked:Toughness","AbeCurse","theMarked:RogueSparks"],"relics":["theMarked:BronzeBlade","NeowsBlessing","FaceOfCleric","theMarked:SecretDocuments","MealTicket","Dream Catcher","Membership Card","Question Card","Replay:Rubber Ducky","ReplayFunnel","Replay:Bottled Flurry","ReplayTheSpireMod:CursedCoin","Divine Protection","Bottled Lightning","Nunchaku","Orichalcum","Replay:Ancient Bell","ReplayTheSpireMod:Lightbulb","HornCleat","DemoMod:AgedBell"],"acts_visited":["Exordium","TheCity","TheBeyond"],"potions_floor_usage":[12,33,33,38],"damage_taken":[{"damage":0,"enemies":"2 Louse","floor":1,"turns":1},{"damage":0,"enemies":"Cultist","floor":3,"turns":1},{"damage":0,"enemies":"3 Sentries","floor":6,"turns":2},{"damage":7,"enemies":"Small Slimes","floor":7,"turns":3},{"damage":0,"enemies":"Exordium Thugs","floor":11,"turns":6},{"damage":30,"enemies":"Gremlin Nob","floor":12,"turns":5},{"damage":16,"enemies":"Red Slaver","floor":14,"turns":4},{"damage":31,"enemies":"Hexaghost","floor":16,"turns":9},{"damage":6,"enemies":"Spheric Guardian","floor":18,"turns":4},{"damage":0,"enemies":"Chosen","floor":21,"turns":4},{"damage":15,"enemies":"Sentry and Sphere","floor":22,"turns":6},{"damage":14,"enemies":"Replay:Snechameleon","floor":24,"turns":5},{"damage":1,"enemies":"Snake Plant","floor":27,"turns":4},{"damage":14,"enemies":"Gremlin Leader","floor":28,"turns":7},{"damage":43,"enemies":"Automaton","floor":33,"turns":8},{"damage":3,"enemies":"3 Shapes","floor":35,"turns":4},{"damage":0,"enemies":"Orb Walker","floor":37,"turns":3},{"damage":16,"enemies":"Writhing Mass","floor":38,"turns":5},{"damage":25,"enemies":"Spire Growth","floor":39,"turns":5},{"damage":49,"enemies":"Giant Head","floor":40,"turns":8}],"seed_played":"-7582681757461669870","potions_obtained":[{"floor":1,"key":"Block Potion"},{"floor":3,"key":"SteroidPotion"},{"floor":6,"key":"Ancient Potion"},{"floor":16,"key":"PowerPotion"},{"floor":24,"key":"PowerPotion"},{"floor":33,"key":"Adrenaline Potion"},{"floor":39,"key":"Dexterity Potion"}],"is_trial":false,"path_per_floor":["M","?","M","$","?","E","M","T","T","$","M","E","R","M","R","B",null,"M","?","$","M","M","R","E","R","T","M","E","$","R","?","R","B",null,"M","$","M","M","M","E"],"character_chosen":"THE_DEFAULT","items_purchased":["Membership Card","Question Card","theMarked:EmpowerWeapon","theMarked:TakeCover","Replay:Rubber Ducky","ReplayTheSpireMod:CursedCoin","theMarked:StartUp","theMarked:Levitate","Orichalcum","theMarked:RogueSparks"],"campfire_rested":1,"item_purchase_floors":[10,10,10,10,10,20,20,29,29,36],"current_hp_per_floor":[70,70,71,71,71,72,66,66,66,73,74,45,45,30,52,22,77,72,72,78,79,65,65,52,52,52,52,39,54,54,81,81,39,84,82,85,86,71,47,0,0],"gold":47,"neow_bonus":"THREE_ENEMY_KILL","is_daily":false,"chose_seed":false,"campfire_upgraded":5,"win_rate":0.0,"timestamp":1611692707,"path_taken":["M","?","M","?","?","E","?","?","T","$","?","E","R","M","R","BOSS","M","?","?","?","M","R","E","R","T","M","E","$","R","?","R","BOSS","M","$","M","M","M","E"],"items_purchased_type":["Relic","Relic","Card","Card","Relic","Relic","Card","Card","Relic","Card"],"build_version":"2020-12-22","purchased_purges":5,"victory":false,"max_hp_per_floor":[70,70,71,71,71,72,73,73,73,73,74,75,75,76,76,77,77,78,78,78,79,80,80,81,81,81,82,83,83,83,83,83,84,84,85,85,86,87,88,88,88],"card_choices":[{"not_picked":["theMarked:Panic","theMarked:Aftermath"],"picked":"theMarked:ComboAttacks","floor":1},{"not_picked":["theMarked:WardOff","theMarked:Indomitable"],"picked":"theMarked:EmpowerWeapon","floor":3},{"not_picked":["theMarked:WardOff","theMarked:Improvise"],"picked":"theMarked:TakeOffHeels","floor":6},{"not_picked":["theMarked:Reabsorb","theMarked:ElectricStrings","theMarked:Pokerface"],"picked":"SKIP","floor":7},{"not_picked":["theMarked:ElectricStrings","theMarked:Frustration","theMarked:Overthink","theMarked:TunnelVision"],"picked":"SKIP","floor":11},{"not_picked":["theMarked:Aftermath","theMarked:ElectricStrings","theMarked:EmpowerWeapon"],"picked":"theMarked:BindingBlade","floor":12},{"not_picked":["theMarked:Aftermath","theMarked:ChainLightning","theMarked:TakeCover"],"picked":"theMarked:RogueSparks","floor":14},{"not_picked":["theMarked:Frustration+1","theMarked:Determination","theMarked:TakeCover+1","theMarked:Static"],"picked":"SKIP","floor":18},{"not_picked":["theMarked:BanishingStrike","theMarked:LightningStrikesTwice","theMarked:EmpowerWeapon","theMarked:Memento+1"],"picked":"SKIP","floor":21},{"not_picked":["theMarked:ResourceFulStrike","theMarked:WardOff+1","theMarked:EmpowerWeapon"],"picked":"theMarked:Parkour","floor":22},{"not_picked":["theMarked:Defy","theMarked:EmpowerWeapon","theMarked:Panic"],"picked":"theMarked:TakeCover","floor":24},{"not_picked":["theMarked:ParalyzingBlade+1","theMarked:Indomitable+1","theMarked:WardOff+1"],"picked":"theMarked:TwofoldDefense","floor":27},{"not_picked":["theMarked:Polarize","theMarked:ElectricStrings","theMarked:RepellingDischarge"],"picked":"theMarked:SwordAndMagic+1","floor":28},{"not_picked":["theMarked:Levitate","theMarked:SuspiciousRaven","theMarked:Snap"],"picked":"theMarked:Toughness","floor":33},{"not_picked":["ReplayTheSpireMod:Faulty Equipment","Parasite","Overencumbered"],"picked":"CommonCold","floor":34},{"not_picked":["Replay:Hysterical Blindness","Voices","Injury"],"picked":"ReplayTheSpireMod:IOU","floor":34},{"not_picked":["ReplayTheSpireMod:Restless Dread","Looming Evil","Amnesia"],"picked":"AbeCurse","floor":34},{"not_picked":["theMarked:SwordAndMagic","theMarked:WardOff","theMarked:WastefulAttack+1","theMarked:Frustration"],"picked":"SKIP","floor":35},{"not_picked":["theMarked:WardOff","theMarked:AttractMetal+1","theMarked:HeightenedSenses+1","theMarked:ChainLightning+1"],"picked":"SKIP","floor":37},{"not_picked":["theMarked:ElectricStrings+1","theMarked:RepellingDischarge+1","theMarked:GodGivenPower+1","theMarked:ResourceFulStrike"],"picked":"SKIP","floor":38},{"not_picked":["theMarked:Frustration","theMarked:OneWithTheBlade+1","theMarked:TwofoldDefense+1","theMarked:EmpowerWeapon+1"],"picked":"SKIP","floor":39}],"player_experience":316877,"relics_obtained":[{"floor":6,"key":"theMarked:SecretDocuments"},{"floor":8,"key":"MealTicket"},{"floor":9,"key":"Dream Catcher"},{"floor":12,"key":"ReplayFunnel"},{"floor":24,"key":"Divine Protection"},{"floor":26,"key":"Bottled Lightning"},{"floor":28,"key":"Nunchaku"}],"event_choices":[{"damage_healed":0,"gold_gain":0,"player_choice":"Trade","damage_taken":0,"relics_obtained":["FaceOfCleric"],"max_hp_gain":0,"max_hp_loss":0,"event_name":"FaceTrader","floor":2,"gold_loss":0},{"damage_healed":0,"gold_gain":275,"player_choice":"Desecrate","damage_taken":0,"max_hp_gain":0,"max_hp_loss":0,"event_name":"Golden Shrine","floor":5,"gold_loss":0,"cards_obtained":["Regret"]},{"damage_healed":27,"gold_gain":0,"player_choice":"Heal","damage_taken":0,"max_hp_gain":0,"max_hp_loss":0,"event_name":"The Library","floor":31,"gold_loss":0}],"is_beta":false,"boss_relics":[{"not_picked":["Busted Crown","Snecko Eye"],"picked":"theMarked:BronzeBlade"},{"not_picked":["Honey Jar","Tiny House"],"picked":"Replay:Ancient Bell"},{"not_picked":["DemoMod:WhiteGuonStone","Replay:Mystery Machine"],"picked":"ReplayTheSpireMod:Lightbulb"},{"not_picked":["DemoMod:MeltedRock","Chameleon Ring"],"picked":"HornCleat"},{"not_picked":["CaptainsWheel","Thread and Needle"],"picked":"DemoMod:AgedBell"}],"items_purged_floors":[4,10,20,29,36],"is_endless":false,"potions_floor_spawned":[1,3,6,16,18,24,33,39],"killed_by":"Giant Head","ascension_level":0}}