{"host":"e52c7hvho6xny3hd","time":1611662865,"event":{"mods":["AchievementEnabler","BaseMod","Colored Map","DeckTracker","Minty Spire (QoL Compilation)","Permanent Neow","StSLib"],"gold_per_floor":[113,128,140,160,178,178,193,193,268,279,289,289,309,327,327,398,448,458,508,508,508],"floor_reached":20,"language":"KOR","playtime":688,"items_purged":[],"score":335,"play_id":"3397cfca-e588-4e38-baef-818934fa93cf","local_time":"20210126210745","is_ascension_mode":true,"campfire_choices":[{"data":"Limit Break","floor":6,"key":"SMITH"},{"data":"Spot Weakness","floor":8,"key":"SMITH"},{"data":"Inflame","floor":12,"key":"SMITH"},{"data":"Inflame","floor":15,"key":"SMITH"}],"circlet_count":0,"master_deck":["AscendersBane","Strike_R","Strike_R","Strike_R","Strike_R","Strike_R","Defend_R","Defend_R","Defend_R","Defend_R+1","Bash","Limit Break+1","Spot Weakness+1","Twin Strike","Thunderclap","Heavy Blade","Inflame+1","Inflame+1","Iron Wave","Feed","Headbutt","Ghostly Armor"],"relics":["Burning Blood","Mummified Hand","Tiny House"],"acts_visited":["Exordium","TheCity"],"potions_floor_usage":[5,5,16,18],"damage_taken":[{"damage":6.0,"enemies":"Cultist","floor":1.0,"turns":4.0},{"damage":6.0,"enemies":"Jaw Worm","floor":2.0,"turns":4.0},{"damage":8.0,"enemies":"2 Louse","floor":3.0,"turns":2.0},{"damage":11.0,"enemies":"Blue Slaver","floor":4.0,"turns":4.0},{"damage":15,"enemies":"Exordium Thugs","floor":5,"turns":5},{"damage":12,"enemies":"Looter","floor":7,"turns":4},{"damage":5,"enemies":"2 Fungi Beasts","floor":10,"turns":4},{"damage":0,"enemies":"Large Slime","floor":11,"turns":4},{"damage":16,"enemies":"Blue Slaver","floor":13,"turns":3},{"damage":8,"enemies":"Red Slaver","floor":14,"turns":3},{"damage":32,"enemies":"Hexaghost","floor":16,"turns":6},{"damage":81,"enemies":"3 Byrds","floor":18,"turns":7},{"damage":0,"enemies":"Shell Parasite","floor":20,"turns":1}],"seed_played":"-7125351737250982389","potions_obtained":[{"floor":1.0,"key":"SkillPotion"},{"floor":3.0,"key":"FearPotion"},{"floor":5,"key":"BloodPotion"},{"floor":7,"key":"FearPotion"},{"floor":16,"key":"BloodPotion"}],"is_trial":false,"path_per_floor":["M","M","M","M","M","R","M","R","T","M","M","R","M","M","R","B",null,"M","?","M"],"character_chosen":"IRONCLAD","items_purchased":[],"campfire_rested":0,"item_purchase_floors":[],"current_hp_per_floor":[68,68,66,61,52,52,46,46,46,47,53,53,43,41,41,30,69,13,13,13,13],"gold":508,"neow_bonus":"ONE_RANDOM_RARE_CARD","is_daily":false,"chose_seed":false,"campfire_upgraded":4,"win_rate":0.0,"timestamp":1611662865,"path_taken":["M","M","M","M","?","R","M","R","T","M","M","R","M","M","R","BOSS","M","?","?"],"items_purchased_type":[],"build_version":"2020-12-22","purchased_purges":0,"victory":false,"max_hp_per_floor":[75,75,75,75,75,75,75,75,75,75,75,75,75,75,75,75,80,83,83,83,83],"card_choices":[{"not_picked":["Body Slam","Entrench"],"picked":"Spot Weakness","floor":1.0},{"not_picked":["Havoc","Shockwave","Bloodletting"],"picked":"SKIP","floor":2.0},{"not_picked":["Thunderclap","Sever Soul"],"picked":"Twin Strike","floor":3.0},{"not_picked":["Wild Strike","Hemokinesis"],"picked":"Thunderclap","floor":4.0},{"not_picked":["Clash","Iron Wave"],"picked":"Heavy Blade","floor":5},{"not_picked":["Whirlwind","Seeing Red","Infernal Blade"],"picked":"SKIP","floor":7},{"not_picked":["Body Slam","Barricade"],"picked":"Inflame","floor":10},{"not_picked":["Thunderclap","Heavy Blade","Perfected Strike"],"picked":"SKIP","floor":11},{"not_picked":["Heavy Blade","Blood for Blood"],"picked":"Inflame","floor":13},{"not_picked":["Seeing Red","Bloodletting"],"picked":"Iron Wave","floor":14},{"not_picked":["Demon Form","Barricade"],"picked":"Feed","floor":16},{"not_picked":["Pommel Strike","Dropkick"],"picked":"Headbutt","floor":17},{"not_picked":["Fire Breathing","Perfected Strike"],"picked":"Ghostly Armor","floor":18}],"player_experience":693298,"relics_obtained":[{"floor":9,"key":"Mummified Hand"}],"event_choices":[{"damage_healed":0,"gold_gain":50,"player_choice":"Pray","damage_taken":0,"max_hp_gain":0,"max_hp_loss":0,"event_name":"Golden Shrine","floor":19,"gold_loss":0}],"is_beta":false,"boss_relics":[{"not_picked":["Black Star","Philosopher\u0027s Stone"],"picked":"Tiny House"}],"items_purged_floors":[],"is_endless":false,"potions_floor_spawned":[1,3,5,7,16],"killed_by":"Shell Parasite","ascension_level":19}}