{"host":"dyudzmz1c60osjjw","time":1611620035,"event":{"mods":["AchievementEnabler","BaseMod","BetterRewards","Colored Map","Conspire","Downfall","Duelist Mod","Friendly Minions","Hermit","Hubris","Infinite Spire","Koishi","Marisa????????","Minty Spire (QoL Compilation)","StSLib","The Administrix","The Animator","The Cursed","The Disciple","The Mystic","The Runesmith","The Servant 0.9.4"],"gold_per_floor":[110,120,20,20,80,101,101],"floor_reached":6,"language":"ENG","playtime":700,"items_purged":[],"score":36,"play_id":"1a00bf13-91eb-4bb5-8730-9cf8b7237de7","local_time":"20210126111355","is_ascension_mode":false,"campfire_choices":[],"circlet_count":0,"master_deck":["animator:Strike_Konosuba","animator:Defend_Konosuba","animator:Strike","animator:Strike","animator:Strike","animator:Defend","animator:Defend","animator:Defend","animator:Kazuma","animator:Aqua","animator:YaoHaDucy","animator:ItamiYouji","conspire:SpireCoStock","conspire:SpireCoStock","animator:DolaStephanie"],"relics":["animator:LivingPicture","animator:TheMissingPiece"],"acts_visited":["Exordium"],"potions_floor_usage":[],"damage_taken":[{"damage":20,"enemies":"Jaw Worm","floor":1,"turns":9},{"damage":0,"enemies":"2 Louse","floor":2,"turns":3},{"damage":4,"enemies":"Cultist","floor":5,"turns":5},{"damage":88,"enemies":"Gremlin Nob","floor":6,"turns":6}],"seed_played":"-1538484219658657306","potions_obtained":[{"floor":1,"key":"SpeedPotion"}],"is_trial":false,"path_per_floor":["M","M","?","?","M","E"],"character_chosen":"THE_ANIMATOR","items_purchased":[],"campfire_rested":0,"item_purchase_floors":[],"current_hp_per_floor":[52,54,54,72,68,0,0],"gold":101,"neow_bonus":"TEN_PERCENT_HP_BONUS","is_daily":false,"chose_seed":false,"campfire_upgraded":0,"win_rate":0.0,"timestamp":1611620035,"path_taken":["M","M","?","?","M","E"],"items_purchased_type":[],"build_version":"2020-12-22","purchased_purges":0,"victory":false,"max_hp_per_floor":[72,72,72,72,72,72,72],"card_choices":[{"not_picked":["animator:DolaCouronne","animator:Aqua"],"picked":"animator:YaoHaDucy","floor":1},{"not_picked":["animator:Guy","animator:Verdia"],"picked":"animator:ItamiYouji","floor":2},{"not_picked":["animator:Guy","animator:Aqua"],"picked":"animator:DolaStephanie","floor":5}],"player_experience":192575,"relics_obtained":[],"event_choices":[{"damage_healed":0,"gold_gain":0,"player_choice":"Invest 2","damage_taken":0,"max_hp_gain":0,"max_hp_loss":0,"event_name":"conspire:Investor","floor":3,"gold_loss":0},{"damage_healed":18,"gold_gain":0,"player_choice":"Full Heal","damage_taken":0,"max_hp_gain":0,"max_hp_loss":0,"event_name":"Wheel of Change","floor":4,"gold_loss":0}],"is_beta":false,"boss_relics":[],"items_purged_floors":[],"is_endless":false,"potions_floor_spawned":[1],"killed_by":"Gremlin Nob","ascension_level":0}}