{"host":"gln8pem4hnwuntpa","time":1611704003,"event":{"mods":["BaseMod","Lobotomy","Minty Spire (QoL Compilation)","Quick Restart","Replay The Spire","StSLib"],"gold_per_floor":[99,111,63,63,73,101,101,101,101,101,111,111,127,155,155,254,254,271,271,283,492,492,522,522,522,522],"floor_reached":25,"language":"ZHS","playtime":1421,"items_purged":[],"score":265,"play_id":"2520bf23-8287-43e6-a596-33265e414464","local_time":"20210127073323","is_ascension_mode":true,"campfire_choices":[{"data":"Warcry","floor":7,"key":"SMITH"},{"data":"Combust","floor":12,"key":"SMITH"},{"data":"Pummel","floor":12,"key":"SMITH"},{"data":"Feed","floor":15,"key":"SMITH"},{"data":"Bash","floor":15,"key":"SMITH"},{"floor":24,"key":"RECALL"}],"circlet_count":0,"master_deck":["Defend_R","Defend_R","Bash+1","Scorched","Warcry+1","Headbutt","Overencumbered","Freischutz","Combust+1","Pummel+1","LaLuna","QueenOfHatred","Feed+1","Hemogenesis","Bite","Bite","Bite","Bite","Bite","Fire Breathing","Infernal Blade","WallGazer"],"relics":["Burning Blood","CogitoBucket","RabbitCall","Ring of Fury","Ring of Searing","Snack Pack","Replay:Arrowhead","AdjustmentMirror","Anchor","Empty Cage","WingedGreaves"],"acts_visited":["Exordium","TheCity"],"potions_floor_usage":[11,16,25,25],"damage_taken":[{"damage":5,"enemies":"Small Slimes","floor":1,"turns":3},{"damage":16,"enemies":"Jaw Worm","floor":2,"turns":4},{"damage":5,"enemies":"Cultist","floor":5,"turns":2},{"damage":23,"enemies":"Lagavulin","floor":6,"turns":3},{"damage":10,"enemies":"2 Fungi Beasts","floor":11,"turns":2},{"damage":6,"enemies":"3 Louse","floor":13,"turns":2},{"damage":14,"enemies":"Gremlin Nob","floor":14,"turns":3},{"damage":43,"enemies":"Hexaghost","floor":16,"turns":5},{"damage":5,"enemies":"Shell Parasite","floor":18,"turns":2},{"damage":15,"enemies":"2 Thieves","floor":20,"turns":2},{"damage":42,"enemies":"Slavers","floor":23,"turns":4},{"damage":23,"enemies":"Book of Stabbing","floor":25,"turns":3}],"seed_played":"-1204728982867443849","potions_obtained":[{"floor":1,"key":"Adrenaline Potion"},{"floor":6,"key":"DistilledChaos"},{"floor":11,"key":"Explosive Potion"},{"floor":14,"key":"Dexterity Potion"},{"floor":16,"key":"Explosive Potion"}],"is_trial":false,"path_per_floor":["M","M","$","?","M","E","R","?","T","?","M","R","M","E","R","B",null,"M","?","M","?","?","E","R","E"],"character_chosen":"IRONCLAD","items_purchased":["Headbutt"],"campfire_rested":0,"item_purchase_floors":[3],"current_hp_per_floor":[80,70,70,70,71,54,54,42,42,42,44,44,48,44,44,11,80,80,56,55,41,41,18,18,0,0],"gold":522,"neow_bonus":"","is_daily":false,"chose_seed":false,"campfire_upgraded":5,"win_rate":0.0,"timestamp":1611704003,"path_taken":["M","M","$","?","M","E","R","?","T","?","M","R","?","E","R","BOSS","M","?","M","?","?","E","R","E"],"items_purchased_type":["Card"],"build_version":"2020-12-22","purchased_purges":0,"victory":false,"max_hp_per_floor":[80,80,80,80,80,80,80,80,80,80,80,80,80,80,80,80,80,80,56,56,56,56,60,60,60,60],"card_choices":[{"not_picked":["Combust","Flex","Dropkick"],"picked":"SKIP","floor":1},{"not_picked":["Variant","UniverseFragment"],"picked":"Scorched","floor":2},{"not_picked":["Whirlwind","Havoc"],"picked":"Warcry","floor":2},{"not_picked":["MeatLantern","OldLady"],"picked":"Freischutz","floor":5},{"not_picked":["Pummel","Carnage"],"picked":"Perfected Strike","floor":5},{"not_picked":["FairyFestival","MHz"],"picked":"Scarecrow","floor":6},{"not_picked":["Second Wind","Sword Boomerang"],"picked":"Combust","floor":6},{"not_picked":["FairyFestival","Alriune"],"picked":"LaLuna","floor":11},{"not_picked":["Exhume","Clothesline","Pommel Strike"],"picked":"SKIP","floor":11},{"not_picked":["Sword Boomerang","Intimidate","Body Slam"],"picked":"SKIP","floor":13},{"not_picked":["DreamingCurrent","Laetitia"],"picked":"QueenOfHatred","floor":14},{"not_picked":["Intimidate","Clothesline"],"picked":"Feed","floor":14},{"not_picked":["Brutality","Juggernaut"],"picked":"Hemogenesis","floor":16},{"not_picked":["Battle Trance","Thunderclap+1","Perfected Strike"],"picked":"SKIP","floor":18},{"not_picked":["Impervious","Anger","Entrench"],"picked":"SKIP","floor":20},{"not_picked":["Clash+1","Perfected Strike+1"],"picked":"Fire Breathing","floor":21},{"not_picked":["WhitesApple","MeatLantern"],"picked":"WallGazer","floor":23},{"not_picked":["Headbutt","Life Link","Dual Wield+1"],"picked":"SKIP","floor":23}],"player_experience":114294,"relics_obtained":[{"floor":4,"key":"Ring of Fury"},{"floor":4,"key":"Ring of Searing"},{"floor":6,"key":"Snack Pack"},{"floor":14,"key":"Anchor"},{"floor":23,"key":"WingedGreaves"}],"event_choices":[{"damage_healed":0,"gold_gain":0,"player_choice":"Success","damage_taken":12,"relics_obtained":["Replay:Arrowhead"],"max_hp_gain":0,"max_hp_loss":0,"event_name":"Scrap Ooze","floor":8,"gold_loss":0},{"damage_healed":0,"gold_gain":0,"cards_transformed":["Perfected Strike"],"player_choice":"Transformed","damage_taken":0,"max_hp_gain":0,"max_hp_loss":0,"event_name":"Transmorgrifier","floor":10,"gold_loss":0,"cards_obtained":["Pummel"]},{"damage_healed":0,"gold_gain":0,"player_choice":"Became a vampire","damage_taken":0,"max_hp_gain":0,"max_hp_loss":24,"event_name":"Vampires","floor":19,"gold_loss":0,"cards_obtained":["Bite","Bite","Bite","Bite","Bite"]},{"damage_healed":0,"gold_gain":0,"cards_transformed":["Scarecrow"],"player_choice":"Transformed","damage_taken":0,"max_hp_gain":0,"max_hp_loss":0,"event_name":"Transmorgrifier","floor":22,"gold_loss":0,"cards_obtained":["Infernal Blade"]}],"is_beta":false,"boss_relics":[{"not_picked":["Coffee Dripper","Busted Crown"],"picked":"Empty Cage"}],"items_purged_floors":[],"is_endless":false,"potions_floor_spawned":[1,6,11,14,16,20],"killed_by":"Book of Stabbing","ascension_level":1}}