{"host":"x6h2w7w5b570y81k","time":1611672610,"event":{"mods":["AchievementEnabler","Act Like it!","BaseMod","Colored Map","Colored Powertips","Friendly Minions","Koishi","Minty Spire (QoL Compilation)","StSLib"],"gold_per_floor":[218,233,252,262,273,273,273,335,335,335,415,415,440,490,490,585,585,567,10,22,40,57,57,90,140,195,39,52,52,65,83,83,186,236,246,296,309,327,60,73,84,134,134,134,234,234,253,263,263,263],"floor_reached":51,"language":"DEU","playtime":5417,"items_purged":[],"score":725,"play_id":"a68b3750-d815-45b9-a12e-07f0bec3d776","local_time":"20210126155010","is_ascension_mode":false,"campfire_choices":[{"data":"Koishi:MassHysteria","floor":6,"key":"SMITH"},{"data":"Koishi:GhostParty","floor":10,"key":"SMITH"},{"data":"Koishi:SubconsciousSweep","floor":12,"key":"SMITH"},{"data":"Koishi:CatchAndRose","floor":15,"key":"SMITH"},{"data":"Koishi:Heartbroken","floor":23,"key":"SMITH"},{"floor":29,"key":"REST"},{"floor":32,"key":"REST"},{"data":"Koishi:PerfectMindControl","floor":44,"key":"SMITH"},{"data":"Koishi:FleetingPhantom","floor":46,"key":"SMITH"},{"floor":49,"key":"REST"}],"circlet_count":0,"master_deck":["Koishi:BasicStrike","Koishi:BasicStrike","Koishi:BasicStrike","Koishi:BasicStrike","Koishi:BasicDefend","Koishi:BasicDefend","Koishi:BasicDefend","Koishi:BasicDefend","Koishi:Provoke","Koishi:HauntingSlash","Koishi:SubconsciousSweep+1","Koishi:CatchAndRose","Koishi:FourthEye","Koishi:MassHysteria+1","Koishi:RacingHeart","Koishi:GhostParty+1","Koishi:CatchAndRose+1","Koishi:Heartbroken+1","Koishi:EmbersOfLove","Master of Strategy+1","Koishi:DNAsFlaw","Koishi:Jaunt","Koishi:SubterraneanRose","Koishi:FleetingPhantom+1","Koishi:GeneticsOfTheUnconscious","Koishi:Untouchable+1","Koishi:DreadfulBlow","Koishi:PerfectMindControl+1","Koishi:HeartfeltFancy","Koishi:FleetingPhantom+1","Koishi:VengefulSpirit","Koishi:PredatoryInstincts","Koishi:ParalyzingFear","Koishi:HeartfeltFancy","Koishi:FidgetySnatcher","Thinking Ahead","Parasite","Koishi:MassHysteria","Koishi:FleetingPhantom","Koishi:HeartfeltFancy+1","Koishi:Untouchable+1"],"relics":["Koishi:ImaginaryFriend","SsserpentHead","Koishi:EchoesOfADeadGirl","Blood Vial","Calipers","Philosopher\u0027s Stone","Oddly Smooth Stone","Sling","Pocketwatch","Nunchaku","Pen Nib","Tiny House","Frozen Egg 2","Du-Vu Doll"],"acts_visited":["Exordium","TheCity","TheBeyond"],"potions_floor_usage":[13,13,18,21,33,33,38,38,45,47],"damage_taken":[{"damage":1,"enemies":"Cultist","floor":1,"turns":4},{"damage":6,"enemies":"Jaw Worm","floor":2,"turns":4},{"damage":2,"enemies":"2 Louse","floor":3,"turns":3},{"damage":12,"enemies":"Large Slime","floor":4,"turns":7},{"damage":14,"enemies":"Looter","floor":5,"turns":4},{"damage":2,"enemies":"Exordium Thugs","floor":8,"turns":4},{"damage":13,"enemies":"Lagavulin","floor":13,"turns":8},{"damage":25,"enemies":"The Guardian","floor":16,"turns":14},{"damage":9,"enemies":"2 Thieves","floor":18,"turns":4},{"damage":3,"enemies":"3 Byrds","floor":20,"turns":2},{"damage":0,"enemies":"Snake Plant","floor":21,"turns":4},{"damage":14,"enemies":"Chosen and Byrds","floor":22,"turns":7},{"damage":27,"enemies":"Gremlin Leader","floor":24,"turns":9},{"damage":16,"enemies":"Centurion and Healer","floor":28,"turns":9},{"damage":16,"enemies":"Snecko","floor":30,"turns":7},{"damage":3,"enemies":"Cultist and Chosen","floor":31,"turns":6},{"damage":0,"enemies":"Champ","floor":33,"turns":13},{"damage":1,"enemies":"3 Darklings","floor":35,"turns":4},{"damage":0,"enemies":"Orb Walker","floor":37,"turns":5},{"damage":45,"enemies":"Maw","floor":38,"turns":12},{"damage":8,"enemies":"Writhing Mass","floor":40,"turns":8},{"damage":4,"enemies":"Sphere and 2 Shapes","floor":41,"turns":6},{"damage":15,"enemies":"Mind Bloom Boss Battle","floor":45,"turns":10},{"damage":9,"enemies":"3 Darklings","floor":47,"turns":4},{"damage":8,"enemies":"Jaw Worm Horde","floor":48,"turns":5},{"damage":37,"enemies":"Time Eater","floor":50,"turns":17}],"seed_played":"8403382908655278162","potions_obtained":[{"floor":2,"key":"AttackPotion"},{"floor":4,"key":"Regen Potion"},{"floor":16,"key":"Fire Potion"},{"floor":20,"key":"Explosive Potion"},{"floor":28,"key":"DistilledChaos"},{"floor":30,"key":"PowerPotion"},{"floor":33,"key":"SteroidPotion"},{"floor":34,"key":"SkillPotion"},{"floor":37,"key":"LiquidMemories"},{"floor":40,"key":"BlessingOfTheForge"},{"floor":45,"key":"AttackPotion"}],"is_trial":false,"path_per_floor":["M","M","M","M","M","R","?","M","T","R","?","R","E","?","R","B",null,"M","$","M","M","M","R","E","?","T","$","M","R","M","M","R","B",null,"M","?","M","M","$","M","M","?","T","R","?","R","M","M","R","B",null],"character_chosen":"KOISHI","items_purchased":["Master of Strategy","Oddly Smooth Stone","Sling","Koishi:DNAsFlaw","Pen Nib","Koishi:ParalyzingFear","Koishi:HeartfeltFancy","Koishi:FidgetySnatcher","Thinking Ahead"],"campfire_rested":3,"item_purchase_floors":[19,19,19,19,27,39,39,39,39],"current_hp_per_floor":[60,55,53,41,28,28,28,27,27,27,27,27,35,28,28,12,60,54,54,53,58,47,47,28,28,28,28,20,38,27,28,46,51,65,64,64,65,29,29,28,35,35,35,35,32,32,26,24,42,7],"gold":263,"neow_bonus":"HUNDRED_GOLD","is_daily":false,"chose_seed":false,"campfire_upgraded":7,"win_rate":0.0,"timestamp":1611672610,"path_taken":["M","?","M","M","M","R","?","?","T","R","?","R","E","?","R","BOSS","M","$","M","M","M","R","E","?","T","$","M","R","M","M","R","BOSS","M","?","M","M","?","M","M","?","T","R","?","R","M","M","R","BOSS"],"items_purchased_type":["Card","Relic","Relic","Card","Relic","Card","Card","Card","Card"],"build_version":"2020-12-22","purchased_purges":0,"victory":true,"max_hp_per_floor":[60,60,60,60,60,60,60,60,60,60,60,60,60,60,60,60,60,60,60,60,60,60,60,60,60,60,60,60,60,60,60,60,60,65,65,65,65,65,65,65,65,62,62,62,62,62,62,62,62,62],"card_choices":[{"not_picked":["Koishi:Prune","Koishi:RorschachInDanmaku"],"picked":"Koishi:SubconsciousSweep","floor":1},{"not_picked":["Koishi:EmbersOfLove","Koishi:HeartfeltFancy"],"picked":"Koishi:CatchAndRose","floor":2},{"not_picked":["Koishi:JumpScare","Koishi:UnconsciousUprising"],"picked":"Koishi:FourthEye","floor":3},{"not_picked":["Koishi:Bloodlust","Koishi:TraumaticStroke"],"picked":"Koishi:MassHysteria","floor":4},{"not_picked":["Koishi:SubconsciousSweep","Koishi:UnansweredLove"],"picked":"Koishi:RacingHeart","floor":5},{"not_picked":["Koishi:EmbryosDream","Koishi:Whimsy"],"picked":"Koishi:GhostParty","floor":8},{"not_picked":["Koishi:FleetingPhantom","Koishi:JumpScare"],"picked":"Koishi:CatchAndRose","floor":13},{"not_picked":["Koishi:ConditionedTeleport","Koishi:FormlessExistence"],"picked":"Koishi:Heartbroken","floor":16},{"not_picked":["Koishi:ParalyzingFear","Koishi:Prune"],"picked":"Koishi:EmbersOfLove","floor":18},{"not_picked":["Koishi:YoukaiPolygraph+1","Koishi:CatchAndRose"],"picked":"Koishi:Jaunt","floor":20},{"not_picked":["Koishi:DanmakuParanoia","Koishi:JumpScare"],"picked":"Koishi:SubterraneanRose","floor":21},{"not_picked":["Koishi:SpiritedAway","Koishi:RacingHeart"],"picked":"Koishi:FleetingPhantom+1","floor":22},{"not_picked":["Koishi:SpiritedAway+1","Koishi:FleetingPhantom"],"picked":"Koishi:GeneticsOfTheUnconscious","floor":24},{"not_picked":["Koishi:EmbryosDream","Koishi:TremblingHands"],"picked":"Koishi:Untouchable","floor":28},{"not_picked":["Koishi:StingingMind+1","Koishi:FourthEye","Koishi:BloodcurdlingScream"],"picked":"SKIP","floor":30},{"not_picked":["Koishi:Catatonia","Koishi:RollingInRichesHeart"],"picked":"Koishi:DreadfulBlow","floor":31},{"not_picked":["Koishi:MentalBreakdown","Koishi:ImGoingToCallYouNow"],"picked":"Koishi:PerfectMindControl","floor":33},{"not_picked":["Koishi:SubterraneanRose","Koishi:PhilosophyOfTheDespised"],"picked":"Koishi:HeartfeltFancy","floor":34},{"not_picked":["Koishi:UnconsciousUprising+1","Koishi:DreadfulBlow"],"picked":"Koishi:FleetingPhantom","floor":35},{"not_picked":["Koishi:FourthEye","Koishi:YoukaiPolygraph+1"],"picked":"Koishi:VengefulSpirit","floor":37},{"not_picked":["Koishi:VengefulSpirit+1","Koishi:DreadfulBlow"],"picked":"Koishi:PredatoryInstincts","floor":38},{"not_picked":["Koishi:StingingMind+1","Koishi:HeartfeltFancy"],"picked":"Koishi:MassHysteria","floor":40},{"not_picked":["Koishi:SuperEgo","Koishi:UnconsciousUprising"],"picked":"Koishi:FleetingPhantom","floor":41},{"not_picked":["Koishi:StingingMind","Koishi:CatchAndRose+1"],"picked":"Koishi:HeartfeltFancy+1","floor":45},{"not_picked":["Koishi:YoukaiPolygraph+1","Koishi:ConditionedTeleport"],"picked":"Koishi:Untouchable+1","floor":47},{"not_picked":["Koishi:BloodcurdlingScream","Koishi:ReflexRadar+1","Koishi:YoukaiPolygraph"],"picked":"SKIP","floor":48}],"player_experience":125067,"relics_obtained":[{"floor":9,"key":"Koishi:EchoesOfADeadGirl"},{"floor":13,"key":"Blood Vial"},{"floor":24,"key":"Pocketwatch"},{"floor":43,"key":"Frozen Egg 2"},{"floor":45,"key":"Du-Vu Doll"}],"event_choices":[{"damage_healed":0,"gold_gain":0,"player_choice":"Trade","damage_taken":0,"relics_obtained":["SsserpentHead"],"max_hp_gain":0,"max_hp_loss":0,"event_name":"FaceTrader","floor":7,"gold_loss":0},{"damage_healed":0,"gold_gain":30,"player_choice":"Searched \u00272\u0027 times","damage_taken":0,"max_hp_gain":0,"max_hp_loss":0,"event_name":"Dead Adventurer","floor":11,"gold_loss":0},{"damage_healed":0,"gold_gain":0,"player_choice":"Success","damage_taken":7,"relics_obtained":["Calipers"],"max_hp_gain":0,"max_hp_loss":0,"event_name":"Scrap Ooze","floor":14,"gold_loss":0},{"damage_healed":0,"gold_gain":0,"player_choice":"Opened","damage_taken":0,"relics_obtained":["Nunchaku"],"max_hp_gain":0,"max_hp_loss":0,"event_name":"The Mausoleum","floor":25,"gold_loss":0},{"damage_healed":0,"gold_gain":0,"player_choice":"Upgraded","damage_taken":0,"max_hp_gain":0,"max_hp_loss":0,"event_name":"Upgrade Shrine","floor":36,"gold_loss":0,"cards_upgraded":["Koishi:Untouchable"]},{"damage_healed":0,"gold_gain":0,"player_choice":"Max HP","damage_taken":0,"max_hp_gain":0,"max_hp_loss":3,"event_name":"Winding Halls","floor":42,"gold_loss":0},{"damage_healed":0,"gold_gain":0,"player_choice":"Fight","damage_taken":0,"max_hp_gain":0,"max_hp_loss":0,"event_name":"MindBloom","floor":45,"gold_loss":0}],"is_beta":false,"boss_relics":[{"not_picked":["Fusion Hammer","Black Star"],"picked":"Philosopher\u0027s Stone"},{"not_picked":["Runic Dome","Koishi:ColorfulDays"],"picked":"Tiny House"}],"items_purged_floors":[],"is_endless":false,"potions_floor_spawned":[2,4,16,20,28,30,33,37,40,45],"ascension_level":0}}