{"host":"tgr1xoidyjfo4u0n","time":1611635282,"event":{"mods":["Act Like it!","Alarm Clock","BaseMod","CapriCore","Colored Powertips","Downfall","GifTheSpireLib","Highlight Path","Minty Spire (QoL Compilation)","StSLib"],"gold_per_floor":[199,86,99,174,194,207,207,207,207,207,234,251,251,278,292,387,387,387,401,401,38,48,107,189,189,249,249,346,346,346,346,405,507,507,507,601,264,315,365,365,439,510,561,628,110,123,123,123,133,133],"floor_reached":51,"language":"ZHS","playtime":4162,"items_purged":["Slimebound:Strike_Slimebound","Slimebound:Strike_Slimebound","Slimebound:CorrosiveSpit","Slimebound:Defend_Slimebound","Slimebound:Defend_Slimebound"],"score":842,"play_id":"0b491548-d7bd-487b-be1f-dfb7d940d572","local_time":"20210126122802","is_ascension_mode":false,"campfire_choices":[{"data":"Slimebound:Split","floor":1.0,"key":"SMITH"},{"data":"Slimebound:RainOfGoop","floor":8.0,"key":"SMITH"},{"data":"Slimebound:FinishingTackle","floor":10.0,"key":"SMITH"},{"data":"Slimebound:LeadByExample","floor":13.0,"key":"SMITH"},{"data":"Slimebound:Darklings","floor":18.0,"key":"SMITH"},{"data":"Slimebound:DisruptingSlam","floor":25.0,"key":"SMITH"},{"data":"Slimebound:LevelUp","floor":27.0,"key":"SMITH"},{"data":"Slimebound:RainOfGoop","floor":30.0,"key":"SMITH"},{"data":"Slimebound:DouseInSlime","floor":35,"key":"SMITH"},{"data":"Slimebound:LeadByExample","floor":40,"key":"SMITH"},{"data":"Slimebound:LevelUp","floor":47,"key":"SMITH"}],"circlet_count":0,"master_deck":["Slimebound:Defend_Slimebound","Slimebound:Defend_Slimebound","Slimebound:Split+1","Slimebound:FinishingTackle+1","Slimebound:SplitMire","Slimebound:HauntingLick","Slimebound:RainOfGoop+1","Slimebound:LeechingTouch","Slimebound:LeadByExample+1","Slimebound:GrowthPunch","Slimebound:RainOfGoop+1","Slimebound:Darklings+1","Slimebound:DisruptingSlam+1","Slimebound:GoopSpray+1","Slimebound:LeechingTouch","Slimebound:Prepare","Slimebound:Equalize+1","Slimebound:Equalize","Slimebound:LevelUp+1","Slimebound:ServeAndProtect+1","Slimebound:SlimeBarrage","Slimebound:CheckThePlaybook","Slimebound:HauntingLick+1","Slimebound:DouseInSlime+1","Slimebound:Dissolve+1","Slimebound:LeadByExample+1","Slimebound:ViciousTackle","Slimebound:Dissolve","Slimebound:HauntingLick+1","Slimebound:SpikyOuterGoop","Slimebound:ProtectTheBoss+1","Slimebound:LevelUp+1","Slimebound:LevelUp+1","Slimebound:Teamwork","Slimebound:FormOfPuddle","Slimebound:SamplingLick+1"],"relics":["Slimebound:AbsorbEndCombat","Question Card","Calipers","Lizard Tail","Philosopher\u0027s Stone","downfall:KnowingSkull","Toy Ornithopter","Matryoshka","Centennial Puzzle","Coffee Dripper","White Beast Statue","Bottled Flame","Pocketwatch","Shuriken","Vajra"],"acts_visited":["Exordium","TheCity","TheBeyond"],"potions_floor_usage":[43,46,49,49,50,50],"damage_taken":[{"damage":6.0,"enemies":"downfall:FleeingMerchant","floor":2.0,"turns":4.0},{"damage":1.0,"enemies":"Jaw Worm","floor":3.0,"turns":4.0},{"damage":3.0,"enemies":"Small Slimes","floor":5.0,"turns":2.0},{"damage":3.0,"enemies":"Cultist","floor":6.0,"turns":2.0},{"damage":23.0,"enemies":"3 Sentries","floor":11.0,"turns":5.0},{"damage":3.0,"enemies":"Red Slaver","floor":12.0,"turns":3.0},{"damage":15.0,"enemies":"Gremlin Nob","floor":14.0,"turns":3.0},{"damage":1.0,"enemies":"2 Fungi Beasts","floor":15.0,"turns":3.0},{"damage":24.0,"enemies":"DF_ARCHETYPE_STREAMLINE","floor":16.0,"turns":8.0},{"damage":47.0,"enemies":"3 Byrds","floor":19.0,"turns":3.0},{"damage":8.0,"enemies":"downfall:FleeingMerchant","floor":21.0,"turns":4.0},{"damage":6.0,"enemies":"Centurion and Healer","floor":22.0,"turns":5.0},{"damage":15.0,"enemies":"Cultist and Chosen","floor":23.0,"turns":5.0},{"damage":16.0,"enemies":"Snecko","floor":26.0,"turns":4.0},{"damage":18.0,"enemies":"downfall:FleeingMerchant","floor":28.0,"turns":4.0},{"damage":21.0,"enemies":"Shelled Parasite and Fungi","floor":32.0,"turns":3.0},{"damage":1.0,"enemies":"WA_ARCHETYPE_CALM","floor":33.0,"turns":4.0},{"damage":28,"enemies":"3 Darklings","floor":36,"turns":5},{"damage":4,"enemies":"3 Shapes","floor":38,"turns":3},{"damage":6,"enemies":"Jaw Worm Horde","floor":39,"turns":3},{"damage":24,"enemies":"Nemesis","floor":42,"turns":3},{"damage":11,"enemies":"3 Darklings","floor":43,"turns":3},{"damage":6,"enemies":"Giant Head","floor":44,"turns":6},{"damage":16,"enemies":"Writhing Mass","floor":46,"turns":3},{"damage":15,"enemies":"Jaw Worm Horde","floor":49,"turns":3},{"damage":41,"enemies":"SI_POISON_ARCHETYPE","floor":50,"turns":6}],"seed_played":"-6638154267839383413","potions_obtained":[{"floor":11.0,"key":"PowerPotion"},{"floor":12.0,"key":"SteroidPotion"},{"floor":16.0,"key":"BlessingOfTheForge"},{"floor":23.0,"key":"Strength Potion"},{"floor":32.0,"key":"AttackPotion"},{"floor":33.0,"key":"Weak Potion"},{"floor":43,"key":"LiquidMemories"},{"floor":44,"key":"Fire Potion"},{"floor":46,"key":"AttackPotion"},{"floor":49,"key":"LiquidMemories"}],"is_trial":false,"path_per_floor":["R","$","M","?","M","M","T","R","?","R","E","M","R","E","M","B",null,"R","M","?","$","M","M","T","R","M","R","$","?","R","?","M","B",null,"R","M","$","M","M","R","T","E","M","E","$","M","R","?","M","B",null],"character_chosen":"SLIMEBOUND","items_purchased":["Slimebound:SplitMire","Toy Ornithopter","Slimebound:LeechingTouch","Slimebound:Prepare","Centennial Puzzle","Slimebound:LeadByExample","Slimebound:ViciousTackle","Slimebound:Dissolve","Slimebound:LevelUp","Slimebound:Teamwork","Vajra"],"campfire_rested":0,"item_purchase_floors":[2,21,21,21,28,37,37,37,45,45,45],"current_hp_per_floor":[65,64,65,65,64,64,64,64,64,64,49,52,52,45,50,34,65,65,22,16,16,28,31,31,31,43,43,50,50,50,42,37,44,65,65,50,50,60,65,65,65,45,47,61,61,54,54,54,57,32],"gold":133,"neow_bonus":"HUNDRED_GOLD","is_daily":false,"chose_seed":false,"campfire_upgraded":11,"win_rate":0.0,"timestamp":1611635282,"path_taken":["R","$","M","?","M","M","T","R","?","R","E","M","R","E","M","BOSS","BOSS","R","M","?","$","?","M","T","R","M","R","$","?","R","?","M","BOSS","BOSS","R","M","$","M","M","R","T","E","?","E","$","M","R","?","M","BOSS"],"items_purchased_type":["Card","Relic","Card","Card","Relic","Card","Card","Card","Card","Card","Relic"],"build_version":"2020-12-22","purchased_purges":5,"victory":true,"max_hp_per_floor":[65,65,65,65,65,65,65,65,65,65,65,65,65,65,65,65,65,65,65,65,65,65,65,65,65,65,65,65,65,65,65,65,65,65,65,65,65,65,65,65,65,65,65,65,65,65,65,65,65,65],"card_choices":[{"not_picked":["Slimebound:SlimeSpikes","Slimebound:LivingWall"],"picked":"Slimebound:FinishingTackle","floor":2.0},{"not_picked":["Slimebound:Replication","Slimebound:BestDefense"],"picked":"Slimebound:HauntingLick","floor":3.0},{"not_picked":["Slimebound:LeechLife","Slimebound:DivideAndConquer"],"picked":"Slimebound:RollThrough","floor":5.0},{"not_picked":["Slimebound:LeechingTouch","Slimebound:SamplingLick"],"picked":"Slimebound:RainOfGoop","floor":6.0},{"not_picked":["Slimebound:SamplingLick","Slimebound:LivingWall","Slimebound:Gluttony"],"picked":"Slimebound:LeechingTouch","floor":11.0},{"not_picked":["Slimebound:SplitAcid","Slimebound:SlimeSpikes","Slimebound:RollThrough"],"picked":"Slimebound:LeadByExample","floor":12.0},{"not_picked":["Slimebound:SplitBruiser","Slimebound:FinishingTackle","Slimebound:RejuvenatingLick"],"picked":"Slimebound:GrowthPunch","floor":14.0},{"not_picked":["Slimebound:GoopTackle","Slimebound:Equalize","Slimebound:MegaLick"],"picked":"Slimebound:RainOfGoop","floor":15.0},{"not_picked":["Slimebound:MinionMaster","Slimebound:OneTwoCombo","Slimebound:WasteNot"],"picked":"Slimebound:Darklings","floor":16.0},{"not_picked":["Slimebound:Schlurp","Slimebound:SplitBruiser","Slimebound:SplitLeeching"],"picked":"Slimebound:DisruptingSlam","floor":19.0},{"not_picked":["Slimebound:SplitLeeching+1","Slimebound:LivingWall+1","Slimebound:PrepareCrush"],"picked":"Slimebound:GoopSpray+1","floor":21.0},{"not_picked":["Slimebound:SplitBruiser","Slimebound:SlimeSpikes","Slimebound:Prepare"],"picked":"Slimebound:Equalize+1","floor":22.0},{"not_picked":["Slimebound:SplitLeeching+1","Slimebound:Gluttony","Slimebound:SplitMire"],"picked":"Slimebound:Equalize","floor":23.0},{"not_picked":["Slimebound:GoopSpray","Slimebound:ServeAndProtect","Slimebound:MegaLick"],"picked":"Slimebound:LevelUp","floor":26.0},{"not_picked":["Slimebound:DivideAndConquer","Slimebound:RollThrough","Slimebound:HungryTackle"],"picked":"Slimebound:ServeAndProtect+1","floor":28.0},{"not_picked":["Slimebound:SamplingLick","Slimebound:ComboTackle","Slimebound:RollThrough"],"picked":"Slimebound:HauntingLick+1","floor":32.0},{"not_picked":["Slimebound:Recycling","Slimebound:MinionMaster","Slimebound:DuplicatedForm"],"picked":"Slimebound:DouseInSlime","floor":33.0},{"not_picked":["Slimebound:SplitMire+1","Slimebound:LeechingTouch+1","Slimebound:ComboTackle"],"picked":"Slimebound:Dissolve+1","floor":36},{"not_picked":["Slimebound:Nibble","Slimebound:SplitBruiser","Slimebound:HauntingLick","Slimebound:SlimeSpikes+1"],"picked":"SKIP","floor":38},{"not_picked":["Slimebound:Prepare+1","Slimebound:RainOfGoop","Slimebound:SlimeSpikes+1"],"picked":"Slimebound:HauntingLick+1","floor":39},{"not_picked":["Slimebound:DivideAndConquer","Slimebound:ComboTackle+1","Slimebound:SplitMire"],"picked":"Slimebound:SpikyOuterGoop","floor":42},{"not_picked":["Slimebound:DivideAndConquer+1","Slimebound:SlimeSpikes+1","Slimebound:SplitMire+1"],"picked":"Slimebound:ProtectTheBoss+1","floor":43},{"not_picked":["Slimebound:ViciousTackle+1","Slimebound:FinishingTackle","Slimebound:MassRepurpose"],"picked":"Slimebound:LevelUp+1","floor":44},{"not_picked":["Slimebound:ItLooksTasty","Slimebound:SplitMire+1","Slimebound:HauntingLick"],"picked":"Slimebound:FormOfPuddle","floor":46},{"not_picked":["Slimebound:PressTheAttack","Slimebound:HungryTackle","Slimebound:SplitMire"],"picked":"Slimebound:SamplingLick+1","floor":49}],"player_experience":490112,"relics_obtained":[{"floor":7.0,"key":"Question Card"},{"floor":11.0,"key":"Calipers"},{"floor":14.0,"key":"Lizard Tail"},{"floor":24.0,"key":"Matryoshka"},{"floor":41,"key":"White Beast Statue"},{"floor":41,"key":"Bottled Flame"},{"floor":42,"key":"Pocketwatch"},{"floor":44,"key":"Shuriken"}],"event_choices":[{"cards_removed":["Slimebound:Strike_Slimebound"],"damage_healed":0.0,"max_hp_gain":0.0,"max_hp_loss":0.0,"gold_gain":0.0,"event_name":"The Cleric","player_choice":"Card Removal","floor":9.0,"gold_loss":0.0,"damage_taken":0.0}],"is_beta":false,"boss_relics":[{"not_picked":["Tiny House","Busted Crown"],"picked":"Philosopher\u0027s Stone"},{"not_picked":["Calling Bell","Velvet Choker"],"picked":"Coffee Dripper"}],"items_purged_floors":[2,21,28,37,45],"is_endless":false,"potions_floor_spawned":[11,12,16,23,32,33,38,39,42,43,44,46,49],"ascension_level":0}}