{"host":"ubyp1yuphwcqvn8x","time":1611644304,"event":{"mods":["BaseMod","Colored Map","Minty Spire (QoL Compilation)","Permanent Neow","Replay The Spire","StSLib","SuperFastMode","The Construct"],"gold_per_floor":[117,134,134,59,59,59,94,94,94,94,94,108,139,152,152,281,281,299,299,319,343,23,23,47,73,128,128,148,73,73,73],"floor_reached":30,"language":"ENG","playtime":1211,"items_purged":["Strike_R"],"score":250,"play_id":"0c9529d5-a60d-4890-8401-a2def4409780","local_time":"20210126015824","is_ascension_mode":true,"campfire_choices":[{"data":"Eruption","floor":6.0,"key":"SMITH"},{"data":"Dropkick","floor":10.0,"key":"SMITH"},{"floor":15.0,"key":"RECALL"},{"data":"Offering","floor":23.0,"key":"SMITH"},{"data":"Evolve","floor":27.0,"key":"SMITH"}],"circlet_count":0,"master_deck":["Strike_R","Strike_R","Defend_R","ReplayTheSpireMod:Muscle Training","Dropkick+1","Eruption+1","Flex","Offering+1","Evolve+1","FollowUp+1","Spot Weakness"],"relics":["Replay:M_SmolderingBlood","Replay:Wax Seal","Golden Idol","Quantum Egg","Empty Cage","MutagenicStrength","Meat on the Bone","Oddly Smooth Stone","ReplayTheSpireMod:Lightbulb"],"acts_visited":["Exordium","TheCity"],"potions_floor_usage":[],"damage_taken":[{"damage":3.0,"enemies":"2 Louse","floor":1.0,"turns":3.0},{"damage":7.0,"enemies":"Jaw Worm","floor":2.0,"turns":3.0},{"damage":20.0,"enemies":"Replay:BlueRogue","floor":7.0,"turns":3.0},{"damage":0.0,"enemies":"Small Slimes","floor":12.0,"turns":2.0},{"damage":19.0,"enemies":"3 Sentries","floor":13.0,"turns":5.0},{"damage":1.0,"enemies":"Exordium Wildlife","floor":14.0,"turns":2.0},{"damage":40.0,"enemies":"Hexaghost","floor":16.0,"turns":6.0},{"damage":12.0,"enemies":"Chosen","floor":18.0,"turns":3.0},{"damage":18.0,"enemies":"Shell Parasite","floor":20.0,"turns":2.0},{"damage":24.0,"enemies":"Centurion and Healer","floor":21.0,"turns":5.0},{"damage":16.0,"enemies":"Shelled Parasite and Fungi","floor":24.0,"turns":2.0},{"damage":7.0,"enemies":"Snecko","floor":28.0,"turns":2.0},{"damage":26,"enemies":"Centurion and Healer","floor":30,"turns":2}],"seed_played":"6523999958794875808","potions_obtained":[{"floor":1.0,"key":"Weak Potion"},{"floor":7.0,"key":"Strength Potion"},{"floor":12.0,"key":"Adrenaline Potion"},{"floor":14.0,"key":"BloodPotion"},{"floor":20.0,"key":"SkillPotion"},{"floor":21.0,"key":"Dexterity Potion"}],"is_trial":false,"path_per_floor":["M","M","?","$","?","R","E","?","T","R","?","M","E","M","R","B",null,"M","?","M","M","$","R","M","T","T","R","M","?","M"],"character_chosen":"IRONCLAD","items_purchased":["Spot Weakness","Meat on the Bone"],"campfire_rested":0,"item_purchase_floors":[22,22],"current_hp_per_floor":[80,79,79,79,79,79,59,59,59,59,52,52,33,32,32,6,74,62,62,44,20,20,20,16,16,16,16,21,21,0,0],"gold":73,"neow_bonus":"THREE_CARDS","is_daily":false,"chose_seed":false,"campfire_upgraded":4,"win_rate":0.0,"timestamp":1611644304,"path_taken":["M","M","?","$","?","R","E","?","T","R","?","M","E","M","R","BOSS","M","?","M","M","$","R","M","?","T","R","M","?","M"],"items_purchased_type":["Card","Relic"],"build_version":"2020-12-22","purchased_purges":1,"victory":false,"max_hp_per_floor":[80,80,80,80,80,80,80,74,74,74,74,74,74,74,74,74,74,74,74,74,74,74,74,74,74,74,74,74,74,74,74],"card_choices":[{"not_picked":["Warcry","Clash"],"picked":"ReplayTheSpireMod:Muscle Training","floor":0.0},{"not_picked":["Searing Blow","Havoc","Warcry"],"picked":"SKIP","floor":1.0},{"not_picked":["Clash","Shockwave"],"picked":"Dropkick","floor":2.0},{"not_picked":["Blood for Blood","CrushJoints","Life Link"],"picked":"SKIP","floor":7.0},{"not_picked":["Shrug It Off","Metallicize","Perfected Strike"],"picked":"SKIP","floor":12.0},{"not_picked":["CrushJoints","Wild Strike","Dark Embrace"],"picked":"SKIP","floor":13.0},{"not_picked":["Armaments","Cleave"],"picked":"Flex","floor":14.0},{"not_picked":["Fiend Fire","Juggernaut"],"picked":"Offering","floor":16.0},{"not_picked":["Rupture","Reckless Charge"],"picked":"Evolve","floor":18.0},{"not_picked":["Battle Trance","ReplayTheSpireMod:Strike From Hell","Flex"],"picked":"SKIP","floor":20.0},{"not_picked":["ReplayTheSpireMod:LeadingStrike","True Grit"],"picked":"FollowUp+1","floor":21.0},{"not_picked":["Havoc","Armaments+1","Iron Wave"],"picked":"SKIP","floor":24.0},{"not_picked":["Warcry+1","Wild Strike","Power Through"],"picked":"SKIP","floor":28.0}],"player_experience":1083823,"relics_obtained":[{"floor":7.0,"key":"Replay:Wax Seal"},{"floor":13.0,"key":"Quantum Egg"},{"floor":25.0,"key":"Oddly Smooth Stone"},{"floor":26.0,"key":"ReplayTheSpireMod:Lightbulb"}],"event_choices":[{"cards_removed":["Defend_R"],"damage_healed":0.0,"max_hp_gain":0.0,"max_hp_loss":0.0,"gold_gain":0.0,"event_name":"Living Wall","player_choice":"Forget","floor":3.0,"gold_loss":0.0,"damage_taken":0.0},{"damage_healed":0.0,"max_hp_gain":0.0,"max_hp_loss":6.0,"gold_gain":0.0,"event_name":"Golden Idol","player_choice":"Lose Max HP","floor":8.0,"gold_loss":0.0,"damage_taken":0.0,"relics_obtained":["Golden Idol"]},{"cards_removed":["Defend_R"],"damage_healed":0.0,"max_hp_gain":0.0,"max_hp_loss":0.0,"gold_gain":0.0,"event_name":"Golden Wing","player_choice":"Card Removal","floor":11.0,"gold_loss":0.0,"damage_taken":7.0},{"damage_healed":0.0,"max_hp_gain":0.0,"max_hp_loss":0.0,"gold_gain":0.0,"event_name":"Drug Dealer","player_choice":"Inject Mutagens","floor":19.0,"gold_loss":0.0,"damage_taken":0.0,"relics_obtained":["MutagenicStrength"]},{"cards_removed":["Defend_R"],"damage_healed":0.0,"max_hp_gain":0.0,"max_hp_loss":0.0,"gold_gain":0.0,"event_name":"Beggar","player_choice":"Gave Gold","floor":29.0,"gold_loss":75.0,"damage_taken":0.0}],"is_beta":false,"boss_relics":[{"not_picked":["SacredBark","Calling Bell"],"picked":"Empty Cage"}],"items_purged_floors":[4],"is_endless":false,"potions_floor_spawned":[1,7,12,14,20,21],"killed_by":"Centurion and Healer","ascension_level":1}}