{"host":"5nrsd95zehlinljn","time":1611675760,"event":{"mods":["2.2 Compatiblity","BaseMod","Beaked The Cultist","Better Note","Friendly Minions","GifTheSpireLib","GungeonMod","Minty Spire (QoL Compilation)","StS++","StSLib","everything is the same but u backflip on backflip","thorton"],"gold_per_floor":[137,26,26,0,19,63,83,83,129,94,123,158,189,189,189,209,209,209],"floor_reached":16,"language":"ENG","playtime":1259,"items_purged":["Normality"],"score":102,"play_id":"dade3bd5-5c62-457f-9a18-49a51e1ad3b8","local_time":"20210126154240","is_ascension_mode":false,"campfire_choices":[{"floor":8,"key":"REST"},{"floor":15,"key":"REST"}],"circlet_count":0,"master_deck":["thethorton:Strike","thethorton:Strike","thethorton:Strike","thethorton:Strike+1","thethorton:Defend","thethorton:Defend","thethorton:Defend","thethorton:Defend","thethorton:Heckle","thethorton:CreditCard","thethorton:SellShort","thethorton:PocketChange+1","thethorton:SnowDay","thethorton:PocketChange+1","thethorton:Investment","thethorton:SnowDay","thethorton:BoardroomBlast","thethorton:CreditCard","thethorton:PocketChange","thethorton:MomentaryBreak","thethorton:GoldBuffer","thethorton:FeelNoBrain","thethorton:SnowDay"],"relics":["thethorton:CouragePotion","InkBottle","Strawberry","Regal Pillow"],"acts_visited":["Exordium"],"potions_floor_usage":[7,16],"damage_taken":[{"damage":3.0,"enemies":"Small Slimes","floor":1.0,"turns":5.0},{"damage":13.0,"enemies":"Jaw Worm","floor":5.0,"turns":5.0},{"damage":32,"enemies":"Lagavulin","floor":6,"turns":10},{"damage":2,"enemies":"Cultist","floor":7,"turns":4},{"damage":3,"enemies":"Looter","floor":11,"turns":5},{"damage":11,"enemies":"Red Slaver","floor":12,"turns":6},{"damage":6,"enemies":"Blue Slaver","floor":13,"turns":6},{"damage":75,"enemies":"Hexaghost","floor":16,"turns":21}],"seed_played":"-1773841924675399135","potions_obtained":[{"floor":6,"key":"DemoMod:BlankPotion"},{"floor":7,"key":"DemoMod:LeadSkinPotion"},{"floor":12,"key":"Explosive Potion"}],"is_trial":false,"path_per_floor":["M","$","?","?","M","E","M","R","T","?","M","M","M","?","R","B"],"character_chosen":"THE_THORT","items_purchased":["thethorton:SnowDay"],"campfire_rested":2,"item_purchase_floors":[2],"current_hp_per_floor":[65,65,51,51,38,6,4,24,31,49,46,38,35,35,72,0,0,0],"gold":209,"neow_bonus":"ONE_RANDOM_RARE_CARD","is_daily":false,"chose_seed":false,"campfire_upgraded":0,"win_rate":0.0,"timestamp":1611675760,"path_taken":["M","$","?","?","M","E","M","R","T","?","?","M","?","?","R","BOSS"],"items_purchased_type":["Card"],"build_version":"2020-12-22","purchased_purges":1,"victory":false,"max_hp_per_floor":[68,68,68,68,68,68,68,68,75,75,75,75,75,75,75,75,75,75],"card_choices":[{"not_picked":["thethorton:CoinShield","thethorton:RunningKick"],"picked":"thethorton:PocketChange","floor":1.0},{"not_picked":["thethorton:FeelNoBrain","thethorton:DockPay"],"picked":"thethorton:Investment","floor":5.0},{"not_picked":["thethorton:YoureFired","thethorton:WhirlingBriefcase"],"picked":"thethorton:BoardroomBlast","floor":6},{"not_picked":["thethorton:DualBap","thethorton:RunningFeint"],"picked":"thethorton:PocketChange","floor":7},{"not_picked":["thethorton:GemGun","thethorton:CallIn"],"picked":"thethorton:MomentaryBreak","floor":11},{"not_picked":["thethorton:StumblingSlap","thethorton:Hindsight"],"picked":"thethorton:GoldBuffer","floor":12},{"not_picked":["thethorton:DesperateRun","thethorton:GoldBuffer"],"picked":"thethorton:FeelNoBrain","floor":13}],"player_experience":2724270,"relics_obtained":[{"floor":6,"key":"InkBottle"},{"floor":9,"key":"Strawberry"}],"event_choices":[{"damage_healed":0.0,"max_hp_gain":0.0,"max_hp_loss":0.0,"gold_gain":0.0,"event_name":"Shining Light","player_choice":"Entered Light","floor":3.0,"gold_loss":0.0,"damage_taken":14.0,"cards_upgraded":["thethorton:PocketChange","thethorton:Strike"]},{"damage_healed":0.0,"max_hp_gain":0.0,"max_hp_loss":0.0,"gold_gain":0.0,"event_name":"World of Goop","player_choice":"Left Gold","floor":4.0,"gold_loss":26.0,"damage_taken":0.0},{"damage_healed":18,"gold_gain":0,"player_choice":"Healed","damage_taken":0,"max_hp_gain":0,"max_hp_loss":0,"event_name":"The Cleric","floor":10,"gold_loss":35},{"damage_healed":0,"gold_gain":0,"player_choice":"Ignored","damage_taken":0,"max_hp_gain":0,"max_hp_loss":0,"event_name":"betterNote:BetterNote","floor":14,"gold_loss":0,"cards_obtained":["thethorton:LongTermPayoff"]}],"is_beta":false,"boss_relics":[],"items_purged_floors":[2],"is_endless":false,"potions_floor_spawned":[6,7,12],"killed_by":"Hexaghost","ascension_level":0}}