{"host":"rmiv1m9nodhp63vh","time":1611657555,"event":{"mods":["Ascension Reborn","BaseMod","Challenge The Spire","Downfall","Marisa£®ÏF”Í°°ƒß¿Ì…≥£©","Minty Spire (QoL Compilation)","Replay The Spire","StSLib","The Construct","The Senshi"],"gold_per_floor":[113,123,123,223,243,243,281,456,456,468,124,124,159,159,159,189,189],"floor_reached":16,"language":"ZHS","playtime":1249,"items_purged":["Replay:Hysterical Blindness"],"score":192,"play_id":"f698b55e-6b43-425d-ab47-e066398d4aee","local_time":"20210126183915","is_ascension_mode":true,"campfire_choices":[{"data":"DC","floor":6,"key":"SMITH"},{"data":"Robbery","floor":12,"key":"SMITH"},{"data":"MagicChant","floor":15,"key":"SMITH"}],"circlet_count":0,"master_deck":["Strike_MRS","Strike_MRS","Strike_MRS","Strike_MRS","Defend_MRS","Defend_MRS+1","Defend_MRS","Defend_MRS","MasterSpark+1","UpSweep","DC+1","Acceleration","downfall:Haunted","downfall:Haunted","CollectingQuirk","Sickly","Decay","Robbery+1","GalacticHalo","Doubt","ShootTheMoon","AbsoluteMagnitude","AbsoluteMagnitude","MagicChant+1"],"relics":["MiniHakkero","Du-Vu Doll","construct:FoamFinger","Sling","Gambling Chip"],"acts_visited":["Exordium"],"potions_floor_usage":[16],"damage_taken":[{"damage":4,"enemies":"Small Slimes","floor":1,"turns":3},{"damage":0,"enemies":"2 Louse","floor":2,"turns":1},{"damage":2,"enemies":"Cultist","floor":5,"turns":3},{"damage":13,"enemies":"Red Slaver","floor":7,"turns":4},{"damage":9,"enemies":"Blue Slaver","floor":10,"turns":2},{"damage":9,"enemies":"Lots of Slimes","floor":13,"turns":8},{"damage":35,"enemies":"The Guardian","floor":16,"turns":7}],"seed_played":"-7168393349267690098","potions_obtained":[{"floor":1,"key":"Flashbang"},{"floor":13,"key":"Explosive Potion"}],"is_trial":false,"path_per_floor":["M","M","?","?","M","R","M","?","T","M","$","R","M","T","R","B"],"character_chosen":"MARISA","items_purchased":["AbsoluteMagnitude","Sling"],"campfire_rested":0,"item_purchase_floors":[11,11],"current_hp_per_floor":[78,78,62,67,65,65,52,52,52,43,43,43,34,34,34,0,0],"gold":189,"neow_bonus":"TEN_PERCENT_HP_BONUS","is_daily":false,"chose_seed":false,"campfire_upgraded":3,"win_rate":0.0,"timestamp":1611657555,"path_taken":["M","M","?","?","M","R","M","?","T","M","$","R","M","?","R","BOSS"],"items_purchased_type":["Card","Relic"],"build_version":"2020-12-22","purchased_purges":1,"victory":false,"max_hp_per_floor":[82,82,82,87,87,87,87,87,87,87,87,87,87,87,87,87,87],"card_choices":[{"not_picked":["OpenUniverse","MilkyWay"],"picked":"DC","floor":1},{"not_picked":["UnstableBomb","WitchLeyline"],"picked":"Acceleration","floor":2},{"not_picked":["NonDirectionalLaser","TreasureHunter"],"picked":"Robbery","floor":5},{"not_picked":["Singularity","NonDirectionalLaser"],"picked":"GalacticHalo","floor":7},{"not_picked":["NonDirectionalLaser","GrandCross"],"picked":"ShootTheMoon","floor":10},{"not_picked":["RefractionSpark","ShootingEcho"],"picked":"MagicChant","floor":13}],"player_experience":361451,"relics_obtained":[{"floor":9,"key":"construct:FoamFinger"},{"floor":14,"key":"Gambling Chip"}],"event_choices":[{"damage_healed":0,"gold_gain":0,"player_choice":"Entered Light","damage_taken":16,"max_hp_gain":0,"max_hp_loss":0,"event_name":"Shining Light","floor":3,"gold_loss":0,"cards_upgraded":["MasterSpark","Defend_MRS"]},{"damage_healed":0,"gold_gain":175,"player_choice":"AGREE","damage_taken":0,"max_hp_gain":0,"max_hp_loss":0,"event_name":"Liars Game","floor":8,"gold_loss":0,"cards_obtained":["Doubt"]}],"is_beta":false,"boss_relics":[],"items_purged_floors":[11],"is_endless":false,"potions_floor_spawned":[1,13],"killed_by":"The Guardian","ascension_level":0}}