{"host":"Rich","time":1611633992,"event":{"mods":["AchievementEnabler","BaseMod","Highlight Path","Minty Spire (QoL Compilation)","Relic Stats"],"gold_per_floor":[114,130,130,3,3,3,3],"floor_reached":6,"language":"ENG","playtime":210,"items_purged":["Regret"],"score":68,"play_id":"f1145ed5-b2ff-4a83-a45e-ea7b97e501d2","local_time":"20210125230632","is_ascension_mode":true,"campfire_choices":[],"circlet_count":0,"master_deck":["AscendersBane","Strike_G","Strike_G","Strike_G","Strike_G","Strike_G","Defend_G","Defend_G","Defend_G","Defend_G","Defend_G","Survivor","Neutralize","Sucker Punch","Leg Sweep","Cloak And Dagger"],"relics":["Ring of the Snake","Thread and Needle","Akabeko","PreservedInsect"],"acts_visited":["Exordium"],"potions_floor_usage":[6],"damage_taken":[{"damage":0,"enemies":"Jaw Worm","floor":1,"turns":7},{"damage":0,"enemies":"Small Slimes","floor":2,"turns":3},{"damage":34,"enemies":"Lagavulin","floor":6,"turns":10}],"seed_played":"-665422888808504618","potions_obtained":[{"floor":1,"key":"GamblersBrew"}],"is_trial":false,"path_per_floor":["M","M","?","$","?","E"],"character_chosen":"THE_SILENT","items_purchased":["Cloak And Dagger"],"campfire_rested":0,"item_purchase_floors":[4],"current_hp_per_floor":[59,59,59,59,48,14,14],"gold":3,"neow_bonus":"ONE_RARE_RELIC","is_daily":false,"chose_seed":false,"campfire_upgraded":0,"win_rate":0.0,"timestamp":1611633992,"path_taken":["M","M","?","$","?","E"],"items_purchased_type":["Card"],"build_version":"2020-12-18","purchased_purges":1,"victory":false,"max_hp_per_floor":[60,60,60,60,60,60,60],"relic_stats":{"counters":[3,20],"PreservedInsect":29,"obtain_stats":[{"Thread and Needle":0,"PreservedInsect":5,"Akabeko":3,"Ring of the Snake":0},{"Thread and Needle":0,"PreservedInsect":2,"Akabeko":2,"Ring of the Snake":0},{"Thread and Needle":0,"PreservedInsect":10,"Akabeko":10,"Ring of the Snake":0}],"Ring of the Snake":[6]},"card_choices":[{"not_picked":["Heel Hook","Outmaneuver"],"picked":"Sucker Punch","floor":1},{"not_picked":["Dagger Throw","Footwork"],"picked":"Leg Sweep","floor":2}],"player_experience":2018259,"relics_obtained":[],"event_choices":[{"damage_healed":0,"gold_gain":0,"player_choice":"Box","damage_taken":0,"relics_obtained":["Akabeko"],"max_hp_gain":0,"max_hp_loss":0,"event_name":"Big Fish","floor":3,"gold_loss":0,"cards_obtained":["Regret"]},{"damage_healed":0,"gold_gain":0,"player_choice":"Success","damage_taken":11,"relics_obtained":["PreservedInsect"],"max_hp_gain":0,"max_hp_loss":0,"event_name":"Scrap Ooze","floor":5,"gold_loss":0}],"is_beta":true,"boss_relics":[],"items_purged_floors":[4],"is_endless":false,"potions_floor_spawned":[1],"killed_by":"Lagavulin","ascension_level":20}}