{"host":"9xbpusgrz0p5n7ce","time":1611631002,"event":{"mods":["Act Like it!","BaseMod","Downfall","Gensokyo","Hermit","Marisa£®ÏF”Í°°ƒß¿Ì…≥£©","Minty Spire (QoL Compilation)","Reimu£®≤©¿ˆ¡È√Œ£©","Remilia£®¿Ÿ√◊¿Ú—«£©","StSLib","The Cursed","The Servant 0.9.4","Youmu£®ªÍ∆«—˝√Œ£©"],"gold_per_floor":[119,119,119,132,132,132,163,163,163,177,177,192,192,209,209,308,308,326,60,76,74,89,89,89,123,123,136,386,386,386,486,486,589,589,607,567,567,581,581,581,240,240,266,266,266,277,187,187,187,187],"floor_reached":51,"language":"ZHS","playtime":6378,"items_purged":["Strike_Lin:ReiMu"],"score":811,"play_id":"69fb31e1-0762-4246-aebd-ad3656472059","local_time":"20210126111642","is_ascension_mode":false,"campfire_choices":[{"data":"Gensokyo:CrescentMoonSlash","floor":6.0,"key":"SMITH"},{"data":"Intuition:ReiMu","floor":8.0,"key":"SMITH"},{"data":"FantasyMoon:ReiMu","floor":15.0,"key":"SMITH"},{"data":"KyokaiOfKami:ReiMu","floor":23.0,"key":"SMITH"},{"floor":29.0,"key":"REST"},{"data":"Panache","floor":32.0,"key":"SMITH"},{"data":"MikOfLucky:ReiMu","floor":40.0,"key":"SMITH"},{"data":"NineCharacters:ReiMu","floor":42.0,"key":"SMITH"},{"data":"YinYangSange:ReiMu","floor":44.0,"key":"SMITH"},{"floor":49,"key":"REST"}],"circlet_count":0,"master_deck":["Strike_Lin:ReiMu","NB:ReiMu","Stagnation:ReiMu","Gensokyo:CrescentMoonSlash+1","FantasyMoon:ReiMu+1","PrepareRite:ReiMu","Intuition:ReiMu+1","FantasyMoon:ReiMu+1","YinYangSange:ReiMu+1","KyokaiOfKami:ReiMu+1","NineCharacters:ReiMu+1","Panache+1","MikOfLucky:ReiMu+1","SpringWay:ReiMu","DoubleButterfly:ReiMu+1","Clumsy","RainPray2:ReiMu","Gensokyo:FourOfAKind","Gensokyo:FourOfAKind","Gensokyo:FourOfAKind","Gensokyo:FourOfAKind","CurseOfTheBell","CurseOfTheBell","SubcavityFantasy:ReiMu+1","downfall:Icky","TightArray:ReiMu+1","OctopathBindingBorder2:ReiMu+1","Meditation:ReiMu+1","Gensokyo:HouraiInAPot+1","SpringWay:ReiMu+1","Dreaming:ReiMu","Chrysalis+1","YinYang:ReiMu","RainPray2:ReiMu+1","MountainWay:ReiMu+1","PassingAway:ReiMu+1","LovePray:ReiMu+1","Doubt","NineCharacters:ReiMu+1","Gensokyo:CustomPotion"],"relics":["FlyPower:ReiMu","NeowsBlessing","Mango","AntiCross","Cursed Key","Gensokyo:ChorusOfJoy","Smiling Mask","PureWhite:ReiMu","downfall:ExtraCursedBell","Toxic Egg 2","Potion Belt","Unceasing Top","Astrolabe","Orrery","hexamod:BolsterEngine","Gensokyo:DualWield"],"acts_visited":["Exordium","Gensokyo:Gensokyo","Gensokyo:Gensokyoer"],"potions_floor_usage":[],"damage_taken":[{"damage":0.0,"enemies":"Gensokyo:3_Fairies","floor":1.0,"turns":2.0},{"damage":0.0,"enemies":"Gensokyo:Gryphon","floor":4.0,"turns":1.0},{"damage":0.0,"enemies":"Gensokyo:Aya","floor":7.0,"turns":1.0},{"damage":0.0,"enemies":"Gensokyo:Python","floor":10.0,"turns":2.0},{"damage":5.0,"enemies":"Gensokyo:Gryphon_and_Rabbit","floor":12.0,"turns":3.0},{"damage":0.0,"enemies":"Gensokyo:2_Rabbits","floor":14.0,"turns":2.0},{"damage":24.0,"enemies":"Gensokyo:Reimu","floor":16.0,"turns":7.0},{"damage":0.0,"enemies":"Gensokyo:Chomper","floor":18.0,"turns":3.0},{"damage":2.0,"enemies":"Gensokyo:2_Gloops","floor":20.0,"turns":3.0},{"damage":5.0,"enemies":"Gensokyo:Slime_Group","floor":21.0,"turns":3.0},{"damage":7.0,"enemies":"Gensokyo:Wraith","floor":22.0,"turns":3.0},{"damage":17.0,"enemies":"Gensokyo:Koishi","floor":25.0,"turns":5.0},{"damage":12.0,"enemies":"Gensokyo:Swordslinger","floor":27.0,"turns":4.0},{"damage":51.0,"enemies":"Gensokyo:Eiki","floor":33.0,"turns":7.0},{"damage":0.0,"enemies":"Gensokyo:3_Boulders","floor":35.0,"turns":4.0},{"damage":63.0,"enemies":"Gensokyo:3_Boulders","floor":36.0,"turns":7.0},{"damage":12.0,"enemies":"Gensokyo:AncientGuardian","floor":38.0,"turns":5.0},{"damage":0.0,"enemies":"Gensokyo:Sharpion","floor":46.0,"turns":3.0},{"damage":4,"enemies":"Gensokyo:Yuyuko","floor":50,"turns":5}],"seed_played":"-4160713022680410786","potions_obtained":[{"floor":4.0,"key":"Explosive Potion"},{"floor":14.0,"key":"FairyPotion"},{"floor":21.0,"key":"Fire Potion"},{"floor":27.0,"key":"Fruit Juice"},{"floor":35.0,"key":"BottledKami:ReiMu"},{"floor":38.0,"key":"SkillPotion"}],"is_trial":false,"path_per_floor":["M","?","?","M","?","R","E","R","T","M","?","M","?","M","R","B",null,"M","$","M","M","M","R","?","E","T","M","?","R","?","?","R","B",null,"M","?","?","M","?","R","$","R","T","R","?","M","?","?","R","B",null],"character_chosen":"REIMU","items_purchased":["Panache","Chrysalis+1","Orrery"],"campfire_rested":2,"item_purchase_floors":[19,41,41],"current_hp_per_floor":[65,56,56,56,50,50,64,64,64,64,79,74,44,44,44,20,79,79,79,77,72,65,65,65,48,48,41,41,64,56,61,61,10,61,61,61,52,40,40,40,40,40,40,40,40,40,40,40,58,58],"gold":187,"neow_bonus":"THREE_ENEMY_KILL","is_daily":false,"chose_seed":false,"campfire_upgraded":8,"win_rate":0.0,"timestamp":1611631002,"path_taken":["M","?","?","?","?","R","E","R","T","M","?","M","?","M","R","BOSS","M","$","M","M","M","R","?","E","T","M","?","R","?","?","R","BOSS","M","?","?","M","?","R","$","R","T","R","?","M","?","?","R","BOSS"],"items_purchased_type":["Card","Card","Relic"],"build_version":"2020-12-22","purchased_purges":1,"victory":true,"max_hp_per_floor":[65,65,65,65,65,65,79,79,79,79,79,79,79,79,79,79,79,79,79,79,79,79,79,79,79,79,84,79,79,56,61,61,61,61,61,61,61,61,61,61,61,61,61,61,61,61,61,61,61,61],"card_choices":[{"not_picked":["SubAcupoint:ReiMu","Intuition:ReiMu"],"picked":"SubcavityInstant:ReiMu","floor":1.0},{"not_picked":["TightArray:ReiMu","Dreaming:ReiMu"],"picked":"PrepareRite:ReiMu","floor":4.0},{"not_picked":["SpreadBorder2:ReiMu","AirStrike:ReiMu"],"picked":"Intuition:ReiMu","floor":7.0},{"not_picked":["OrbThrow:ReiMu","KamiSacrifice:ReiMu"],"picked":"FantasyMoon:ReiMu","floor":10.0},{"not_picked":["EmergencyTakeOff:ReiMu","SafetyPray:ReiMu","TightArray:ReiMu"],"picked":"SKIP","floor":12.0},{"not_picked":["CollectionFlower2:ReiMu","Conquer:ReiMu"],"picked":"YinYangSange:ReiMu","floor":14.0},{"not_picked":["Shading:ReiMu","KamiRite:ReiMu"],"picked":"KyokaiOfKami:ReiMu","floor":16.0},{"not_picked":["CareerPray:ReiMu","SpiritualOutbreak2:ReiMu+1"],"picked":"NineCharacters:ReiMu","floor":18.0},{"not_picked":["SafetyPray:ReiMu","Amulet:ReiMu","Dreaming2:ReiMu+1"],"picked":"SKIP","floor":20.0},{"not_picked":["Dreaming2:ReiMu","BarrageOfMoneybags:ReiMu+1"],"picked":"MikOfLucky:ReiMu","floor":21.0},{"not_picked":["AlertArray:ReiMu","SubcavityInstant:ReiMu"],"picked":"SpringWay:ReiMu","floor":22.0},{"not_picked":["OrbThrow:ReiMu","PayForSelf:ReiMu"],"picked":"DoubleButterfly:ReiMu+1","floor":25.0},{"not_picked":["Intuition:ReiMu","SafetyPray:ReiMu"],"picked":"RainPray2:ReiMu","floor":27.0},{"not_picked":["CeremonyResonance:ReiMu+1","HakureiPhantom:ReiMu+1"],"picked":"SubcavityFantasy:ReiMu+1","floor":33.0},{"not_picked":["YinYangSign:ReiMu","SubcavityInstant:ReiMu+1"],"picked":"Meditation:ReiMu+1","floor":35.0},{"not_picked":["Gensokyo:DreamlikeParadise","Gensokyo:RainbowDanmaku"],"picked":"Gensokyo:HouraiInAPot","floor":36.0},{"not_picked":["EmergencyTakeOff:ReiMu+1","RainPray2:ReiMu+1"],"picked":"SpringWay:ReiMu+1","floor":38.0},{"not_picked":["SubcavityInstant:ReiMu+1","AlertArray:ReiMu+1"],"picked":"YinYang:ReiMu","floor":41.0},{"not_picked":["TightArray:ReiMu+1","Enchanting:ReiMu+1"],"picked":"RainPray2:ReiMu+1","floor":41.0},{"not_picked":["TightArray:ReiMu+1","Conquer:ReiMu+1"],"picked":"MountainWay:ReiMu+1","floor":41.0},{"not_picked":["AirStrike:ReiMu+1","Shading:ReiMu+1"],"picked":"PassingAway:ReiMu+1","floor":41.0},{"not_picked":["SpiritualOutbreak2:ReiMu","SpringWay:ReiMu+1"],"picked":"LovePray:ReiMu+1","floor":41.0},{"not_picked":["UpKicking:ReiMu","EmergencyTakeOff:ReiMu+1"],"picked":"NineCharacters:ReiMu+1","floor":46.0}],"player_experience":123232,"relics_obtained":[{"floor":7.0,"key":"Mango"},{"floor":9.0,"key":"AntiCross"},{"floor":25.0,"key":"Smiling Mask"},{"floor":26.0,"key":"PureWhite:ReiMu"},{"floor":31.0,"key":"Toxic Egg 2"},{"floor":31.0,"key":"Potion Belt"},{"floor":31.0,"key":"Unceasing Top"},{"floor":43.0,"key":"hexamod:BolsterEngine"}],"event_choices":[],"is_beta":false,"boss_relics":[{"not_picked":["Runic Pyramid","Philosopher\u0027s Stone"],"picked":"Cursed Key"},{"not_picked":["Busted Crown","RedLine:ReiMu"],"picked":"Astrolabe"}],"items_purged_floors":[19],"is_endless":false,"potions_floor_spawned":[4,14,21,22,27,35,38],"ascension_level":0}}