{"host":"vpcwwncyo54nsck6","time":1611698743,"event":{"mods":["BaseMod","Downfall","Minty Spire (QoL Compilation)","StSLib"],"gold_per_floor":[99,113,129,229,229,329,329,364,164,164,164,191,209,222,236,337,337,337,348,359,370,385,385,385,419,419,104,104,17,51,81,95,199,199,199,211,300,313,358,370,370,270,304,304,354,382,382,400,411,411,411,436,16,16,16,16],"floor_reached":57,"language":"ENG","playtime":11111,"items_purged":["champ:Defend","champ:Defend","champ:Defend"],"score":1405,"play_id":"aae0ceae-3fd1-47e1-bc99-a9ced5bce344","local_time":"20210126140543","is_ascension_mode":false,"campfire_choices":[{"floor":1.0,"key":"RECALL"},{"data":"champ:ShieldSlam","floor":9.0,"key":"SMITH"},{"data":"champ:Endure","floor":11.0,"key":"SMITH"},{"data":"champ:GladiatorForm","floor":18.0,"key":"SMITH"},{"data":"champ:LastStand","floor":35,"key":"SMITH"},{"data":"champ:Taunt","floor":42,"key":"SMITH"},{"data":"champ:FancyFootwork","floor":47,"key":"SMITH"},{"data":"champ:Backstep","floor":54,"key":"SMITH"}],"circlet_count":0,"master_deck":["champ:Strike","champ:Strike","champ:Strike","champ:Strike","champ:Defend","champ:Execute","champ:Taunt+1","champ:Endure+1","champ:ShieldSlam+1","champ:CheapShot","champ:SwordSigil+1","champ:GladiatorForm+1","champ:AdrenalArmor+1","champ:LastStand+1","champ:AdrenalArmor","champ:FancyFootwork+1","champ:Backstep+1","champ:EnragedBash+1","Injury","champ:CheapShot","champ:CalledShot","champ:AdrenalArmor+1","champ:ShieldSlam+1","champ:AdrenalArmor+1","champ:EnchantShield","champ:VampiricStrike","champ:FocusedBerserking","champ:FocusedBerserking+1","champ:CalledShot","expansioncontent:YouAreMine","champ:FancyFootwork+1","champ:SwordSigil","champ:GutPunch","Sadistic Nature"],"relics":["champ:ChampionCrown","CloakClasp","Matryoshka","Meat on the Bone","downfall:HeartBlessingRed","downfall:HeartBlessingGreen","Lizard Tail","expansioncontent:StudyCardRelic","Juzu Bracelet","WingedGreaves","Ginger","Membership Card","Potion Belt","Toolbox","Dream Catcher","bronze:BronzeIdol","Coffee Dripper","Oddly Smooth Stone","HandDrill","Guardian:GemstoneGun","HornCleat","downfall:HeartBlessingBlue","War Paint","Shovel","CaptainsWheel","Letter Opener","Ornamental Fan","champ:FightingForDummies","Chemical X"],"acts_visited":["Exordium","TheCity","TheBeyond","TheEnding"],"potions_floor_usage":[31,33,52,56,56,56],"damage_taken":[{"damage":20.0,"enemies":"Cultist","floor":2.0,"turns":5.0},{"damage":15.0,"enemies":"Jaw Worm","floor":3.0,"turns":4.0},{"damage":117.0,"enemies":"Jaw Worm","floor":6.0,"turns":14.0},{"damage":84.0,"enemies":"3 Sentries","floor":8.0,"turns":14.0},{"damage":16.0,"enemies":"Gremlin Nob","floor":12.0,"turns":5.0},{"damage":10.0,"enemies":"2 Louse","floor":13.0,"turns":3.0},{"damage":45.0,"enemies":"Large Slime","floor":14.0,"turns":6.0},{"damage":5.0,"enemies":"Blue Slaver","floor":15.0,"turns":4.0},{"damage":133.0,"enemies":"WA_ARCHETYPE_RETAIN","floor":16.0,"turns":16.0},{"damage":30.0,"enemies":"Chosen","floor":19.0,"turns":8.0},{"damage":57.0,"enemies":"Snake Plant","floor":20.0,"turns":7.0},{"damage":41.0,"enemies":"Sentry and Sphere","floor":21.0,"turns":6.0},{"damage":46.0,"enemies":"Shelled Parasite and Fungi","floor":22.0,"turns":4.0},{"damage":98.0,"enemies":"Gremlin Leader","floor":25.0,"turns":8.0},{"damage":66.0,"enemies":"downfall:FleeingMerchant","floor":27.0,"turns":5.0},{"damage":60,"enemies":"downfall:FleeingMerchant","floor":29,"turns":6},{"damage":50,"enemies":"Book of Stabbing","floor":30,"turns":7},{"damage":84,"enemies":"Slavers","floor":31,"turns":10},{"damage":50,"enemies":"Snecko","floor":32,"turns":6},{"damage":152,"enemies":"SI_MIRROR_ARCHETYPE","floor":33,"turns":14},{"damage":40,"enemies":"Orb Walker","floor":36,"turns":4},{"damage":15,"enemies":"downfall:FleeingMerchant","floor":37,"turns":4},{"damage":63,"enemies":"3 Shapes","floor":38,"turns":4},{"damage":58,"enemies":"2 Orb Walkers","floor":39,"turns":3},{"damage":85,"enemies":"Spire Growth","floor":40,"turns":4},{"damage":90,"enemies":"Reptomancer","floor":43,"turns":4},{"damage":45,"enemies":"Reptomancer","floor":45,"turns":3},{"damage":75,"enemies":"Nemesis","floor":46,"turns":5},{"damage":60,"enemies":"Writhing Mass","floor":48,"turns":3},{"damage":50,"enemies":"4 Shapes","floor":49,"turns":2},{"damage":101,"enemies":"DF_ARCHETYPE_ORBS","floor":50,"turns":5},{"damage":241,"enemies":"downfall:CharBossMerchant","floor":52,"turns":10},{"damage":175,"enemies":"downfall:NeowBoss","floor":55,"turns":12},{"damage":140,"enemies":"downfall:NeowBossFinal","floor":56,"turns":7}],"seed_played":"6604840812435487245","potions_obtained":[{"floor":2.0,"key":"Swift Potion"},{"floor":6.0,"key":"CultistPotion"},{"floor":8.0,"key":"Slimebound:ThreeZeroPotion"},{"floor":14.0,"key":"ColorlessPotion"},{"floor":22.0,"key":"BlessingOfTheForge"},{"floor":25.0,"key":"ColorlessPotion"},{"floor":28,"key":"downfall:CursedFountainPotion"},{"floor":31,"key":"bronze:BurnAndBuffPotion"},{"floor":32,"key":"Swift Potion"},{"floor":36,"key":"AttackPotion"}],"is_trial":false,"path_per_floor":["R","M","M","?","?","?","T","E","R","?","R","E","M","M","M","B",null,"R","M","M","M","M","?","T","E","?","$","?","$","E","E","M","B",null,"R","M","$","M","?","M","T","R","E","?","?","E","R","M","M","B",null,"E","$","R","B","B",null],"character_chosen":"THE_CHAMP","items_purchased":["Membership Card","Potion Belt","champ:CalledShot","Toolbox","champ:FocusedBerserking","Oddly Smooth Stone","HandDrill","champ:OpenerPotion","Ornamental Fan","champ:FightingForDummies","Chemical X","Sadistic Nature"],"campfire_rested":0,"item_purchase_floors":[27,27,27,29,37,37,37,37,53,53,53,53],"current_hp_per_floor":[99,99,99,99,99,52,52,18,18,18,18,24,36,48,60,13,99,99,99,99,93,99,79,79,68,68,74,74,74,104,92,104,102,104,104,104,104,104,93,104,104,114,114,104,114,114,114,114,114,108,114,69,69,69,81,68],"gold":16,"neow_bonus":"TEN_PERCENT_HP_BONUS","is_daily":false,"chose_seed":false,"campfire_upgraded":7,"win_rate":0.0,"timestamp":1611698743,"path_taken":["R","M","M","?","?","?","T","E","R","?","R","E","M","M","M","BOSS","R","M","M","M","M","?","T","E","?","$","?","?","E","E","M","BOSS","R","M","$","M","?","M","T","R","E","?","?","E","R","M","M","BOSS","E","$","R","BOSS","BOSS"],"items_purchased_type":["Relic","Relic","Card","Relic","Card","Relic","Relic","Potion","Relic","Relic","Relic","Card"],"build_version":"2020-12-22","purchased_purges":3,"victory":true,"max_hp_per_floor":[99,99,99,99,99,99,99,99,99,99,99,99,99,99,99,99,99,99,99,99,99,99,104,104,104,104,104,104,104,104,104,104,104,104,104,104,104,104,104,104,104,114,114,114,114,114,114,114,114,114,114,114,114,114,114,114],"card_choices":[{"not_picked":["champ:DefensiveShout","champ:Shatter"],"picked":"champ:Endure","floor":2.0},{"not_picked":["champ:DefensiveShout","champ:Lariat"],"picked":"champ:ShieldSlam","floor":3.0},{"not_picked":["champ:PreciseThrust","champ:Lariat"],"picked":"champ:CheapShot","floor":6.0},{"not_picked":["champ:Shatter","champ:ShieldWall"],"picked":"champ:SwordSigil","floor":8.0},{"not_picked":["champ:Shatter","champ:SetATrap"],"picked":"champ:GladiatorForm","floor":12.0},{"not_picked":["champ:BerserkersShout","champ:Encircle","champ:Parry"],"picked":"SKIP","floor":13.0},{"not_picked":["champ:DefensiveStyle","champ:Shatter","champ:DefensiveShout"],"picked":"SKIP","floor":14.0},{"not_picked":["champ:FanOfKnives","champ:CrownThrow"],"picked":"champ:AdrenalArmor","floor":15.0},{"not_picked":["champ:DancingMaster","champ:StrikeOfGenius"],"picked":"champ:LastStand","floor":16.0},{"not_picked":["champ:StanceDance","champ:Parry"],"picked":"champ:AdrenalArmor","floor":19.0},{"not_picked":["champ:RisingSlash","champ:PreemptiveStrike"],"picked":"champ:FancyFootwork+1","floor":20.0},{"not_picked":["champ:DefensiveStyle","champ:Shatter"],"picked":"champ:Backstep","floor":21.0},{"not_picked":["champ:EnGarde+1","champ:CrownThrow","champ:Circumvent"],"picked":"SKIP","floor":22.0},{"not_picked":["champ:ShieldWall","champ:GladiatorStyle"],"picked":"champ:EnragedBash","floor":25.0},{"not_picked":["champ:FancyFootwork","champ:BerserkerStyle"],"picked":"champ:CheapShot","floor":27.0},{"not_picked":["champ:BerserkersShout","champ:TornadoPunch"],"picked":"champ:AdrenalArmor","floor":29},{"not_picked":["champ:DefensiveStyle","champ:ShieldSigil"],"picked":"champ:ShieldSlam+1","floor":30},{"not_picked":["champ:BringItOn+1","champ:DeathBlow"],"picked":"champ:AdrenalArmor+1","floor":31},{"not_picked":["champ:Haymaker","champ:DefensiveShout+1"],"picked":"champ:EnchantShield","floor":32},{"not_picked":["champ:TripleStrike","champ:DancingMaster"],"picked":"champ:VampiricStrike","floor":33},{"not_picked":["champ:Endure","champ:AdrenalArmor+1","champ:Shatter"],"picked":"SKIP","floor":36},{"not_picked":["champ:Shatter","champ:IronFortress","champ:Backstep+1"],"picked":"SKIP","floor":37},{"not_picked":["champ:FalseCounter","champ:BringItOn","champ:Endure"],"picked":"SKIP","floor":38},{"not_picked":["champ:HeartStrike","champ:PerfectedStrike+1"],"picked":"champ:FocusedBerserking+1","floor":40},{"not_picked":["champ:EnGarde+1","champ:IronFortress+1"],"picked":"champ:CalledShot","floor":43},{"not_picked":["expansioncontent:AwakenDeath","expansioncontent:PolyBeam"],"picked":"expansioncontent:YouAreMine","floor":44},{"not_picked":["champ:ShieldSigil","champ:Endure+1"],"picked":"champ:FancyFootwork","floor":46},{"not_picked":["champ:DefensiveShout+1","champ:FaceSlap"],"picked":"champ:SwordSigil","floor":48},{"not_picked":["champ:IronFortress+1","champ:Haymaker+1","champ:BringItOn"],"picked":"SKIP","floor":49},{"not_picked":["champ:FanOfKnives","champ:FancyFootwork"],"picked":"champ:GutPunch","floor":52}],"player_experience":2466953,"relics_obtained":[{"floor":6.0,"key":"CloakClasp"},{"floor":7.0,"key":"Matryoshka"},{"floor":8.0,"key":"Meat on the Bone"},{"floor":12.0,"key":"Lizard Tail"},{"floor":24.0,"key":"Juzu Bracelet"},{"floor":24.0,"key":"WingedGreaves"},{"floor":25.0,"key":"Ginger"},{"floor":30,"key":"Dream Catcher"},{"floor":31,"key":"bronze:BronzeIdol"},{"floor":39,"key":"Guardian:GemstoneGun"},{"floor":41,"key":"HornCleat"},{"floor":43,"key":"War Paint"},{"floor":45,"key":"Shovel"},{"floor":46,"key":"CaptainsWheel"},{"floor":52,"key":"Letter Opener"}],"event_choices":[{"damage_healed":0.0,"max_hp_gain":0.0,"max_hp_loss":0.0,"gold_gain":0.0,"event_name":"Scrap Ooze","player_choice":"Fled","floor":10.0,"gold_loss":0.0,"damage_taken":0.0},{"damage_healed":0,"gold_gain":0,"player_choice":"Fight","damage_taken":0,"max_hp_gain":0,"max_hp_loss":0,"event_name":"Mysterious Sphere","floor":39,"gold_loss":0}],"is_beta":false,"boss_relics":[{"not_picked":["Empty Cage","bronze:MakeshiftBattery"],"picked":"expansioncontent:StudyCardRelic"},{"not_picked":["Snecko Eye","champ:PowerArmor"],"picked":"Coffee Dripper"}],"items_purged_floors":[27,37,53],"is_endless":false,"potions_floor_spawned":[2,6,8,14,22,25,31,32,36,43,45,46,49],"ascension_level":0}}