{"host":"2i0myh7fqij2ti1z","time":1611640455,"event":{"mods":["Aspiration","BaseMod","Better Third Choice","Colored Powertips","Conspire","Evolution","FoggyMod","GifTheSpireLib","Highlight Path","Hubris","Minty Spire (QoL Compilation)","Permanent Neow","Quick Restart","Random Character Button","Random Character Mod","Replay The Spire","Shop Mod","Spicy Shops","StSLib","Stuff the Spire","Wandering Minibosses","óô»ðÖ¸ÄÏ"],"gold_per_floor":[116,116,165,165,215,215,225,250,250,150,150,150,178,178,178,280,280,296,327,327,252,282,282,182,211,211,211,225,225],"floor_reached":28,"language":"ENG","playtime":1449,"items_purged":["Strike_R","StuffTheSpire:RockThrow+1"],"score":358,"play_id":"895b59e8-0b86-411e-afe7-b807c822c412","local_time":"20210126135415","is_ascension_mode":true,"campfire_choices":[{"data":"StuffTheSpire:Slingshot","floor":6,"key":"SMITH"},{"data":"StuffTheSpire:RockThrow","floor":12,"key":"SMITH"},{"data":"Thunderclap","floor":15,"key":"SMITH"},{"data":"Berserk","floor":23,"key":"SMITH"},{"data":"FollowUp","floor":27,"key":"SMITH"}],"circlet_count":0,"master_deck":["Strike_R","Defend_R","Defend_R","Bash","StuffTheSpire:Slingshot+1","Headbutt","Thunderclap+1","Ghostly+1","FollowUp+1","Berserk+1","ReplayTheSpireMod:Stacked+1"],"relics":["Burning Blood","EVO:Axolotl","aspiration:Nostalgia","Replay:M_SmolderingBlood","Darkstone Periapt","Ring of Peace","ReplayTheSpireMod:Ring of Exchange","Black Star","hubris:Backtick","Ginger","Blue Doll","StuffTheSpire:Expresso","Juzu Bracelet","Vajra","Matryoshka","GremlinMask","Snecko Eye","Red Mask","hubris:Towel","StuffTheSpire:Experiment12","Regal Pillow","Replay:Bandana","Mummified Hand","Question Card"],"acts_visited":["Exordium","TheCity"],"potions_floor_usage":[13],"damage_taken":[{"damage":12,"enemies":"Jaw Worm","floor":1,"turns":3},{"damage":12,"enemies":"2 Louse","floor":7,"turns":3},{"damage":9,"enemies":"Gremlin Nob","floor":8,"turns":4},{"damage":20,"enemies":"3 Sentries","floor":13,"turns":6},{"damage":28,"enemies":"Hexaghost","floor":16,"turns":7},{"damage":6,"enemies":"3 Byrds","floor":18,"turns":4},{"damage":35,"enemies":"Masked Bandits","floor":19,"turns":5},{"damage":24,"enemies":"conspire:MimicChest","floor":22,"turns":5},{"damage":0,"enemies":"Gremlin Leader","floor":25,"turns":5},{"damage":8,"enemies":"Book of Stabbing","floor":28,"turns":5}],"seed_played":"4357118324653214678","potions_obtained":[{"floor":3,"key":"FairyPotion"},{"floor":7,"key":"Milkshake"},{"floor":8,"key":"PowerPotion"},{"floor":22,"key":"Ancient Potion"}],"is_trial":false,"path_per_floor":["M","?","?","?","T","R","M","E","T","?","?","R","E","?","R","B",null,"M","?","?","$","?","R","$","E","T","R","E"],"character_chosen":"IRONCLAD","items_purchased":[],"campfire_rested":0,"item_purchase_floors":[],"current_hp_per_floor":[74,74,54,60,60,60,54,51,51,51,51,51,37,37,37,15,68,68,39,39,39,21,21,21,27,27,27,19,19],"gold":225,"neow_bonus":"NOSTALGIA","is_daily":false,"chose_seed":false,"campfire_upgraded":5,"win_rate":0.0,"timestamp":1611640455,"path_taken":["M","?","?","?","?","R","?","E","T","?","?","R","E","?","R","BOSS","M","?","?","$","?","R","?","E","T","R","E"],"items_purchased_type":[],"build_version":"2020-12-22","purchased_purges":2,"victory":false,"max_hp_per_floor":[80,80,80,86,86,86,86,86,86,86,86,86,86,86,86,86,86,86,86,86,86,86,86,86,86,86,86,86,86],"card_choices":[{"not_picked":["ReplayTheSpireMod:Strike From Hell","Hemokinesis"],"picked":"StuffTheSpire:Slingshot","floor":1},{"not_picked":["Warcry","StuffTheSpire:RockThrow"],"picked":"Headbutt","floor":3},{"not_picked":["Warcry","Eclipse","Whirlwind"],"picked":"SKIP","floor":7},{"not_picked":["Warcry","Eclipse","Whirlwind"],"picked":"SKIP","floor":7},{"not_picked":["Cleave","ReplayTheSpireMod:LeadingStrike"],"picked":"Thunderclap","floor":8},{"not_picked":["Anger","Heavy Blade"],"picked":"FollowUp","floor":13},{"not_picked":["hubris:StunningStrike","Barricade"],"picked":"Berserk","floor":16},{"not_picked":["Wild Strike","Twin Strike","StuffTheSpire:Incineration"],"picked":"SKIP","floor":18},{"not_picked":["Flex","Iron Wave"],"picked":"ReplayTheSpireMod:Stacked+1","floor":25}],"player_experience":267273,"relics_obtained":[{"floor":3,"key":"Darkstone Periapt"},{"floor":4,"key":"Ring of Peace"},{"floor":4,"key":"ReplayTheSpireMod:Ring of Exchange"},{"floor":8,"key":"Blue Doll"},{"floor":8,"key":"StuffTheSpire:Expresso"},{"floor":9,"key":"Juzu Bracelet"},{"floor":13,"key":"Vajra"},{"floor":13,"key":"Matryoshka"},{"floor":19,"key":"Red Mask"},{"floor":22,"key":"StuffTheSpire:Experiment12"},{"floor":25,"key":"Regal Pillow"},{"floor":25,"key":"Replay:Bandana"},{"floor":26,"key":"Mummified Hand"},{"floor":26,"key":"Question Card"}],"event_choices":[{"damage_healed":74,"gold_gain":0,"player_choice":"Embrace Burn","damage_taken":0,"max_hp_gain":0,"max_hp_loss":80,"event_name":"betterThird:BetterShining","floor":2,"gold_loss":0},{"damage_healed":0,"gold_gain":0,"player_choice":"Argue","damage_taken":0,"max_hp_gain":0,"max_hp_loss":0,"event_name":"conspire:LoneGhost","floor":10,"gold_loss":0},{"damage_healed":0,"gold_gain":0,"player_choice":"Upgraded","damage_taken":0,"max_hp_gain":0,"max_hp_loss":0,"event_name":"Upgrade Shrine","floor":11,"gold_loss":0,"cards_upgraded":["Ghostly"]},{"damage_healed":0,"gold_gain":0,"player_choice":"Trade","damage_taken":0,"relics_obtained":["GremlinMask"],"max_hp_gain":0,"max_hp_loss":0,"event_name":"FaceTrader","floor":14,"gold_loss":0},{"damage_healed":0,"gold_gain":0,"player_choice":"Fought Bandits","damage_taken":0,"max_hp_gain":0,"max_hp_loss":0,"event_name":"Masked Bandits","floor":19,"gold_loss":0}],"is_beta":false,"boss_relics":[{"not_picked":["hubris:TerracottaHorce","Fusion Hammer"],"picked":"Snecko Eye"}],"items_purged_floors":[21,24],"is_endless":false,"potions_floor_spawned":[7,8,22,25],"killed_by":"Book of Stabbing","ascension_level":5}}