{"host":"h4qgcirtxz6qax9j","time":1611683732,"event":{"mods":["2.2 Compatiblity","AchievementEnabler","BaseMod","Colored Powertips","Custom Start","Hermit","Marisa£¨Ùöéë¡¡Øª×âÞÞ£©","Minty Spire (QoL Compilation)","Replay The Spire","StSLib","SuperFastMode","The Servant 0.9.4"],"gold_per_floor":[119,194,209,72,83,83,93,112,193,206,206,206],"floor_reached":11,"language":"KOR","playtime":287,"items_purged":[],"score":70,"play_id":"fec24702-9c3f-4889-974f-bb665eb3636f","local_time":"20210127025532","is_ascension_mode":true,"campfire_choices":[{"floor":6,"key":"REST"}],"circlet_count":0,"master_deck":["Strike_MRS","Strike_MRS","Strike_MRS","Strike_MRS","Defend_MRS","Defend_MRS","Defend_MRS","Defend_MRS","MasterSpark","UpSweep","Strike_MRS","hermit:Defend_Hermit","BinaryStars","EnergyFlow","UltimateShortwave","GalacticHalo","PulseMagic","GrandCross"],"relics":["MiniHakkero","Sundial"],"acts_visited":["Exordium"],"potions_floor_usage":[],"damage_taken":[{"damage":1,"enemies":"Cultist","floor":1,"turns":3},{"damage":0,"enemies":"2 Louse","floor":3,"turns":2},{"damage":6,"enemies":"Jaw Worm","floor":5,"turns":2},{"damage":4,"enemies":"Lots of Slimes","floor":7,"turns":6},{"damage":29,"enemies":"Gremlin Gang","floor":8,"turns":6},{"damage":25,"enemies":"3 Louse","floor":10,"turns":6},{"damage":18,"enemies":"Lagavulin","floor":11,"turns":5}],"seed_played":"4977185726716486362","potions_obtained":[{"floor":1,"key":"AttackPotion"},{"floor":5,"key":"PowerPotion"},{"floor":8,"key":"BlessingOfTheForge"}],"is_trial":false,"path_per_floor":["M","?","M","$","M","R","M","M","T","M","E"],"character_chosen":"MARISA","items_purchased":["UltimateShortwave"],"campfire_rested":1,"item_purchase_floors":[4],"current_hp_per_floor":[74,63,63,63,57,75,71,42,42,17,0,0],"gold":206,"neow_bonus":"THREE_RARE_CARDS","is_daily":false,"chose_seed":false,"campfire_upgraded":0,"win_rate":0.0,"timestamp":1611683732,"path_taken":["M","?","M","$","M","R","M","M","T","M","E"],"items_purchased_type":["Card"],"build_version":"2020-12-22","purchased_purges":0,"victory":false,"max_hp_per_floor":[75,75,75,75,75,75,75,75,75,75,75,75],"card_choices":[{"not_picked":["CasketOfStar","BlazingStar"],"picked":"BinaryStars","floor":0},{"not_picked":["DC","SporeBomb"],"picked":"EnergyFlow","floor":1},{"not_picked":["SuperPerseids","DragonMeteor","MysteriousBeam"],"picked":"SKIP","floor":3},{"not_picked":["NonDirectionalLaser","MilkyWay"],"picked":"GalacticHalo","floor":5},{"not_picked":["ChargingUp","AlicesGift","AsteroidBelt"],"picked":"SKIP","floor":7},{"not_picked":["Occultation","WitchLeyline"],"picked":"PulseMagic","floor":8},{"not_picked":["PowerUp","StarlightTyphoon"],"picked":"GrandCross","floor":10}],"player_experience":111319,"relics_obtained":[{"floor":9,"key":"Sundial"}],"event_choices":[{"damage_healed":0,"gold_gain":75,"player_choice":"Gather Gold","damage_taken":11,"max_hp_gain":0,"max_hp_loss":0,"event_name":"World of Goop","floor":2,"gold_loss":0}],"is_beta":false,"boss_relics":[],"items_purged_floors":[],"is_endless":false,"potions_floor_spawned":[1,5,8,10],"killed_by":"Lagavulin","ascension_level":1}}