{"host":"s8eu5oacnz2jj6un","time":1611704374,"event":{"mods":["AchievementEnabler","Act Like it!","Astrologer","BaseMod","Colored Powertips","Marisa????????","Minty Spire (QoL Compilation)","Remilia??????","Replay The Spire","Shop Mod","StSLib","The Senshi","The Servant 0.9.4"],"gold_per_floor":[114,114,114,128,143,143,159,195,222,222,222],"floor_reached":10,"language":"ENG","playtime":995,"items_purged":[],"score":58,"play_id":"0f437ab2-3707-4d07-86d0-4d9d7286342c","local_time":"20210127003934","is_ascension_mode":false,"campfire_choices":[{"data":"astrologer:Trine","floor":6,"key":"SMITH"}],"circlet_count":0,"master_deck":["astrologer:Strike","astrologer:Strike","astrologer:Strike","astrologer:Strike","astrologer:Defend","astrologer:Defend","astrologer:Defend","astrologer:Defend","astrologer:NorthStar","astrologer:TheFool","astrologer:ShiningStar","astrologer:Trine+1","astrologer:Retelling","astrologer:StarOfCourage","ReplayTheSpireMod:Splinters","astrologer:Justice"],"relics":["astrologer:SkyMirror","NeowsBlessing","Nunchaku","ReplayTheSpireMod:Lightbulb"],"acts_visited":["Exordium"],"potions_floor_usage":[10],"damage_taken":[{"damage":0,"enemies":"Small Slimes","floor":1,"turns":1},{"damage":0,"enemies":"Jaw Worm","floor":4,"turns":1},{"damage":0,"enemies":"Cultist","floor":5,"turns":1},{"damage":16,"enemies":"2 Fungi Beasts","floor":7,"turns":4},{"damage":13,"enemies":"3 Sentries","floor":10,"turns":3}],"seed_played":"-5655783140784072335","potions_obtained":[{"floor":4,"key":"SpeedPotion"},{"floor":5,"key":"Block Potion"},{"floor":8,"key":"ColorlessPotion"},{"floor":8,"key":"Toxic Potion"}],"is_trial":false,"path_per_floor":["M","?","?","M","M","R","M","?","T","E"],"character_chosen":"ASTROLOGER","items_purchased":[],"campfire_rested":0,"item_purchase_floors":[],"current_hp_per_floor":[70,67,67,67,67,67,51,51,51,38,38],"gold":222,"neow_bonus":"THREE_ENEMY_KILL","is_daily":false,"chose_seed":false,"campfire_upgraded":1,"win_rate":0.0,"timestamp":1611704374,"path_taken":["M","?","?","M","M","R","?","?","T","E"],"items_purchased_type":[],"build_version":"2020-12-22","purchased_purges":0,"victory":false,"max_hp_per_floor":[70,70,70,70,70,70,70,70,70,70,70],"card_choices":[{"not_picked":["astrologer:ReadTheStars","astrologer:Opposition"],"picked":"astrologer:Glimpse","floor":1},{"not_picked":["astrologer:Stardust","astrologer:Moonlight"],"picked":"astrologer:Trine","floor":4},{"not_picked":["astrologer:Opposition","astrologer:Still"],"picked":"astrologer:Retelling","floor":5},{"not_picked":["astrologer:Judgement","astrologer:SolarFlare"],"picked":"astrologer:StarOfCourage","floor":7},{"not_picked":["astrologer:SolarFlare","astrologer:SpaceDust"],"picked":"astrologer:Justice","floor":8}],"player_experience":742931,"relics_obtained":[{"floor":9,"key":"ReplayTheSpireMod:Lightbulb"}],"event_choices":[{"damage_healed":0,"gold_gain":0,"player_choice":"Success","damage_taken":3,"relics_obtained":["Nunchaku"],"max_hp_gain":0,"max_hp_loss":0,"event_name":"Scrap Ooze","floor":2,"gold_loss":0},{"damage_healed":0,"gold_gain":0,"cards_transformed":["astrologer:Glimpse"],"player_choice":"Transformed","damage_taken":0,"max_hp_gain":0,"max_hp_loss":0,"event_name":"Transmorgrifier","floor":3,"gold_loss":0,"cards_obtained":["astrologer:ShiningStar"]}],"is_beta":false,"boss_relics":[],"items_purged_floors":[],"is_endless":false,"potions_floor_spawned":[4,5],"killed_by":"3 Sentries","ascension_level":0}}