{"host":"ws1rigs6jhqnf67d","time":1611667989,"event":{"mods":["100% Spire Juice","BaseMod","Friendly Minions","KinomotoSakuraMod(ƒæ÷Æ±æ”£)","Kiyohime£®«Âºß£©","Lobotomy","LobotomyExtend","Marisa£®ÏF”Í°°ƒß¿Ì…≥£©","Minty Spire (QoL Compilation)","Remilia£®¿Ÿ√◊¿Ú—«£©","StSLib","The Bug Knight","The Senshi","Youmu£®ªÍ∆«—˝√Œ£©","[IsaacMod]“‘»ˆº‚À˛"],"gold_per_floor":[115,115,135,145,163,163,191,202,202,217,243,259,285,297,297,368,368,368,387,100,100,100,127,148,183,183,240,291,332,332,397,397,593,593,615,627,658,680,129,190,216,259,284,306,320,320],"floor_reached":45,"language":"ZHS","playtime":2239,"items_purged":[],"score":1424,"play_id":"8ae7c347-b367-4fb1-a9b1-8e193debff37","local_time":"20210126213309","is_ascension_mode":true,"campfire_choices":[{"data":"ClowCardTheFreeze","floor":6,"key":"SMITH"},{"data":"Jack Of All Trades","floor":15,"key":"SMITH"},{"floor":30,"key":"REST"},{"floor":32,"key":"REST"}],"circlet_count":0,"master_deck":["SakuraCardTheTwin+","SakuraCardTheFreeze+","SakuraCardTheShield+","SakuraCardTheSword+","AscendersBane","ClowCardTheSword+1","ClowCardTheSword+1","ClowCardTheSword+1","ClowCardTheShield+1","ClowCardTheShield+1","ClowCardTheShield+1","SpellCardSeal","SpellCardRelease","Jack Of All Trades+1","ClowCardTheLight","ClowCardTheFight"],"relics":["KSMOD_SealedBook","KSMOD_SealedWand","HushsDoor","PillsDrop","LetterFromLob","Meat on the Bone","AntiCross","HollowMod:StagPassRelic","Kunai","Mummified Hand","KSMOD_DarknessWand","Singing Bowl","SalivaCoin","Oddly Smooth Stone","Smiling Mask","Strawberry","Fusion Hammer","SatanicBible","Molten Egg 2","KSMOD_YukitosBentoBox","Pear","Turnip","MealTicket"],"acts_visited":["Exordium","TheCity","TheBeyond"],"potions_floor_usage":[33,36,38,40],"damage_taken":[{"damage":6,"enemies":"Small Slimes","floor":1,"turns":3},{"damage":1,"enemies":"Cultist","floor":3,"turns":3},{"damage":1,"enemies":"2 Louse","floor":4,"turns":2},{"damage":1,"enemies":"Large Slime","floor":5,"turns":7},{"damage":5,"enemies":"3 Sentries","floor":7,"turns":6},{"damage":0,"enemies":"Exordium Wildlife","floor":8,"turns":2},{"damage":2,"enemies":"Exordium Thugs","floor":10,"turns":3},{"damage":0,"enemies":"Gremlin Nob","floor":11,"turns":2},{"damage":0,"enemies":"2 Fungi Beasts","floor":12,"turns":3},{"damage":27,"enemies":"Lagavulin","floor":13,"turns":6},{"damage":0,"enemies":"Exordium Wildlife","floor":14,"turns":1},{"damage":2,"enemies":"Slime Boss","floor":16,"turns":4},{"damage":2,"enemies":"3 Byrds","floor":19,"turns":1},{"damage":24,"enemies":"Slavers","floor":23,"turns":5},{"damage":1,"enemies":"Shell Parasite","floor":24,"turns":3},{"damage":0,"enemies":"Gremlin Leader","floor":25,"turns":1},{"damage":21,"enemies":"HollowMod:Nosk","floor":27,"turns":4},{"damage":9,"enemies":"Sentry and Sphere","floor":28,"turns":5},{"damage":37,"enemies":"Centurion and Healer","floor":29,"turns":5},{"damage":34,"enemies":"Shelled Parasite and Fungi","floor":31,"turns":2},{"damage":16,"enemies":"Collector","floor":33,"turns":6},{"damage":3,"enemies":"Orb Walker","floor":35,"turns":2},{"damage":0,"enemies":"3 Shapes","floor":36,"turns":1},{"damage":16,"enemies":"Jaw Worm Horde","floor":37,"turns":3},{"damage":2,"enemies":"4 Shapes","floor":38,"turns":6},{"damage":12,"enemies":"Reptomancer","floor":40,"turns":4},{"damage":24,"enemies":"Sphere and 2 Shapes","floor":41,"turns":4},{"damage":40,"enemies":"Jaw Worm Horde","floor":42,"turns":5},{"damage":2,"enemies":"4 Shapes","floor":44,"turns":5},{"damage":42,"enemies":"Nemesis","floor":45,"turns":4}],"seed_played":"-7057639303089968367","potions_obtained":[{"floor":4,"key":"CultistPotion"},{"floor":7,"key":"PowerPotion"},{"floor":33,"key":"KSMOD_MagickBottle"},{"floor":36,"key":"Fruit Juice"},{"floor":37,"key":"SkillPotion"},{"floor":38,"key":"AttackPotion"}],"is_trial":false,"path_per_floor":["M","?","M","M","M","R","E","M","T","M","E","M","E","M","R","B",null,"M","M","$","?","?","E","M","E","T","E","M","M","R","M","R","B",null,"M","M","M","M","$","E","M","M","T","M","E"],"character_chosen":"KINOMOTOSAKURA","items_purchased":["ClowCardTheFight","Singing Bowl","SatanicBible","KSMOD_YukitosBentoBox","Pear"],"campfire_rested":2,"item_purchase_floors":[17,20,34,39,39],"current_hp_per_floor":[53,53,55,57,56,56,51,51,51,49,49,49,37,40,40,38,61,61,59,59,69,69,47,48,50,50,50,55,30,55,35,61,45,70,69,76,62,62,72,62,52,26,26,38,0,0],"gold":320,"neow_bonus":"RANDOM_COLORLESS","is_daily":false,"chose_seed":false,"campfire_upgraded":2,"win_rate":0.0,"timestamp":1611667989,"path_taken":["M","?","M","M","M","R","E","M","T","M","E","M","E","M","R","BOSS","M","M","$","?","?","E","M","E","T","E","M","M","R","M","R","BOSS","M","M","M","M","$","E","M","M","T","M","E"],"items_purchased_type":["Card","Relic","Relic","Relic","Relic"],"build_version":"2020-12-22","purchased_purges":0,"victory":false,"max_hp_per_floor":[60,60,63,66,66,66,66,66,66,66,66,66,69,72,72,72,69,69,69,69,69,69,71,73,75,75,84,86,86,86,88,88,88,78,80,87,89,91,101,103,105,107,107,109,109,109],"card_choices":[{"not_picked":[],"picked":"ChaosCard","floor":0},{"not_picked":["Madness","Discovery"],"picked":"Jack Of All Trades","floor":0},{"not_picked":["ClowCardTheFly","ClowCardTheGlow","ClowCardTheShot"],"picked":"SKIP","floor":1},{"not_picked":["ClowCardTheLock","ClowCardTheLibra","ClowCardTheEarthy"],"picked":"SKIP","floor":3},{"not_picked":["ClowCardTheSilent","ClowCardTheMove"],"picked":"ClowCardTheFreeze","floor":4},{"not_picked":["ClowCardTheJump","ClowCardTheSleep"],"picked":"Bomb","floor":5},{"not_picked":["ClowCardTheSleep","ClowCardTheSand","ClowCardTheCloud"],"picked":"SKIP","floor":7},{"not_picked":["ClowCardTheBubbles","ClowCardTheStorm","ClowCardTheFreeze"],"picked":"SKIP","floor":8},{"not_picked":["ClowCardTheDream","ClowCardTheLibra"],"picked":"ClowCardTheCreate","floor":10},{"not_picked":["ClowCardTheLittle","ClowCardTheWave","ClowCardTheRain"],"picked":"SKIP","floor":11},{"not_picked":["ClowCardTheEarthy","ClowCardTheWindy","ClowCardTheLock"],"picked":"SKIP","floor":12},{"not_picked":["ClowCardTheRain","ClowCardTheFlower"],"picked":"Bomb","floor":13},{"not_picked":["ClowCardTheLittle","ClowCardTheMaze"],"picked":"Bomb","floor":14},{"not_picked":["ClowCardTheTwin","ClowCardTheDark"],"picked":"ClowCardTheLight","floor":16},{"not_picked":["ClowCardTheWave","ClowCardTheFlower","ClowCardTheVoice"],"picked":"SKIP","floor":19},{"not_picked":["ClowCardTheLock","ClowCardTheMaze","ClowCardTheFly"],"picked":"Singing Bowl","floor":23},{"not_picked":["ClowCardTheRain","ClowCardTheGlow","ClowCardTheMirror"],"picked":"Singing Bowl","floor":24},{"not_picked":["ClowCardTheSweet+1","ClowCardTheErase","ClowCardTheDash"],"picked":"Singing Bowl","floor":25},{"not_picked":["ClowCardThePower+1","ClowCardTheMist","ClowCardTheRain"],"picked":"Singing Bowl","floor":27},{"not_picked":["ClowCardTheDream","ClowCardTheSilent","ClowCardTheMaze"],"picked":"Singing Bowl","floor":28},{"not_picked":["ClowCardTheStorm","ClowCardTheSilent"],"picked":"ClowCardTheTwin","floor":29},{"not_picked":["ClowCardTheSnow","ClowCardTheCloud+1","ClowCardTheArrow"],"picked":"Singing Bowl","floor":31},{"not_picked":["ClowCardTheDark","ClowCardTheTwin"],"picked":"ClowCardTheCreate","floor":33},{"not_picked":["ClowCardTheBubbles","ClowCardTheShadow","ClowCardTheSong"],"picked":"Singing Bowl","floor":35},{"not_picked":["ClowCardTheDream+1","ClowCardTheChange+1","ClowCardTheBubbles"],"picked":"Singing Bowl","floor":36},{"not_picked":["ClowCardTheSweet","ClowCardTheSand","ClowCardTheWindy"],"picked":"Singing Bowl","floor":37},{"not_picked":["ClowCardTheShot+1","ClowCardTheFloat+1","ClowCardTheWatery"],"picked":"Singing Bowl","floor":38},{"not_picked":["ClowCardTheChange+1","ClowCardTheTwin","ClowCardTheShadow"],"picked":"Singing Bowl","floor":40},{"not_picked":["ClowCardTheSleep","ClowCardTheMirror","ClowCardTheBubbles+1"],"picked":"Singing Bowl","floor":41},{"not_picked":["ClowCardTheSilent","ClowCardTheEarthy","ClowCardTheFreeze+1"],"picked":"Singing Bowl","floor":42},{"not_picked":["ClowCardTheLibra","ClowCardTheErase+1","ClowCardTheIllusion"],"picked":"Singing Bowl","floor":44}],"player_experience":889586,"relics_obtained":[{"floor":1,"key":"LetterFromLob"},{"floor":7,"key":"Meat on the Bone"},{"floor":9,"key":"AntiCross"},{"floor":11,"key":"HollowMod:StagPassRelic"},{"floor":13,"key":"Kunai"},{"floor":13,"key":"Mummified Hand"},{"floor":23,"key":"SalivaCoin"},{"floor":25,"key":"Oddly Smooth Stone"},{"floor":26,"key":"Smiling Mask"},{"floor":27,"key":"Strawberry"},{"floor":38,"key":"Molten Egg 2"},{"floor":40,"key":"Turnip"},{"floor":43,"key":"MealTicket"}],"event_choices":[{"damage_healed":14,"gold_gain":0,"player_choice":"Heal","damage_taken":0,"max_hp_gain":0,"max_hp_loss":0,"event_name":"The Library","floor":21,"gold_loss":0},{"damage_healed":0,"gold_gain":0,"player_choice":"Simplicity","damage_taken":0,"max_hp_gain":0,"max_hp_loss":0,"event_name":"Back to Basics","floor":22,"gold_loss":0,"cards_upgraded":["ClowCardTheSword","ClowCardTheSword","ClowCardTheSword","ClowCardTheShield","ClowCardTheShield","ClowCardTheShield","ClowCardTheShield"]}],"is_beta":false,"boss_relics":[{"not_picked":["SlaversCollar","Busted Crown"],"picked":"KSMOD_DarknessWand"},{"not_picked":[]},{"not_picked":["Coffee Dripper","Empty Cage"],"picked":"Fusion Hammer"},{"not_picked":[]}],"items_purged_floors":[],"is_endless":false,"potions_floor_spawned":[4,7,10,11,14,16,23,24,25,27,33,35,36,37,38],"killed_by":"Nemesis","ascension_level":18}}