{"host":"a99cgagtsic7fuyb","time":1611664461,"event":{"mods":["BaseMod","Downfall","Hermit","Lobotomy","Minty Spire (QoL Compilation)","StSLib","The Cursed"],"gold_per_floor":[99,114,189,189,24,39,114,129,144,159,174,189,189,204,219,319,319,119,134,43,58,158,173,173,173,203,218,233,21,21,36,51,160,160,160,175,175,202,202,97,97,112,112,127,166,66,81,96,111,111,111,150,75,75,75,75,75,75],"floor_reached":56,"language":"ZHS","playtime":5760,"items_purged":[],"score":849,"play_id":"2f0b3cb4-2e12-4342-9d96-1fb3d3695ba7","local_time":"20210126203421","daily_mods":["Specialized","Vintage","downfall:WorldOfGoo"],"is_ascension_mode":false,"campfire_choices":[{"floor":1.0,"key":"RECALL"},{"data":"champ:EnchantCrown","floor":18.0,"key":"SMITH"},{"data":"champ:ArenaPreparation","floor":30.0,"key":"SMITH"},{"data":"champ:TripleStrike","floor":35.0,"key":"SMITH"},{"data":"champ:PerfectedStrike","floor":43.0,"key":"SMITH"},{"data":"champ:FlashCut","floor":46.0,"key":"SMITH"},{"floor":54.0,"key":"REST"}],"circlet_count":0,"master_deck":["champ:Strike","champ:Strike","champ:Strike","champ:Strike","champ:Defend","champ:Defend","champ:Defend","champ:Execute","champ:Taunt","champ:BerserkerStyle","champ:FlashCut+1","champ:CrownThrow","champ:EnchantCrown+1","champ:EndlessRage+1","champ:CrownThrow+1","champ:FalseCounter+1","champ:ArenaPreparation+1","champ:ShieldWall","champ:ShieldWall+1","champ:PerfectedStrike+1","Magnetism+1","champ:TripleStrike+1","expansioncontent:AwakenDeath+1","expansioncontent:Chronoboost+1","expansioncontent:Chronoboost+1","champ:PerfectedStrike+1","champ:SwordSigil+1"],"relics":["champ:ChampionCrownUpgraded","Matryoshka","champ:BerserkersGuideToSlaughter","sneckomod:BlankCard","Boot","Lantern","Mummified Hand","Strawberry","Guardian:PocketSentry","Centennial Puzzle","White Beast Statue","Mercury Hourglass","Astrolabe","downfall:HeartBlessingRed","downfall:HeartBlessingBlue","Anchor","Orichalcum","Art of War","Frozen Egg 2","Darkstone Periapt","Slimebound:StickyStick","Pen Nib","CeramicFish","StrikeDummy","WingedGreaves","Guardian:BottledAnomaly","champ:SignatureFinisher","Pear","Bottled Lightning","Molten Egg 2","Question Card","downfall:HeartBlessingGreen","Vajra","Mango","hexamod:CandleOfCauterizing","Sundial"],"acts_visited":["Exordium","TheCity","TheBeyond","TheEnding"],"potions_floor_usage":[],"damage_taken":[{"damage":41.0,"enemies":"Small Slimes","floor":2.0,"turns":5.0},{"damage":25.0,"enemies":"downfall:FleeingMerchant","floor":5.0,"turns":4.0},{"damage":9.0,"enemies":"2 Louse","floor":6.0,"turns":4.0},{"damage":1.0,"enemies":"Jaw Worm","floor":8.0,"turns":3.0},{"damage":8.0,"enemies":"Lots of Slimes","floor":9.0,"turns":5.0},{"damage":9.0,"enemies":"Gremlin Gang","floor":10.0,"turns":3.0},{"damage":17.0,"enemies":"2 Fungi Beasts","floor":11.0,"turns":4.0},{"damage":12.0,"enemies":"Blue Slaver","floor":12.0,"turns":3.0},{"damage":23.0,"enemies":"Lots of Slimes","floor":14.0,"turns":3.0},{"damage":15.0,"enemies":"Exordium Thugs","floor":15.0,"turns":3.0},{"damage":71.0,"enemies":"The Guardian","floor":16.0,"turns":10.0},{"damage":7.0,"enemies":"3 Byrds","floor":19.0,"turns":3.0},{"damage":20.0,"enemies":"downfall:FleeingMerchant","floor":20.0,"turns":4.0},{"damage":0.0,"enemies":"Spheric Guardian","floor":21.0,"turns":1.0},{"damage":7.0,"enemies":"Centurion and Healer","floor":23.0,"turns":3.0},{"damage":14.0,"enemies":"Book of Stabbing","floor":26.0,"turns":5.0},{"damage":20.0,"enemies":"Snake Plant","floor":27.0,"turns":3.0},{"damage":12.0,"enemies":"3 Cultists","floor":28.0,"turns":3.0},{"damage":35.0,"enemies":"downfall:FleeingMerchant","floor":29.0,"turns":4.0},{"damage":0.0,"enemies":"Snecko","floor":31.0,"turns":2.0},{"damage":55.0,"enemies":"Shelled Parasite and Fungi","floor":32.0,"turns":4.0},{"damage":14.0,"enemies":"IC_MUSHROOM_ARCHETYPE","floor":33.0,"turns":5.0},{"damage":20.0,"enemies":"3 Shapes","floor":36.0,"turns":2.0},{"damage":20.0,"enemies":"downfall:FleeingMerchant","floor":40.0,"turns":3.0},{"damage":20.0,"enemies":"3 Darklings","floor":42.0,"turns":2.0},{"damage":21.0,"enemies":"Writhing Mass","floor":44.0,"turns":3.0},{"damage":38.0,"enemies":"Reptomancer","floor":45.0,"turns":3.0},{"damage":0.0,"enemies":"4 Shapes","floor":47.0,"turns":2.0},{"damage":69.0,"enemies":"Transient","floor":48.0,"turns":5.0},{"damage":5.0,"enemies":"Writhing Mass","floor":49.0,"turns":3.0},{"damage":176.0,"enemies":"DF_ARCHETYPE_ORBS","floor":50.0,"turns":7.0},{"damage":158.0,"enemies":"downfall:CharBossMerchant","floor":52.0,"turns":7.0},{"damage":159.0,"enemies":"downfall:NeowBoss","floor":55.0,"turns":15.0},{"damage":106,"enemies":"downfall:NeowBossFinal","floor":56,"turns":6}],"seed_played":"-992185634128019100","potions_obtained":[{"floor":8.0,"key":"Fire Potion"},{"floor":9.0,"key":"SpeedPotion"},{"floor":10.0,"key":"LiquidBronze"},{"floor":11.0,"key":"AttackPotion"},{"floor":12.0,"key":"LiquidMemories"},{"floor":15.0,"key":"Fire Potion"},{"floor":16.0,"key":"Dexterity Potion"},{"floor":19.0,"key":"LiquidMemories"},{"floor":20.0,"key":"Explosive Potion"},{"floor":21.0,"key":"champ:OpenerPotion"},{"floor":23.0,"key":"CultistPotion"},{"floor":26.0,"key":"champ:TechniquePotion"},{"floor":27.0,"key":"champ:CounterPotion"},{"floor":28.0,"key":"Block Potion"},{"floor":31.0,"key":"Explosive Potion"},{"floor":32.0,"key":"Fire Potion"},{"floor":33.0,"key":"Weak Potion"},{"floor":40.0,"key":"Strength Potion"},{"floor":42.0,"key":"SpeedPotion"},{"floor":44.0,"key":"DuplicationPotion"},{"floor":45.0,"key":"FearPotion"},{"floor":47.0,"key":"SkillPotion"},{"floor":48.0,"key":"Dexterity Potion"},{"floor":49.0,"key":"Strength Potion"},{"floor":52.0,"key":"Fire Potion"}],"is_trial":false,"path_per_floor":["R","M","?","?","$","M","T","M","M","M","M","M","?","M","M","B",null,"R","M","$","M","?","M","T","?","E","M","M","$","R","M","M","B",null,"R","M","?","?","?","?","T","M","R","M","E","R","M","M","M","B",null,"E","$","R","B","B"],"character_chosen":"THE_CHAMP","items_purchased":["champ:BerserkersGuideToSlaughter","champ:ShieldWall","Magnetism+1","Guardian:BottledAnomaly","champ:SignatureFinisher","Regen Potion"],"campfire_rested":1,"item_purchase_floors":[5,20,29,40,40,53],"current_hp_per_floor":[90,78,67,67,62,70,70,76,77,86,90,94,99,101,100,66,102,112,112,102,112,112,112,112,112,112,112,112,112,112,112,112,112,112,112,112,112,102,102,107,117,122,122,121,119,119,119,114,119,63,136,17,17,57,46,0,0,0],"gold":75,"neow_bonus":"","is_daily":true,"chose_seed":false,"campfire_upgraded":5,"win_rate":0.0,"timestamp":1611664461,"path_taken":["R","M","?","?","?","M","T","?","M","M","?","M","?","M","M","BOSS","R","M","$","M","?","?","T","?","E","M","M","$","R","M","M","BOSS","R","M","?","?","?","?","T","M","R","M","E","R","M","?","M","BOSS","E","$","R","BOSS","BOSS"],"items_purchased_type":["Relic","Card","Card","Relic","Relic","Potion"],"build_version":"2020-12-22","purchased_purges":0,"victory":false,"max_hp_per_floor":[90,90,90,90,90,90,90,90,90,97,97,97,102,102,102,102,102,112,112,112,112,112,112,112,112,112,112,112,112,112,112,112,112,112,112,112,112,112,112,112,122,122,122,122,122,122,122,136,136,136,136,136,136,136,136,136,136,136],"card_choices":[{"not_picked":["champ:BladeFlurry","champ:Haymaker"],"picked":"champ:CrownThrow","floor":5.0},{"not_picked":["champ:SwordThrow","champ:StrikeOfGenius"],"picked":"champ:EnchantCrown","floor":16.0},{"not_picked":["champ:GutPunch+1","champ:Shatter"],"picked":"champ:ArenaPreparation","floor":20.0},{"not_picked":["champ:BringItOn","champ:PreciseThrust"],"picked":"champ:ShieldWall+1","floor":26.0},{"not_picked":["champ:LastStand+1","champ:Haymaker"],"picked":"champ:PerfectedStrike","floor":29.0},{"not_picked":["champ:DancingMaster+1","champ:MurderStrike"],"picked":"champ:TripleStrike","floor":33.0},{"not_picked":["expansioncontent:PrepareCrush","expansioncontent:Hexaburn+1"],"picked":"expansioncontent:AwakenDeath+1","floor":38.0},{"not_picked":["expansioncontent:PolyBeam","expansioncontent:HyperBeam"],"picked":"expansioncontent:Chronoboost+1","floor":38.0},{"not_picked":["expansioncontent:YouAreMine","expansioncontent:PolyBeam"],"picked":"expansioncontent:Chronoboost+1","floor":38.0},{"not_picked":["champ:DeathBlow","champ:PreciseThrust+1","champ:Circumvent+1"],"picked":"SKIP","floor":40.0},{"not_picked":["champ:EnchantSword","champ:BladeFlurry+1"],"picked":"champ:PerfectedStrike+1","floor":45.0},{"not_picked":["champ:Haymaker+1","champ:ShieldWall+1","champ:RapidStrikes+1"],"picked":"champ:SwordSigil+1","floor":52.0}],"player_experience":134114,"relics_obtained":[{"floor":2.0,"key":"Matryoshka"},{"floor":6.0,"key":"sneckomod:BlankCard"},{"floor":7.0,"key":"Boot"},{"floor":8.0,"key":"Lantern"},{"floor":9.0,"key":"Mummified Hand"},{"floor":10.0,"key":"Strawberry"},{"floor":11.0,"key":"Guardian:PocketSentry"},{"floor":12.0,"key":"Centennial Puzzle"},{"floor":14.0,"key":"White Beast Statue"},{"floor":15.0,"key":"Mercury Hourglass"},{"floor":19.0,"key":"Anchor"},{"floor":21.0,"key":"Orichalcum"},{"floor":23.0,"key":"Art of War"},{"floor":24.0,"key":"Frozen Egg 2"},{"floor":26.0,"key":"Darkstone Periapt"},{"floor":27.0,"key":"Slimebound:StickyStick"},{"floor":28.0,"key":"Pen Nib"},{"floor":31.0,"key":"CeramicFish"},{"floor":32.0,"key":"StrikeDummy"},{"floor":36.0,"key":"WingedGreaves"},{"floor":41.0,"key":"Pear"},{"floor":42.0,"key":"Bottled Lightning"},{"floor":44.0,"key":"Molten Egg 2"},{"floor":45.0,"key":"Question Card"},{"floor":47.0,"key":"Vajra"},{"floor":48.0,"key":"Mango"},{"floor":49.0,"key":"hexamod:CandleOfCauterizing"},{"floor":52.0,"key":"Sundial"}],"event_choices":[{"damage_healed":0.0,"max_hp_gain":0.0,"max_hp_loss":0.0,"gold_gain":75.0,"event_name":"World of Goop","player_choice":"Gather Gold","floor":3.0,"gold_loss":0.0,"damage_taken":11.0},{"damage_healed":0.0,"max_hp_gain":0.0,"max_hp_loss":0.0,"gold_gain":0.0,"cards_transformed":["champ:BerserkerStyle"],"event_name":"Living Wall","player_choice":"Change","floor":4.0,"gold_loss":0.0,"damage_taken":0.0,"cards_obtained":["champ:FlashCut"]},{"damage_healed":0.0,"max_hp_gain":5.0,"max_hp_loss":0.0,"gold_gain":0.0,"event_name":"Big Fish","player_choice":"Donut","floor":13.0,"gold_loss":0.0,"damage_taken":0.0},{"cards_removed":["champ:Defend"],"damage_healed":0.0,"max_hp_gain":0.0,"max_hp_loss":0.0,"gold_gain":0.0,"event_name":"Falling","player_choice":"Removed Skill","floor":39.0,"gold_loss":0.0,"damage_taken":0.0}],"is_beta":false,"boss_relics":[{"not_picked":["SlaversCollar","Pandora\u0027s Box"],"picked":"Astrolabe"},{"not_picked":["Philosopher\u0027s Stone","Empty Cage"],"picked":"champ:ChampionCrownUpgraded"}],"items_purged_floors":[],"is_endless":false,"potions_floor_spawned":[8,9,10,11,12,15,16,19,20,21,23,26,27,28,29,31,32,33,36,40,42,44,45,47,48,49,52],"killed_by":"downfall:NeowBossFinal","ascension_level":0}}