{"host":"1mv6gj0zv8k9e9tz","time":1611685822,"event":{"mods":["AchievementEnabler","BaseMod","Better Third Choice","Colored Map","KOR Keyword Fix","Minty Spire (QoL Compilation)","Permanent Neow","Rare Cards Sparkle","StSLib"],"gold_per_floor":[14,14,24,43,63,63,94,94,94,94,128,206,224,238,238,312,312,326,241,163,163,179,179,179],"floor_reached":23,"language":"KOR","playtime":759,"items_purged":[],"score":452,"play_id":"04c7a018-8c7e-4835-a4c7-166ec1f0007a","local_time":"20210127033022","is_ascension_mode":true,"campfire_choices":[{"data":"Deadly Poison","floor":6.0,"key":"SMITH"},{"data":"Neutralize","floor":8.0,"key":"SMITH"},{"data":"After Image","floor":10.0,"key":"SMITH"},{"data":"Deadly Poison","floor":15.0,"key":"SMITH"}],"circlet_count":0,"master_deck":["AscendersBane","Strike_G","Strike_G","Strike_G","Strike_G","Strike_G","Defend_G","Defend_G","Defend_G","Defend_G","Defend_G","Survivor","Neutralize+1","Dagger Spray+1","Deadly Poison+1","PiercingWail","After Image+1","Deadly Poison+1","Leg Sweep","Blur","Night Terror","Footwork"],"relics":["Ring of the Snake","Lizard Tail","InkBottle","The Specimen","Ice Cream","Pantograph","Velvet Choker","Sundial"],"acts_visited":["Exordium","TheCity"],"potions_floor_usage":[18,22],"damage_taken":[{"damage":1.0,"enemies":"Cultist","floor":1.0,"turns":5.0},{"damage":3.0,"enemies":"Jaw Worm","floor":3.0,"turns":4.0},{"damage":4.0,"enemies":"2 Louse","floor":4.0,"turns":2.0},{"damage":0.0,"enemies":"2 Fungi Beasts","floor":5.0,"turns":3.0},{"damage":0.0,"enemies":"3 Sentries","floor":7.0,"turns":2.0},{"damage":37.0,"enemies":"Gremlin Nob","floor":11.0,"turns":5.0},{"damage":4.0,"enemies":"Large Slime","floor":13.0,"turns":4.0},{"damage":0.0,"enemies":"Red Slaver","floor":14.0,"turns":7.0},{"damage":7.0,"enemies":"Hexaghost","floor":16.0,"turns":10.0},{"damage":3,"enemies":"Shell Parasite","floor":18,"turns":6},{"damage":12,"enemies":"2 Thieves","floor":22,"turns":5},{"damage":18,"enemies":"Slavers","floor":23,"turns":3}],"seed_played":"99712266718433195","potions_obtained":[{"floor":3.0,"key":"DuplicationPotion"},{"floor":5.0,"key":"LiquidMemories"},{"floor":11.0,"key":"DistilledChaos"},{"floor":16.0,"key":"GamblersBrew"}],"is_trial":false,"path_per_floor":["M","?","M","M","M","R","E","R","T","R","E","T","M","M","R","B",null,"M","?","$","?","M","E"],"character_chosen":"THE_SILENT","items_purchased":["Regen Potion"],"campfire_rested":0,"item_purchase_floors":[20],"current_hp_per_floor":[58,58,55,51,51,51,51,51,51,51,14,14,10,10,10,28,57,54,54,54,36,39,21,21],"gold":179,"neow_bonus":"ONE_RARE_RELIC","is_daily":false,"chose_seed":false,"campfire_upgraded":4,"win_rate":0.0,"timestamp":1611685822,"path_taken":["M","?","M","M","M","R","E","R","T","R","E","?","M","M","R","BOSS","M","?","$","?","M","E"],"items_purchased_type":["Potion"],"build_version":"2020-12-22","purchased_purges":0,"victory":false,"max_hp_per_floor":[66,66,66,66,66,66,66,66,66,66,66,66,66,66,66,66,66,66,66,66,71,71,71,71],"card_choices":[{"not_picked":["Acrobatics","Quick Slash"],"picked":"Dagger Spray","floor":1.0},{"not_picked":["Flying Knee","Backflip"],"picked":"Deadly Poison","floor":3.0},{"not_picked":["Acrobatics","Slice"],"picked":"PiercingWail","floor":4.0},{"not_picked":["Blade Dance","Dodge and Roll","Underhanded Strike"],"picked":"SKIP","floor":5.0},{"not_picked":["Distraction","Dodge and Roll"],"picked":"After Image","floor":7.0},{"not_picked":["Dodge and Roll","Deflect"],"picked":"Deadly Poison","floor":11.0},{"not_picked":["Quick Slash","Choke"],"picked":"Leg Sweep","floor":13.0},{"not_picked":["Dagger Throw","Deflect"],"picked":"Blur","floor":14.0},{"not_picked":["Glass Knife","Die Die Die"],"picked":"Night Terror","floor":16.0},{"not_picked":["Predator","Sucker Punch"],"picked":"Footwork","floor":18},{"not_picked":["Finisher","Bane","Underhanded Strike"],"picked":"SKIP","floor":22}],"player_experience":573448,"relics_obtained":[{"floor":7.0,"key":"InkBottle"},{"floor":9.0,"key":"The Specimen"},{"floor":11.0,"key":"Ice Cream"},{"floor":12.0,"key":"Pantograph"}],"event_choices":[{"damage_healed":0.0,"max_hp_gain":0.0,"max_hp_loss":0.0,"gold_gain":0.0,"event_name":"Living Wall","player_choice":"Grow","floor":2.0,"gold_loss":0.0,"damage_taken":0.0,"cards_upgraded":["Dagger Spray"]},{"damage_healed":0,"gold_gain":0,"player_choice":"Obtained Relic","damage_taken":0,"relics_obtained":["Sundial"],"max_hp_gain":0,"max_hp_loss":0,"event_name":"Addict","floor":19,"gold_loss":85},{"damage_healed":0,"gold_gain":0,"player_choice":"Shed Blood","damage_taken":23,"max_hp_gain":5,"max_hp_loss":0,"event_name":"Forgotten Altar","floor":21,"gold_loss":0}],"is_beta":false,"boss_relics":[{"not_picked":["Astrolabe","WristBlade"],"picked":"Velvet Choker"}],"items_purged_floors":[],"is_endless":false,"potions_floor_spawned":[3,5,11,16],"killed_by":"Slavers","ascension_level":20}}