{"host":"h1qktzcccqnez8tx","time":1611621402,"event":{"mods":["AchievementEnabler","BaseMod","Bestiary","Better Note","Block Reminder","Colored Map","Colored Powertips","Curses Come First","Highlight Path","Minty Spire (QoL Compilation)","Permanent Neow","Quick Restart","Relic Stats","StSLib","UnlockEverythingMod"],"gold_per_floor":[119,130,140,140,63,63,93,112,139,168,196,196,208,233,233,339,648,671,680,153,172,194,238,238,247,247,272,10,10,10,44,44,151,151,176,23,23,46,75,104,104,104,129,157,166,166,180,209,209,209],"floor_reached":51,"language":"ENG","playtime":2244,"items_purged":["Well Laid Plans"],"score":814,"play_id":"df67958f-5148-4fa1-abc9-f284fadcda82","local_time":"20210126013642","daily_mods":["Draft","Purple Cards"],"is_ascension_mode":false,"campfire_choices":[{"data":"TalkToTheHand","floor":6,"key":"SMITH"},{"data":"CrushJoints","floor":15,"key":"SMITH"},{"floor":24,"key":"REST"},{"floor":29,"key":"REST"},{"floor":32,"key":"REST"},{"data":"Apotheosis","floor":42,"key":"SMITH"},{"data":"SandsOfTime","floor":46,"key":"SMITH"},{"data":"Phantasmal Killer","floor":49,"key":"SMITH"}],"circlet_count":0,"master_deck":["Leg Sweep","TalkToTheHand+1","SandsOfTime","Acrobatics","Conclude","PiercingWail","Footwork","Quick Slash","Acrobatics","CrushJoints","SashWhip","Slice","EmptyFist","FlyingSleeves","SashWhip","CrushJoints","Flying Knee","SandsOfTime+1","CrushJoints+1","Sanctity+1","Acrobatics","Phantasmal Killer+1","CurseOfTheBell","Indignation","DeusExMachina","ClearTheMind","BowlingBash","Necronomicurse","Terror+1","Wallop+1","Corpse Explosion","Wireheading+1","Apotheosis+1","FollowUp+1","Wallop+1","Trip+1","EmptyMind+1"],"relics":["Ring of the Snake","CeramicFish","Happy Flower","Calling Bell","StrikeDummy","Pen Nib","Old Coin","Du-Vu Doll","Toolbox","Toy Ornithopter","Necronomicon","Pantograph","Letter Opener","MealTicket","Black Star","Omamori","Strawberry","Oddly Smooth Stone","Anchor","Toxic Egg 2"],"acts_visited":["Exordium","TheCity","TheBeyond"],"potions_floor_usage":[21,40,44,50,50,50],"damage_taken":[{"damage":0,"enemies":"2 Louse","floor":1,"turns":1},{"damage":0,"enemies":"Small Slimes","floor":2,"turns":3},{"damage":5,"enemies":"Jaw Worm","floor":3,"turns":3},{"damage":0,"enemies":"3 Louse","floor":8,"turns":2},{"damage":3,"enemies":"Blue Slaver","floor":10,"turns":3},{"damage":0,"enemies":"2 Fungi Beasts","floor":11,"turns":2},{"damage":8,"enemies":"Exordium Wildlife","floor":13,"turns":5},{"damage":5,"enemies":"Gremlin Gang","floor":14,"turns":3},{"damage":26,"enemies":"Slime Boss","floor":16,"turns":6},{"damage":15,"enemies":"Spheric Guardian","floor":18,"turns":4},{"damage":6,"enemies":"3 Byrds","floor":21,"turns":3},{"damage":21,"enemies":"Snake Plant","floor":22,"turns":2},{"damage":5,"enemies":"Book of Stabbing","floor":23,"turns":5},{"damage":3,"enemies":"Centurion and Healer","floor":27,"turns":4},{"damage":9,"enemies":"Slavers","floor":31,"turns":5},{"damage":29,"enemies":"Collector","floor":33,"turns":6},{"damage":16,"enemies":"3 Darklings","floor":35,"turns":7},{"damage":9,"enemies":"3 Shapes","floor":38,"turns":3},{"damage":64,"enemies":"Writhing Mass","floor":39,"turns":2},{"damage":9,"enemies":"Giant Head","floor":40,"turns":5},{"damage":20,"enemies":"Reptomancer","floor":44,"turns":3},{"damage":13,"enemies":"Transient","floor":47,"turns":5},{"damage":0,"enemies":"Maw","floor":48,"turns":4},{"damage":62,"enemies":"Donu and Deca","floor":50,"turns":4}],"seed_played":"6573929500505815865","potions_obtained":[{"floor":3,"key":"FearPotion"},{"floor":8,"key":"SkillPotion"},{"floor":11,"key":"Dexterity Potion"},{"floor":21,"key":"FairyPotion"},{"floor":39,"key":"DuplicationPotion"},{"floor":44,"key":"ColorlessPotion"},{"floor":47,"key":"Dexterity Potion"},{"floor":48,"key":"PowerPotion"}],"is_trial":true,"path_per_floor":["M","M","M","?","$","R","?","M","T","M","M","?","M","M","R","B",null,"M","?","$","M","M","E","R","?","T","M","$","R","?","E","R","B",null,"M","$","?","M","M","E","?","R","T","E","?","R","M","M","R","B",null],"character_chosen":"THE_SILENT","items_purchased":["SandsOfTime","Du-Vu Doll","Toolbox","Letter Opener","Apotheosis"],"campfire_rested":3,"item_purchase_floors":[5,20,20,28,36],"current_hp_per_floor":[70,70,65,70,70,70,70,70,70,67,67,67,59,54,54,28,75,60,60,60,54,33,28,50,34,34,31,31,53,53,44,66,46,75,59,74,71,62,21,24,68,68,68,51,51,51,38,38,38,16],"gold":209,"neow_bonus":"","is_daily":false,"chose_seed":false,"campfire_upgraded":5,"win_rate":0.0,"timestamp":1611621402,"path_taken":["M","M","M","?","$","R","?","M","T","M","M","?","M","M","R","BOSS","M","?","$","M","M","E","R","?","T","M","$","R","?","E","R","BOSS","M","$","?","M","M","E","?","R","T","E","?","R","M","M","R","BOSS"],"items_purchased_type":["Card","Relic","Relic","Relic","Card"],"build_version":"2020-12-22","purchased_purges":1,"victory":true,"max_hp_per_floor":[70,70,70,75,75,75,75,75,75,75,75,75,75,75,75,75,75,75,75,75,75,75,75,75,75,75,75,75,75,75,75,75,75,75,75,75,71,71,71,78,68,68,68,68,68,68,68,68,68,68],"relic_stats":{"Happy Flower":[27],"counters":[24,90],"CeramicFish":180,"Pantograph":34,"MealTicket":15,"Pen Nib":[15],"Necronomicon":[19],"Black Star":2,"Letter Opener":[132],"obtain_stats":[{"Happy Flower":9,"CeramicFish":7,"Oddly Smooth Stone":43,"Pen Nib":17,"Omamori":40,"Letter Opener":28,"Old Coin":17,"Calling Bell":17,"Du-Vu Doll":20,"Anchor":44,"Pantograph":26,"Strawberry":40,"Toolbox":20,"MealTicket":31,"Necronomicon":25,"Black Star":34,"Toxic Egg 2":44,"StrikeDummy":17,"Toy Ornithopter":23,"Ring of the Snake":0},{"Happy Flower":4,"CeramicFish":3,"Oddly Smooth Stone":20,"Pen Nib":9,"Omamori":20,"Letter Opener":14,"Old Coin":9,"Calling Bell":9,"Du-Vu Doll":10,"Anchor":21,"Pantograph":13,"Strawberry":20,"Toolbox":10,"MealTicket":15,"Necronomicon":13,"Black Star":16,"Toxic Egg 2":21,"StrikeDummy":9,"Toy Ornithopter":13,"Ring of the Snake":0},{"Happy Flower":9,"CeramicFish":7,"Oddly Smooth Stone":74,"Pen Nib":28,"Omamori":74,"Letter Opener":46,"Old Coin":28,"Calling Bell":28,"Du-Vu Doll":32,"Anchor":77,"Pantograph":42,"Strawberry":74,"Toolbox":32,"MealTicket":51,"Necronomicon":42,"Black Star":57,"Toxic Egg 2":77,"StrikeDummy":28,"Toy Ornithopter":42,"Ring of the Snake":0}],"Toy Ornithopter":23,"Ring of the Snake":[48]},"card_choices":[{"not_picked":["BowlingBash","Protect"],"picked":"Leg Sweep","floor":0},{"not_picked":["Dash","LikeWater"],"picked":"TalkToTheHand","floor":0},{"not_picked":["Bouncing Flask","Expertise"],"picked":"SandsOfTime","floor":0},{"not_picked":["BowlingBash","Skewer"],"picked":"Acrobatics","floor":0},{"not_picked":["Deflect","SandsOfTime"],"picked":"Conclude","floor":0},{"not_picked":["EmptyBody","Dodge and Roll"],"picked":"PiercingWail","floor":0},{"not_picked":["ClearTheMind","Masterful Stab"],"picked":"Footwork","floor":0},{"not_picked":["Sucker Punch","Tactician"],"picked":"Quick Slash","floor":0},{"not_picked":["Deflect","Dagger Throw"],"picked":"Acrobatics","floor":0},{"not_picked":["Slice","Leg Sweep"],"picked":"CrushJoints","floor":0},{"not_picked":["Sucker Punch","Cloak And Dagger"],"picked":"SashWhip","floor":0},{"not_picked":["ClearTheMind","Dodge and Roll"],"picked":"Slice","floor":0},{"not_picked":["Dagger Throw","FollowUp"],"picked":"EmptyFist","floor":0},{"not_picked":["BowlingBash","Expertise"],"picked":"FlyingSleeves","floor":0},{"not_picked":["Prostrate","Backflip"],"picked":"SashWhip","floor":0},{"not_picked":["Deadly Poison","Deflect","WreathOfFlame"],"picked":"SKIP","floor":1},{"not_picked":["Reflex","BowlingBash"],"picked":"CrushJoints","floor":2},{"not_picked":["Blade Dance","EmptyFist"],"picked":"Flying Knee","floor":3},{"not_picked":["Dagger Spray","Underhanded Strike"],"picked":"CrushJoints","floor":8},{"not_picked":["ClearTheMind","Worship"],"picked":"Sanctity","floor":10},{"not_picked":["Backstab","Crippling Poison"],"picked":"Well Laid Plans","floor":11},{"not_picked":["Dagger Spray","Meditate","LessonLearned"],"picked":"SKIP","floor":13},{"not_picked":["Flying Knee","EmptyFist"],"picked":"Acrobatics","floor":14},{"not_picked":["Malaise","Doppelganger"],"picked":"Phantasmal Killer","floor":16},{"not_picked":["SashWhip+1","SandsOfTime"],"picked":"Indignation","floor":18},{"not_picked":["Pray","Conclude","Catalyst"],"picked":"SKIP","floor":21},{"not_picked":["Nirvana","Quick Slash"],"picked":"ClearTheMind","floor":22},{"not_picked":["Poisoned Stab","Well Laid Plans"],"picked":"BowlingBash","floor":23},{"not_picked":["Acrobatics+1","CutThroughFate"],"picked":"Terror+1","floor":27},{"not_picked":["SashWhip","Flechettes"],"picked":"Wallop+1","floor":31},{"not_picked":["A Thousand Cuts","After Image"],"picked":"Corpse Explosion","floor":33},{"not_picked":["Crippling Poison","JustLucky"],"picked":"Wireheading+1","floor":35},{"not_picked":["Tactician","Halt+1"],"picked":"FollowUp+1","floor":38},{"not_picked":["Protect","FlyingSleeves"],"picked":"Wallop+1","floor":39},{"not_picked":["WheelKick+1","Poisoned Stab","Envenom"],"picked":"SKIP","floor":40},{"not_picked":["Flying Knee+1","EmptyFist","Consecrate"],"picked":"SKIP","floor":44},{"not_picked":["HandOfGreed","Impatience+1"],"picked":"Trip+1","floor":45},{"not_picked":["Slice+1","FlurryOfBlows","Consecrate"],"picked":"SKIP","floor":47},{"not_picked":["Protect+1","Cloak And Dagger+1"],"picked":"EmptyMind+1","floor":48}],"player_experience":168240,"relics_obtained":[{"floor":9,"key":"Happy Flower"},{"floor":17,"key":"StrikeDummy"},{"floor":17,"key":"Pen Nib"},{"floor":17,"key":"Old Coin"},{"floor":23,"key":"Toy Ornithopter"},{"floor":25,"key":"Necronomicon"},{"floor":26,"key":"Pantograph"},{"floor":31,"key":"MealTicket"},{"floor":40,"key":"Omamori"},{"floor":40,"key":"Strawberry"},{"floor":43,"key":"Oddly Smooth Stone"},{"floor":44,"key":"Anchor"},{"floor":44,"key":"Toxic Egg 2"}],"event_choices":[{"damage_healed":0,"gold_gain":0,"player_choice":"Donut","damage_taken":0,"max_hp_gain":5,"max_hp_loss":0,"event_name":"Big Fish","floor":4,"gold_loss":0},{"damage_healed":0,"gold_gain":30,"player_choice":"Searched \u00273\u0027 times","damage_taken":0,"relics_obtained":["CeramicFish"],"max_hp_gain":0,"max_hp_loss":0,"event_name":"Dead Adventurer","floor":7,"gold_loss":0},{"damage_healed":0,"gold_gain":0,"player_choice":"Grow","damage_taken":0,"max_hp_gain":0,"max_hp_loss":0,"event_name":"Living Wall","floor":12,"gold_loss":0,"cards_upgraded":["Sanctity"]},{"cards_removed":["Phantasmal Killer"],"damage_healed":0,"gold_gain":0,"player_choice":"Take \u0026 Give","damage_taken":0,"max_hp_gain":0,"max_hp_loss":0,"event_name":"betterNote:BetterNote","floor":19,"gold_loss":0,"cards_obtained":["DeusExMachina"]},{"damage_healed":0,"gold_gain":0,"player_choice":"Obtained Book","damage_taken":16,"max_hp_gain":0,"max_hp_loss":0,"event_name":"Cursed Tome","floor":25,"gold_loss":0},{"damage_healed":0,"gold_gain":0,"player_choice":"Ignored","damage_taken":0,"max_hp_gain":0,"max_hp_loss":0,"event_name":"The Mausoleum","floor":30,"gold_loss":0},{"damage_healed":0,"gold_gain":0,"player_choice":"Max HP","damage_taken":0,"max_hp_gain":0,"max_hp_loss":4,"event_name":"Winding Halls","floor":37,"gold_loss":0},{"damage_healed":68,"gold_gain":0,"player_choice":"Heal","damage_taken":0,"max_hp_gain":0,"max_hp_loss":10,"event_name":"The Moai Head","floor":41,"gold_loss":0},{"damage_healed":0,"gold_gain":0,"player_choice":"Memory 1","damage_taken":0,"max_hp_gain":0,"max_hp_loss":0,"event_name":"SensoryStone","floor":45,"gold_loss":0}],"is_beta":false,"boss_relics":[{"not_picked":["WristBlade","Busted Crown"],"picked":"Calling Bell"},{"not_picked":["Velvet Choker","Ring of the Serpent"],"picked":"Black Star"}],"items_purged_floors":[20],"is_endless":false,"potions_floor_spawned":[3,8,11,14,21,27,31,39,44,47,48],"ascension_level":0}}