{"host":"i6fsgsx2qwsg1do0","time":1611627405,"event":{"mods":["BaseMod","Colored Powertips","Conspire","Downfall","Hubris","Infinite Spire","Minty Spire (QoL Compilation)","Replay The Spire","StSLib","vexMod"],"gold_per_floor":[110,17,117,137,212,242,242,242,242,242,242],"floor_reached":10,"language":"ENG","playtime":574,"items_purged":[],"score":90,"play_id":"aea486fa-9711-4e89-9f45-1d670a98137b","local_time":"20210125211645","is_ascension_mode":true,"campfire_choices":[{"data":"Bane","floor":7,"key":"SMITH"}],"circlet_count":0,"master_deck":["Strike_G","Strike_G","Strike_G","Strike_G","Strike_G","Defend_G","Defend_G","Defend_G","Defend_G","Survivor+1","Neutralize","Bane+1","Poisoned Stab","PiercingWail","Bouncing Flask"],"relics":["Ring of the Snake","infinitespire:PuzzleCube","The Courier"],"acts_visited":["Exordium"],"potions_floor_usage":[10],"damage_taken":[{"damage":1,"enemies":"Cultist","floor":1,"turns":4},{"damage":0,"enemies":"conspire:RoseBush","floor":4,"turns":4},{"damage":7,"enemies":"Lagavulin","floor":6,"turns":5},{"damage":52,"enemies":"3 Sentries","floor":10,"turns":8}],"seed_played":"4905591461803028593","potions_obtained":[{"floor":4,"key":"sneckomod:MuddlingPotion"}],"is_trial":false,"path_per_floor":["M","$","?","M","?","E","R","?","T","E"],"character_chosen":"THE_SILENT","items_purchased":["Poisoned Stab","PiercingWail"],"campfire_rested":0,"item_purchase_floors":[2,2],"current_hp_per_floor":[62,62,62,62,51,44,44,44,44,0,0],"gold":242,"neow_bonus":"REMOVE_CARD","is_daily":false,"chose_seed":false,"campfire_upgraded":1,"win_rate":0.0,"timestamp":1611627405,"path_taken":["M","?","?","?","?","E","R","?","T","E"],"items_purchased_type":["Card","Card"],"build_version":"2020-12-22","purchased_purges":0,"victory":false,"max_hp_per_floor":[70,70,70,70,70,70,70,70,70,70,70],"card_choices":[{"not_picked":["Flying Knee","Dagger Spray"],"picked":"Bane","floor":1},{"not_picked":["Acrobatics","PiercingWail"],"picked":"Bouncing Flask","floor":4},{"not_picked":["Eviscerate","All Out Attack","Sucker Punch"],"picked":"SKIP","floor":6}],"player_experience":330387,"relics_obtained":[{"floor":6,"key":"infinitespire:PuzzleCube"},{"floor":9,"key":"The Courier"}],"event_choices":[{"damage_healed":0,"gold_gain":100,"player_choice":"Pray","damage_taken":0,"max_hp_gain":0,"max_hp_loss":0,"event_name":"Golden Shrine","floor":3,"gold_loss":0},{"damage_healed":0,"gold_gain":75,"player_choice":"Gather Gold","damage_taken":11,"max_hp_gain":0,"max_hp_loss":0,"event_name":"World of Goop","floor":5,"gold_loss":0},{"damage_healed":0,"gold_gain":0,"player_choice":"Upgraded","damage_taken":0,"max_hp_gain":0,"max_hp_loss":0,"event_name":"Upgrade Shrine","floor":8,"gold_loss":0,"cards_upgraded":["Survivor"]}],"is_beta":false,"boss_relics":[],"items_purged_floors":[],"is_endless":false,"potions_floor_spawned":[4],"killed_by":"3 Sentries","ascension_level":8}}