{"host":"April","time":1611645944,"event":{"mods":["BaseMod","Minty Spire (QoL Compilation)"],"gold_per_floor":[116,133,143,51,51,80,80,106,185,197,221,13,23,42,42,141,141,141,141],"floor_reached":18,"language":"ENG","playtime":985,"items_purged":[],"score":183,"play_id":"1edbe21d-5a6d-4485-bf17-4e658392e052","local_time":"20210125232544","is_ascension_mode":true,"campfire_choices":[{"floor":15.0,"key":"REST"}],"circlet_count":0,"master_deck":["Strike_B","Strike_B","Strike_B","Strike_B","Defend_B","Defend_B","Defend_B","Defend_B","Zap","Dualcast","Beam Cell","Undo","Darkness","Rip and Tear","Rebound","Glacier","Ball Lightning","Coolheaded","Conserve Battery","Steam Power","Hologram","Seek","Reboot"],"relics":["Cracked Core","Dream Catcher","Thread and Needle","CultistMask","Toy Ornithopter","Symbiotic Virus","Regal Pillow","Happy Flower","SlaversCollar"],"acts_visited":["Exordium","TheCity"],"potions_floor_usage":[],"damage_taken":[{"damage":6.0,"enemies":"Cultist","floor":1.0,"turns":3.0},{"damage":6.0,"enemies":"Jaw Worm","floor":2.0,"turns":2.0},{"damage":0.0,"enemies":"Small Slimes","floor":3.0,"turns":3.0},{"damage":22.0,"enemies":"Gremlin Nob","floor":6.0,"turns":4.0},{"damage":1.0,"enemies":"Lagavulin","floor":8.0,"turns":6.0},{"damage":0.0,"enemies":"Gremlin Gang","floor":10.0,"turns":5.0},{"damage":2.0,"enemies":"Exordium Wildlife","floor":13.0,"turns":3.0},{"damage":0.0,"enemies":"Exordium Thugs","floor":14.0,"turns":4.0},{"damage":4.0,"enemies":"The Guardian","floor":16.0,"turns":13.0},{"damage":0.0,"enemies":"Chosen","floor":18.0,"turns":4.0}],"seed_played":"-4249530778493043529","potions_obtained":[{"floor":8.0,"key":"PowerPotion"},{"floor":10.0,"key":"Fire Potion"},{"floor":13.0,"key":"Energy Potion"},{"floor":16.0,"key":"FairyPotion"}],"is_trial":false,"path_per_floor":["M","M","M","$","?","E","?","E","T","M","T","$","M","M","R","B",null,"M"],"character_chosen":"DEFECT","items_purchased":["Rip and Tear","Rebound","Happy Flower","Conserve Battery"],"campfire_rested":1,"item_purchase_floors":[4,4,12,12],"current_hp_per_floor":[69,63,63,63,63,41,41,40,40,40,40,40,38,38,75,71,75,75,75],"gold":141,"neow_bonus":"RANDOM_COMMON_RELIC","is_daily":false,"chose_seed":false,"campfire_upgraded":0,"win_rate":0.0,"timestamp":1611645944,"path_taken":["M","M","?","$","?","E","?","E","T","?","?","?","M","?","R","BOSS","M"],"items_purchased_type":["Card","Card","Relic","Card"],"build_version":"2020-12-18","purchased_purges":0,"victory":false,"max_hp_per_floor":[75,75,75,75,75,75,75,75,75,75,75,75,75,75,75,75,75,75,75],"card_choices":[{"not_picked":["Redo","Coolheaded"],"picked":"Beam Cell","floor":1.0},{"not_picked":["Chill","Auto Shields"],"picked":"Undo","floor":2.0},{"not_picked":["Tempest","Redo"],"picked":"Darkness","floor":3.0},{"not_picked":["Darkness","Stack"],"picked":"Glacier","floor":6.0},{"not_picked":["Stack","Steam"],"picked":"Ball Lightning","floor":8.0},{"not_picked":["Gash","Redo"],"picked":"Coolheaded","floor":10.0},{"not_picked":["Stack","Hologram"],"picked":"Steam Power","floor":13.0},{"not_picked":["Reprogram","Sweeping Beam"],"picked":"Hologram","floor":14.0},{"not_picked":["Hologram","Coolheaded"],"picked":"Seek","floor":15.0},{"not_picked":["Amplify","Seek"],"picked":"Reboot","floor":16.0}],"player_experience":2610829,"relics_obtained":[{"floor":6.0,"key":"Thread and Needle"},{"floor":8.0,"key":"Toy Ornithopter"},{"floor":9.0,"key":"Symbiotic Virus"},{"floor":11.0,"key":"Regal Pillow"}],"event_choices":[{"damage_healed":0.0,"max_hp_gain":0.0,"max_hp_loss":0.0,"gold_gain":0.0,"event_name":"Golden Wing","player_choice":"Ignored","floor":5.0,"gold_loss":0.0,"damage_taken":0.0},{"damage_healed":0.0,"max_hp_gain":0.0,"max_hp_loss":0.0,"gold_gain":0.0,"event_name":"FaceTrader","player_choice":"Trade","floor":7.0,"gold_loss":0.0,"damage_taken":0.0,"relics_obtained":["CultistMask"]}],"is_beta":true,"boss_relics":[{"not_picked":["SacredBark","Tiny House"],"picked":"SlaversCollar"}],"items_purged_floors":[],"is_endless":false,"potions_floor_spawned":[8,10,13,16,18],"killed_by":"Chosen","ascension_level":1}}