{"host":"ajzb762wgznenkzt","time":1611655025,"event":{"mods":["Act Like it!","Arknights The Spire","BaseMod","CapriCore","Gensokyo","Hallownest","HololiveMod","Koishi","Minty Spire (QoL Compilation)","Quick Restart","Remilia£®¿Ÿ√◊¿Ú—«£©","Replay The Spire","Shop Mod","StSLib","The Bug Knight","The Immortal"],"gold_per_floor":[112,112,126,126,126,160,160,193,245,245,255,282,130,143,143,242,242,262,262,478,478,489,489,501,536,563,563,523,536,536,134,134,237,237,252,463,463,480,498,526,526,544,617,617,617,630,360,380,380,380],"floor_reached":51,"language":"ZHS","playtime":2987,"items_purged":["ats:Strike C"],"score":773,"play_id":"f8cdd533-7e70-4a44-945b-26ec96e4d818","local_time":"20210126175705","is_ascension_mode":true,"campfire_choices":[{"data":"ats:Overload","floor":7,"key":"SMITH"},{"data":"ats:Sashimi Platter","floor":10,"key":"SMITH"},{"data":"ats:Emotion Absorption","floor":15,"key":"SMITH"},{"data":"ats:Dogmatic Field","floor":23,"key":"SMITH"},{"data":"ats:Calcification","floor":27,"key":"SMITH"},{"floor":32,"key":"DIG"},{"floor":41,"key":"REST"},{"floor":44,"key":"RECALL"}],"circlet_count":0,"master_deck":["ats:Defend","ats:Defend","ats:Ignite","ats:Overload+1","ats:Sashimi Platter+1","ats:Flame Of Heaven","ats:Dogmatic Field+1","ats:Curse Doll+1","ats:Calcification+1","ats:Assault Order+1","ats:Overload","Gensokyo:MissMary","ats:Volcano+1","ats:Flexible Camouflage","ats:Red Shift","Gensokyo:RPG","ats:Charging Defense","ats:Absolute Focus+1"],"relics":["ats:Sanity","NeowsBlessing","ats:Originium","Nunchaku","ats:Ability Aura","ReplayFunnel","Replay:Rubber Ducky","MealTicket","SlaversCollar","HollowMod:QueensCombRelic","Torii","ats:Rhine Circuitry","Potion Belt","Fusion Hammer","Hololive_LightStick","TungstenRod","Bird Faced Urn","Replay:Bottled Steam","ClockworkSouvenir"],"acts_visited":["Gensokyo:Gensokyo","Gensokyo:Gensokyoer","Gensokyo:Gensokyoest"],"potions_floor_usage":[8,16,22,24,25,33,40,50,50,50],"damage_taken":[{"damage":0,"enemies":"Gensokyo:3_Fairies","floor":1,"turns":1},{"damage":0,"enemies":"Gensokyo:Gryphon","floor":3,"turns":1},{"damage":0,"enemies":"Gensokyo:Mamizou","floor":6,"turns":2},{"damage":12,"enemies":"Gensokyo:Cirno","floor":8,"turns":4},{"damage":6,"enemies":"Gensokyo:2_Kodama","floor":11,"turns":2},{"damage":9,"enemies":"Gensokyo:Aya","floor":12,"turns":3},{"damage":12,"enemies":"Gensokyo:Kitsune","floor":14,"turns":2},{"damage":30,"enemies":"Gensokyo:Reimu","floor":16,"turns":10},{"damage":26,"enemies":"Gensokyo:2_Gloops","floor":18,"turns":5},{"damage":58,"enemies":"Gensokyo:AngelMirror","floor":20,"turns":9},{"damage":63,"enemies":"Gensokyo:Slime_Group","floor":22,"turns":6},{"damage":73,"enemies":"Gensokyo:Monolith_and_Dog","floor":24,"turns":9},{"damage":63,"enemies":"Gensokyo:Koishi","floor":25,"turns":8},{"damage":31,"enemies":"Gensokyo:Wraith","floor":29,"turns":4},{"damage":145,"enemies":"Gensokyo:Kaguya","floor":33,"turns":11},{"damage":56,"enemies":"Gensokyo:AncientGuardian","floor":35,"turns":6},{"damage":0,"enemies":"Gensokyo:3_Bats","floor":36,"turns":5},{"damage":13,"enemies":"Gensokyo:SeedOfUnknown","floor":38,"turns":5},{"damage":23,"enemies":"Gensokyo:4_Bats","floor":39,"turns":6},{"damage":95,"enemies":"Gensokyo:Marisa","floor":40,"turns":7},{"damage":7,"enemies":"Gensokyo:Rafflesia","floor":42,"turns":5},{"damage":0,"enemies":"Gensokyo:3_Boulders","floor":46,"turns":4},{"damage":0,"enemies":"Gensokyo:Dusk_and_Dawn","floor":48,"turns":3},{"damage":116,"enemies":"Gensokyo:Scarlet_Devils","floor":50,"turns":11}],"seed_played":"8718159066759052017","potions_obtained":[{"floor":1,"key":"AttackPotion"},{"floor":6,"key":"FairyPotion"},{"floor":8,"key":"Adrenaline Potion"},{"floor":16,"key":"SkillPotion"},{"floor":20,"key":"LiquidMemories"},{"floor":22,"key":"LiquidMemories"},{"floor":29,"key":"SkillPotion"},{"floor":35,"key":"Strength Potion"},{"floor":39,"key":"Swift Potion"},{"floor":40,"key":"Ancient Potion"}],"is_trial":false,"path_per_floor":["M","$","M","?","?","E","R","E","T","R","M","E","COS","M","R","B",null,"M","?","M","?","M","R","M","E","T","R","?","M","?","COS","R","B",null,"M","M","?","M","M","E","R","M","T","R","?","M","$","M","R","B",null],"character_chosen":"DOCTOR_CLASS","items_purchased":["ClockworkSouvenir","SteroidPotion"],"campfire_rested":1,"item_purchase_floors":[47,47],"current_hp_per_floor":[72,72,72,72,44,44,44,32,32,32,35,48,48,45,45,42,72,52,52,60,60,34,34,38,22,22,22,22,30,30,30,30,33,48,20,48,48,48,48,16,30,48,48,48,48,48,48,48,48,48],"gold":380,"neow_bonus":"THREE_ENEMY_KILL","is_daily":false,"chose_seed":false,"campfire_upgraded":5,"win_rate":0.0,"timestamp":1611655025,"path_taken":["M","$","M","?","?","E","R","E","T","R","M","E","COS","M","R","BOSS","M","?","M","?","M","R","M","E","T","R","?","?","?","COS","R","BOSS","M","M","?","?","M","E","R","?","T","R","?","M","$","M","R","BOSS"],"items_purchased_type":["Relic","Potion"],"build_version":"2020-12-22","purchased_purges":1,"victory":true,"max_hp_per_floor":[72,72,72,72,72,72,72,72,72,72,72,72,72,72,72,72,72,72,72,72,72,48,48,48,48,48,48,48,48,48,48,48,48,48,48,48,48,48,48,48,48,48,48,48,48,48,48,48,48,48],"card_choices":[{"not_picked":["ats:Leaping Hammer","ats:Guard Mode","ats:Revitalization"],"picked":"SKIP","floor":1},{"not_picked":["ats:Curse Doll","ats:Cat Scratch"],"picked":"ats:Ignite","floor":3},{"not_picked":["ats:Phantom","ats:Shell Defense"],"picked":"ats:Overload","floor":6},{"not_picked":["ats:Absolute Focus","ats:Part Time Job"],"picked":"ats:Sashimi Platter","floor":8},{"not_picked":["ats:Very Hot Blade","ats:Shell Defense"],"picked":"ats:Flame Of Heaven","floor":11},{"not_picked":["ats:Sword Rain","ats:Revitalization","ats:Part Time Job"],"picked":"SKIP","floor":12},{"not_picked":["ats:Consecutive Shot Auto","ats:Ignite","ats:Cat Scratch"],"picked":"SKIP","floor":14},{"not_picked":["ats:Fractured Body","ats:Roar Of Ursus"],"picked":"ats:Dogmatic Field","floor":16},{"not_picked":["ats:Explosion Area Strengthen+1","ats:Curse Doll","ats:Directed Diagnosis+1"],"picked":"SKIP","floor":18},{"not_picked":["ats:Explosion Area Strengthen+1","ats:Curse Doll","ats:Directed Diagnosis+1"],"picked":"SKIP","floor":18},{"not_picked":["ats:Explosion Area Strengthen+1","ats:Directed Diagnosis+1"],"picked":"ats:Curse Doll","floor":18},{"not_picked":["ats:Leaping Hammer","ats:Closed Bolt Burst Fire"],"picked":"ats:Assault Order+1","floor":20},{"not_picked":["ats:Blood Oath","ats:Ignite+1","ats:Revitalization"],"picked":"SKIP","floor":22},{"not_picked":["ats:Thorns","ats:Guardian Obelisk","ats:Cat Scratch+1"],"picked":"SKIP","floor":24},{"not_picked":["ats:Explosion Area Strengthen","ats:Assault Order","ats:Leaping Hammer"],"picked":"SKIP","floor":25},{"not_picked":["ats:Explosion Area Strengthen","ats:Assault Order","ats:Leaping Hammer"],"picked":"SKIP","floor":25},{"not_picked":["ats:Hook Shot","ats:Cat Scratch"],"picked":"ats:Overload","floor":29},{"not_picked":["ats:True Silver Slash","ats:Soul Rend"],"picked":"ats:Volcano","floor":33},{"not_picked":["ats:Apocalypse","ats:Explosion Area Strengthen+1"],"picked":"ats:Flexible Camouflage","floor":35},{"not_picked":["ats:Apocalypse","ats:Curse Doll","ats:Cat Scratch+1"],"picked":"SKIP","floor":36},{"not_picked":["ats:Shell Defense","ats:Revitalization","ats:Spore Proliferation+1"],"picked":"SKIP","floor":38},{"not_picked":["ats:Encircling Forest+1","ats:Shadow Raid","ats:Cat Scratch"],"picked":"SKIP","floor":39},{"not_picked":["ats:Soul Absorption+1","ats:Guardian Obelisk","ats:Rat Pack"],"picked":"SKIP","floor":40},{"not_picked":["ats:Powerful Strike","ats:Soul Absorption"],"picked":"ats:Red Shift","floor":42},{"not_picked":["ats:Hammer On+1","ats:Cat Scratch"],"picked":"ats:Charging Defense","floor":46},{"not_picked":["ats:Explosion Area Strengthen","ats:Revitalization+1"],"picked":"ats:Absolute Focus+1","floor":48}],"player_experience":782362,"relics_obtained":[{"floor":6,"key":"ats:Originium"},{"floor":6,"key":"Nunchaku"},{"floor":8,"key":"ats:Originium"},{"floor":8,"key":"ats:Ability Aura"},{"floor":9,"key":"ReplayFunnel"},{"floor":12,"key":"ats:Originium"},{"floor":12,"key":"Replay:Rubber Ducky"},{"floor":25,"key":"ats:Originium"},{"floor":25,"key":"Torii"},{"floor":26,"key":"ats:Rhine Circuitry"},{"floor":32,"key":"Potion Belt"},{"floor":40,"key":"Bird Faced Urn"},{"floor":43,"key":"Replay:Bottled Steam"}],"event_choices":[],"is_beta":false,"boss_relics":[{"not_picked":["Busted Crown","ReplayTheSpireMod:DimensionalGlitch"],"picked":"SlaversCollar"},{"not_picked":["ats:Sanity Plus","Replay:Drink Me"],"picked":"Fusion Hammer"}],"items_purged_floors":[47],"is_endless":false,"potions_floor_spawned":[1,6,8,16,20,22,29,35,39,40],"ascension_level":1}}