{"host":"s5d39dhq0ddhxhke","time":1611650291,"event":{"mods":["AchievementEnabler","BaseMod","Colored Map","Minty Spire (QoL Compilation)","SuperFastMode"],"gold_per_floor":[118,43,59,70,70,108,108,147,173,187,187,38,38,77,77,172,472,486,411,411,40,40,84,34,70,70,113,129,144,144,160,160,249,249,272,272,287,287,300,300,313,333,357,357,109,109,59,139,139,139,139],"floor_reached":50,"language":"ENG","playtime":1552,"items_purged":["Strike_R","Strike_R","Defend_R","Defend_R"],"score":978,"play_id":"bf54d525-4497-432e-9c3b-0e0956a3a3e8","local_time":"20210126103811","is_ascension_mode":true,"campfire_choices":[{"floor":7.0,"key":"REST"},{"floor":11.0,"key":"REST"},{"floor":13.0,"key":"REST"},{"data":"Immolate","floor":15.0,"key":"SMITH"},{"floor":30.0,"key":"REST"},{"floor":32.0,"key":"REST"},{"floor":40.0,"key":"REST"},{"floor":44.0,"key":"REST"},{"data":"Fire Breathing","floor":49.0,"key":"SMITH"}],"circlet_count":0,"master_deck":["AscendersBane","Defend_R+1","Bash","Pommel Strike","Sword Boomerang","Shrug It Off","Immolate+1","CurseOfTheBell","Fire Breathing+1","Pummel+1","Inflame","Infernal Blade+1","Shrug It Off+1","Infernal Blade+1","Double Tap+1","Flex+1","Second Wind+1","Metallicize","Inflame"],"relics":["Black Star","Golden Idol","Bag of Marbles","Nunchaku","War Paint","Sundial","Toy Ornithopter","PreservedInsect","Smiling Mask","Question Card","Calling Bell","Old Coin","Ornamental Fan","Art of War","MealTicket","MutagenicStrength","Pear","Vajra","Regal Pillow","The Courier","Red Skull","Lantern","Toxic Egg 2","Mark of Pain","Oddly Smooth Stone","Mercury Hourglass","Bottled Tornado"],"acts_visited":["Exordium","TheCity","TheBeyond"],"potions_floor_usage":[50,50],"damage_taken":[{"damage":7.0,"enemies":"2 Louse","floor":1.0,"turns":4.0},{"damage":6.0,"enemies":"Jaw Worm","floor":3.0,"turns":5.0},{"damage":4.0,"enemies":"Small Slimes","floor":4.0,"turns":3.0},{"damage":41.0,"enemies":"Gremlin Nob","floor":6.0,"turns":5.0},{"damage":24.0,"enemies":"Lagavulin","floor":8.0,"turns":5.0},{"damage":0.0,"enemies":"Looter","floor":10.0,"turns":3.0},{"damage":4.0,"enemies":"3 Sentries","floor":14.0,"turns":4.0},{"damage":20.0,"enemies":"Slime Boss","floor":16.0,"turns":7.0},{"damage":22.0,"enemies":"Spheric Guardian","floor":18.0,"turns":4.0},{"damage":34.0,"enemies":"Slavers","floor":23.0,"turns":2.0},{"damage":9.0,"enemies":"Gremlin Leader","floor":25.0,"turns":4.0},{"damage":14.0,"enemies":"Book of Stabbing","floor":27.0,"turns":3.0},{"damage":0.0,"enemies":"Shell Parasite","floor":28.0,"turns":2.0},{"damage":0.0,"enemies":"Centurion and Healer","floor":29.0,"turns":2.0},{"damage":24.0,"enemies":"Snake Plant","floor":31.0,"turns":2.0},{"damage":58.0,"enemies":"Automaton","floor":33.0,"turns":12.0},{"damage":0.0,"enemies":"Orb Walker","floor":35.0,"turns":1.0},{"damage":13.0,"enemies":"3 Darklings","floor":37.0,"turns":3.0},{"damage":30.0,"enemies":"Jaw Worm Horde","floor":39.0,"turns":3.0},{"damage":15.0,"enemies":"Spire Growth","floor":41.0,"turns":3.0},{"damage":17.0,"enemies":"4 Shapes","floor":42.0,"turns":5.0},{"damage":109,"enemies":"Time Eater","floor":50,"turns":6}],"seed_played":"7517263310129698868","potions_obtained":[{"floor":4.0,"key":"SpeedPotion"},{"floor":6.0,"key":"AttackPotion"},{"floor":8.0,"key":"Weak Potion"},{"floor":18.0,"key":"LiquidBronze"},{"floor":23.0,"key":"SkillPotion"},{"floor":31.0,"key":"HeartOfIron"},{"floor":35.0,"key":"DuplicationPotion"},{"floor":39.0,"key":"SkillPotion"},{"floor":42.0,"key":"BloodPotion"}],"is_trial":false,"path_per_floor":["M","?","M","M","?","E","R","E","T","M","R","$","R","E","R","B",null,"M","?","?","$","?","E","$","E","T","E","M","M","R","M","R","B",null,"M","?","M","?","M","R","M","M","T","R","$","?","$","T","R","B"],"character_chosen":"IRONCLAD","items_purchased":["PreservedInsect","MealTicket","Fire Breathing","HeartOfIron","Mercury Hourglass"],"campfire_rested":7,"item_purchase_floors":[12,21,21,21,45],"current_hp_per_floor":[61,61,55,51,51,10,30,6,6,11,31,31,51,47,47,32,59,37,37,37,37,37,18,33,29,29,15,15,15,53,29,67,19,63,63,63,50,50,20,57,47,30,30,67,74,74,74,74,74,0,0],"gold":139,"neow_bonus":"BOSS_RELIC","is_daily":false,"chose_seed":false,"campfire_upgraded":2,"win_rate":0.0,"timestamp":1611650291,"path_taken":["M","?","M","M","?","E","R","E","T","M","R","$","R","E","R","BOSS","M","?","?","$","?","E","$","E","T","E","M","M","R","M","R","BOSS","M","?","M","?","M","R","M","M","T","R","$","?","$","?","R","BOSS"],"items_purchased_type":["Relic","Relic","Card","Potion","Relic"],"build_version":"2020-12-22","purchased_purges":4,"victory":false,"max_hp_per_floor":[75,75,75,75,68,68,68,68,68,68,68,68,68,68,68,68,68,68,68,68,68,68,78,78,78,78,78,78,78,78,78,78,78,78,78,74,74,74,74,74,74,74,74,74,74,74,74,74,74,74,74],"card_choices":[{"not_picked":["Battle Trance","Sword Boomerang"],"picked":"Pommel Strike","floor":1.0},{"not_picked":["Dropkick","Sword Boomerang","Second Wind"],"picked":"SKIP","floor":3.0},{"not_picked":["Dropkick","Second Wind"],"picked":"Sword Boomerang","floor":3.0},{"not_picked":["Pommel Strike","Twin Strike","Searing Blow"],"picked":"SKIP","floor":4.0},{"not_picked":["Rupture","Sentinel"],"picked":"Shrug It Off","floor":6.0},{"not_picked":["Heavy Blade","Pummel"],"picked":"Immolate","floor":8.0},{"not_picked":["Entrench","Havoc","Evolve"],"picked":"SKIP","floor":10.0},{"not_picked":["Armaments","Shockwave","Anger"],"picked":"SKIP","floor":14.0},{"not_picked":["Clothesline","Rage","Iron Wave","Twin Strike"],"picked":"SKIP","floor":18.0},{"not_picked":["Disarm","Dual Wield","Barricade"],"picked":"Pummel+1","floor":23.0},{"not_picked":["Heavy Blade","Hemokinesis","Clash","Flex+1"],"picked":"SKIP","floor":25.0},{"not_picked":["Headbutt","Bloodletting+1","Clash"],"picked":"Inflame","floor":27.0},{"not_picked":["Warcry+1","Shockwave+1","Twin Strike"],"picked":"Infernal Blade+1","floor":28.0},{"not_picked":["Perfected Strike","Headbutt","Havoc+1"],"picked":"Shrug It Off+1","floor":29.0},{"not_picked":["Evolve","Sentinel+1","Searing Blow+1"],"picked":"Infernal Blade+1","floor":31.0},{"not_picked":["Reaper","Immolate","Impervious+1"],"picked":"Double Tap+1","floor":33.0},{"not_picked":["Sword Boomerang","Pommel Strike","Fire Breathing"],"picked":"Flex+1","floor":35.0},{"not_picked":["Rampage","Headbutt","Armaments+1","Body Slam+1"],"picked":"SKIP","floor":37.0},{"not_picked":["Shrug It Off+1","Pommel Strike","Iron Wave"],"picked":"Second Wind+1","floor":39.0},{"not_picked":["Perfected Strike","Entrench+1","Clothesline"],"picked":"Metallicize","floor":41.0},{"not_picked":["Metallicize","Perfected Strike","Double Tap+1"],"picked":"Inflame","floor":42.0}],"player_experience":462510,"relics_obtained":[{"floor":6.0,"key":"Bag of Marbles"},{"floor":6.0,"key":"Nunchaku"},{"floor":8.0,"key":"War Paint"},{"floor":8.0,"key":"Sundial"},{"floor":9.0,"key":"Toy Ornithopter"},{"floor":14.0,"key":"Smiling Mask"},{"floor":14.0,"key":"Question Card"},{"floor":17.0,"key":"Old Coin"},{"floor":17.0,"key":"Ornamental Fan"},{"floor":17.0,"key":"Art of War"},{"floor":23.0,"key":"Pear"},{"floor":23.0,"key":"Vajra"},{"floor":25.0,"key":"Regal Pillow"},{"floor":25.0,"key":"The Courier"},{"floor":26.0,"key":"Red Skull"},{"floor":27.0,"key":"Lantern"},{"floor":27.0,"key":"Toxic Egg 2"},{"floor":43.0,"key":"Oddly Smooth Stone"},{"floor":48.0,"key":"Bottled Tornado"}],"event_choices":[{"cards_removed":["Strike_R"],"damage_healed":0.0,"max_hp_gain":0.0,"max_hp_loss":0.0,"gold_gain":0.0,"event_name":"The Cleric","player_choice":"Card Removal","floor":2.0,"gold_loss":75.0,"damage_taken":0.0},{"damage_healed":0.0,"max_hp_gain":0.0,"max_hp_loss":7.0,"gold_gain":0.0,"event_name":"Golden Idol","player_choice":"Lose Max HP","floor":5.0,"gold_loss":0.0,"damage_taken":0.0,"relics_obtained":["Golden Idol"]},{"cards_removed":["Strike_R"],"damage_healed":0.0,"max_hp_gain":0.0,"max_hp_loss":0.0,"gold_gain":0.0,"event_name":"Beggar","player_choice":"Gave Gold","floor":19.0,"gold_loss":75.0,"damage_taken":0.0},{"cards_removed":["Strike_R"],"damage_healed":0.0,"max_hp_gain":0.0,"max_hp_loss":0.0,"gold_gain":0.0,"event_name":"Back to Basics","player_choice":"Elegance","floor":20.0,"gold_loss":0.0,"damage_taken":0.0},{"damage_healed":0.0,"max_hp_gain":0.0,"max_hp_loss":0.0,"gold_gain":0.0,"event_name":"Drug Dealer","player_choice":"Inject Mutagens","floor":22.0,"gold_loss":0.0,"damage_taken":0.0,"relics_obtained":["MutagenicStrength"]},{"damage_healed":0.0,"max_hp_gain":0.0,"max_hp_loss":4.0,"gold_gain":0.0,"event_name":"Winding Halls","player_choice":"Max HP","floor":36.0,"gold_loss":0.0,"damage_taken":0.0},{"cards_removed":["Defend_R"],"damage_healed":0.0,"max_hp_gain":0.0,"max_hp_loss":0.0,"gold_gain":0.0,"event_name":"Falling","player_choice":"Removed Skill","floor":38.0,"gold_loss":0.0,"damage_taken":0.0},{"damage_healed":0.0,"max_hp_gain":0.0,"max_hp_loss":0.0,"gold_gain":0.0,"event_name":"Tomb of Lord Red Mask","player_choice":"Ignored","floor":46.0,"gold_loss":0.0,"damage_taken":0.0}],"is_beta":false,"boss_relics":[{"not_picked":["Pandora\u0027s Box","Tiny House"],"picked":"Calling Bell"},{"not_picked":["Fusion Hammer","Empty Cage"],"picked":"Mark of Pain"}],"items_purged_floors":[21,24,45,47],"is_endless":false,"potions_floor_spawned":[4,6,8,18,23,31,35,39,42],"killed_by":"Time Eater","ascension_level":15}}