{"host":"w97dq1whmpm6b2tc","time":1611677952,"event":{"mods":["BaseMod","Downfall","Minty Spire (QoL Compilation)","StSLib"],"gold_per_floor":[0,11,26,26,44,44,92,121,133,162,162,192,192,211,227,299,299,199,210,227,227,137,237,264,62,88,23,23,57,82,100,118,191,191,91,311,336,17,32,32,32,48,65,96,96,113,142,158,170,170],"floor_reached":51,"language":"ENG","playtime":6662,"items_purged":["Slimebound:Strike_Slimebound","Slimebound:Defend_Slimebound","Slimebound:Defend_Slimebound","Slimebound:Defend_Slimebound"],"score":1709,"play_id":"3a215e2f-4e6c-46c0-92d2-b070cf5a5d98","local_time":"20210126181912","is_ascension_mode":true,"campfire_choices":[{"floor":1.0,"key":"RECALL"},{"data":"Slimebound:LeechEnergy","floor":18.0,"key":"SMITH"},{"data":"Slimebound:LeechEnergy","floor":28.0,"key":"SMITH"},{"data":"Slimebound:LeechEnergy","floor":35.0,"key":"SMITH"},{"data":"Slimebound:SamplingLick","floor":40.0,"key":"SMITH"},{"data":"Slimebound:CorrosiveSpit","floor":45.0,"key":"SMITH"}],"circlet_count":0,"master_deck":["AscendersBane","Slimebound:Tackle+1","Slimebound:Defend_Slimebound+1","Slimebound:Split+1","Slimebound:CorrosiveSpit+1","Slimebound:LeechEnergy+1","Slimebound:Gluttony","Slimebound:RejuvenatingLick","Slimebound:SamplingLick+1","Slimebound:SplitMire","Slimebound:Schlurp","Slimebound:LeechingTouch","Slimebound:SpikyOuterGoop","Slimebound:LeechLife","Slimebound:LeechEnergy+1","Slimebound:Replication","Slimebound:LevelUp","Slimebound:Repurpose","Slimebound:LeechEnergy+1","Slimebound:OozeBath","Slimebound:SpikyOuterGoop"],"relics":["Slimebound:AbsorbEndCombat","Thread and Needle","Bag of Marbles","Akabeko","Potion Belt","Blue Candle","SlaversCollar","downfall:HeartBlessingRed","Turnip","Meat on the Bone","Tiny Chest","champ:DuelingGlove","hexamod:BolsterEngine","Empty Cage","downfall:HeartBlessingBlue","Art of War","Slimebound:AggressiveSlimeRelic","Bottled Flame","Smiling Mask","Nunchaku"],"acts_visited":["Exordium","TheCity","TheBeyond"],"potions_floor_usage":[50,50,50],"damage_taken":[{"damage":0.0,"enemies":"Cultist","floor":2.0,"turns":4.0},{"damage":3.0,"enemies":"Small Slimes","floor":3.0,"turns":4.0},{"damage":3.0,"enemies":"2 Louse","floor":5.0,"turns":1.0},{"damage":40.0,"enemies":"Gremlin Nob","floor":8.0,"turns":4.0},{"damage":8.0,"enemies":"Large Slime","floor":9.0,"turns":4.0},{"damage":17.0,"enemies":"3 Sentries","floor":10.0,"turns":6.0},{"damage":0.0,"enemies":"Lagavulin","floor":12.0,"turns":4.0},{"damage":0.0,"enemies":"Exordium Wildlife","floor":14.0,"turns":3.0},{"damage":5.0,"enemies":"Blue Slaver","floor":15.0,"turns":3.0},{"damage":30.0,"enemies":"DF_ARCHETYPE_STREAMLINE","floor":16.0,"turns":8.0},{"damage":8.0,"enemies":"Shell Parasite","floor":19.0,"turns":5.0},{"damage":43.0,"enemies":"Shelled Parasite and Fungi","floor":20.0,"turns":6.0},{"damage":0.0,"enemies":"downfall:FleeingMerchant","floor":22.0,"turns":4.0},{"damage":17.0,"enemies":"SI_SHIV_ARCHETYPE","floor":23.0,"turns":7.0},{"damage":0.0,"enemies":"downfall:FleeingMerchant","floor":25.0,"turns":4.0},{"damage":30.0,"enemies":"Slavers","floor":26.0,"turns":5.0},{"damage":7.0,"enemies":"downfall:FleeingMerchant","floor":27.0,"turns":4.0},{"damage":20.0,"enemies":"Book of Stabbing","floor":29.0,"turns":5.0},{"damage":7.0,"enemies":"Snake Plant","floor":31.0,"turns":3.0},{"damage":18.0,"enemies":"3 Cultists","floor":32.0,"turns":5.0},{"damage":76.0,"enemies":"IC_MUSHROOM_ARCHETYPE","floor":33.0,"turns":8.0},{"damage":0.0,"enemies":"downfall:FleeingMerchant","floor":36.0,"turns":1.0},{"damage":0.0,"enemies":"3 Shapes","floor":39.0,"turns":4.0},{"damage":13.0,"enemies":"Orb Walker","floor":42.0,"turns":3.0},{"damage":0.0,"enemies":"Maw","floor":43.0,"turns":6.0},{"damage":58.0,"enemies":"Reptomancer","floor":44.0,"turns":6.0},{"damage":0.0,"enemies":"Transient","floor":46.0,"turns":6.0},{"damage":0.0,"enemies":"Giant Head","floor":47.0,"turns":5.0},{"damage":51.0,"enemies":"Writhing Mass","floor":48.0,"turns":4.0},{"damage":9,"enemies":"Jaw Worm Horde","floor":49,"turns":4},{"damage":14,"enemies":"SI_POISON_ARCHETYPE","floor":50,"turns":4}],"seed_played":"8699849910513573260","potions_obtained":[{"floor":5.0,"key":"Slimebound:SlimyTonguePotion"},{"floor":8.0,"key":"BlessingOfTheForge"},{"floor":10.0,"key":"SkillPotion"},{"floor":12.0,"key":"Slimebound:SlimedPotion"},{"floor":20.0,"key":"Block Potion"},{"floor":23.0,"key":"Ancient Potion"},{"floor":26.0,"key":"hexamod:SoulburnPotion"},{"floor":29.0,"key":"Dexterity Potion"},{"floor":42.0,"key":"Weak Potion"},{"floor":47.0,"key":"Slimebound:SlimedPotion"},{"floor":48.0,"key":"FearPotion"},{"floor":49,"key":"BlessingOfTheForge"}],"is_trial":false,"path_per_floor":["R","M","M","?","M","?","T","E","M","E","?","E","?","M","M","B",null,"R","M","M","?","$","?","T","$","E","$","R","E","T","M","M","B",null,"R","$","T","$","M","R","T","M","M","E","R","M","E","M","M","B",null],"character_chosen":"SLIMEBOUND","items_purchased":["Slimebound:LevelUp","Slimebound:LeechEnergy","Slimebound:AggressiveSlimeRelic"],"campfire_rested":0,"item_purchase_floors":[25,27,38],"current_hp_per_floor":[53,59,59,59,56,56,56,24,20,11,11,19,19,25,24,2,45,45,55,28,28,46,45,45,53,31,32,32,32,32,31,55,19,49,59,63,63,63,69,69,69,69,69,27,27,40,57,37,36,44],"gold":170,"neow_bonus":"ONE_RARE_RELIC","is_daily":false,"chose_seed":false,"campfire_upgraded":5,"win_rate":0.0,"timestamp":1611677952,"path_taken":["R","M","?","?","M","?","T","E","M","E","?","E","?","?","M","BOSS","R","M","M","?","$","?","T","$","E","?","R","E","?","M","M","BOSS","R","?","?","$","?","R","T","M","M","E","R","M","E","?","M","BOSS"],"items_purchased_type":["Card","Card","Relic"],"build_version":"2020-12-22","purchased_purges":4,"victory":true,"max_hp_per_floor":[59,59,59,59,59,59,59,59,59,59,59,59,59,59,59,59,59,59,59,59,59,59,59,59,59,59,59,59,59,59,59,59,59,59,69,69,69,69,69,69,69,69,69,69,69,69,69,69,69,69],"card_choices":[{"not_picked":["Slimebound:SplitBruiser","Slimebound:BestDefense"],"picked":"Slimebound:LeechEnergy","floor":2.0},{"not_picked":["Slimebound:ItLooksTasty","Slimebound:SplitLeeching"],"picked":"Slimebound:Gluttony","floor":3.0},{"not_picked":["Slimebound:DivideAndConquer","Slimebound:ProtectTheBoss"],"picked":"Slimebound:RejuvenatingLick","floor":5.0},{"not_picked":["Slimebound:HauntingLick","Slimebound:SplitAcid"],"picked":"Slimebound:SamplingLick","floor":8.0},{"not_picked":["Slimebound:SplitBruiser","Slimebound:SlimeSpikes","Slimebound:LeadByExample"],"picked":"SKIP","floor":9.0},{"not_picked":["Slimebound:Teamwork","Slimebound:SlimeSpikes"],"picked":"Slimebound:SplitMire","floor":10.0},{"not_picked":["Slimebound:Chomp","Slimebound:SplitBruiser"],"picked":"Slimebound:Schlurp","floor":12.0},{"not_picked":["Slimebound:SplitBruiser","Slimebound:FinishingTackle"],"picked":"Slimebound:LeechingTouch","floor":14.0},{"not_picked":["Slimebound:Nibble","Slimebound:Dissolve"],"picked":"Slimebound:SpikyOuterGoop","floor":15.0},{"not_picked":["Slimebound:SelfFormingGoo","Slimebound:SlimeSlap"],"picked":"Slimebound:LeechLife","floor":16.0},{"not_picked":["Slimebound:BestDefense","Slimebound:SplitMire","Slimebound:SplitLeeching"],"picked":"SKIP","floor":19.0},{"not_picked":["Slimebound:ForwardTackle","Slimebound:LeechingTouch"],"picked":"Slimebound:LeechEnergy","floor":20.0},{"not_picked":["Slimebound:Equalize","Slimebound:FinishingTackle","Slimebound:SplitBruiser"],"picked":"SKIP","floor":22.0},{"not_picked":["Slimebound:SlimeBrawl+1","Slimebound:LeechingTouch"],"picked":"Slimebound:Replication","floor":25.0},{"not_picked":["Slimebound:SplitMire+1","Slimebound:DivideAndConquer"],"picked":"Slimebound:Repurpose","floor":26.0},{"not_picked":["Slimebound:Schlurp","Slimebound:LeadByExample","Slimebound:SlimeBrawl"],"picked":"SKIP","floor":27.0},{"not_picked":["Slimebound:SplitBruiser","Slimebound:SamplingLick","Slimebound:Prepare"],"picked":"SKIP","floor":29.0},{"not_picked":["Slimebound:DivideAndConquer","Slimebound:ItLooksTasty","Slimebound:SplitLeeching"],"picked":"SKIP","floor":31.0},{"not_picked":["Slimebound:ItLooksTasty+1","Slimebound:SplitBruiser","Slimebound:SamplingLick"],"picked":"SKIP","floor":32.0},{"not_picked":["Slimebound:OneTwoCombo","Slimebound:TagTeam"],"picked":"Slimebound:OozeBath","floor":33.0},{"not_picked":["Slimebound:Overexert","Slimebound:Schlurp","Slimebound:Equalize"],"picked":"SKIP","floor":36.0},{"not_picked":["Slimebound:FinishingTackle","Slimebound:Dissolve"],"picked":"Slimebound:SpikyOuterGoop","floor":39.0},{"not_picked":["Slimebound:GoopSpray","Slimebound:SlimeBarrage+1","Slimebound:ItLooksTasty"],"picked":"SKIP","floor":42.0},{"not_picked":["Slimebound:Nibble","Slimebound:ComboTackle","Slimebound:Gluttony"],"picked":"SKIP","floor":43.0},{"not_picked":["Slimebound:SplitAcid","Slimebound:FlameTackle","Slimebound:TagTeam"],"picked":"SKIP","floor":44.0},{"not_picked":["Slimebound:RejuvenatingLick","Slimebound:GoopSpray","Slimebound:SlimeBarrage"],"picked":"SKIP","floor":46.0},{"not_picked":["Slimebound:SplitMire","Slimebound:Nibble","Slimebound:ComboTackle"],"picked":"SKIP","floor":47.0},{"not_picked":["Slimebound:Prepare","Slimebound:SplitAcid","Slimebound:FlameTackle"],"picked":"SKIP","floor":48.0},{"not_picked":["Slimebound:RollThrough+1","Slimebound:MegaLick","Slimebound:FormOfPuddle"],"picked":"SKIP","floor":49}],"player_experience":3731459,"relics_obtained":[{"floor":7.0,"key":"Bag of Marbles"},{"floor":8.0,"key":"Akabeko"},{"floor":10.0,"key":"Potion Belt"},{"floor":12.0,"key":"Blue Candle"},{"floor":23.0,"key":"Turnip"},{"floor":23.0,"key":"Meat on the Bone"},{"floor":26.0,"key":"Tiny Chest"},{"floor":29.0,"key":"champ:DuelingGlove"},{"floor":30.0,"key":"hexamod:BolsterEngine"},{"floor":37.0,"key":"Art of War"},{"floor":41.0,"key":"Bottled Flame"},{"floor":44.0,"key":"Smiling Mask"},{"floor":47.0,"key":"Nunchaku"}],"event_choices":[{"cards_removed":["downfall:Malfunctioning"],"damage_healed":0.0,"max_hp_gain":0.0,"max_hp_loss":0.0,"gold_gain":0.0,"event_name":"The Cleric","player_choice":"Card Removal","floor":6.0,"gold_loss":0.0,"damage_taken":0.0}],"is_beta":false,"boss_relics":[{"not_picked":["Snecko Eye","Fusion Hammer"],"picked":"SlaversCollar"},{"not_picked":["Calling Bell","Runic Dome"],"picked":"Empty Cage"}],"items_purged_floors":[22,25,36,38],"is_endless":false,"potions_floor_spawned":[5,8,9,10,12,20,23,26,29,42,43,47,48,49],"ascension_level":20}}