{"host":"qbvxbacgnxuisbbe","time":1611662004,"event":{"mods":["Alarm Clock","BaseMod","Humility","Minty Spire (QoL Compilation)","StSLib"],"gold_per_floor":[111,111,261,29,29,61,61,90,117,117,17,33,46,60,60,132,132,147,197,72,72,86,86,86,86],"floor_reached":24,"language":"ENG","playtime":892,"items_purged":["Doubt","Strike_R","Evolve"],"score":404,"play_id":"ad75305d-272c-48ad-8fd4-4f76bbae834f","local_time":"20210126115324","is_ascension_mode":true,"campfire_choices":[{"data":"Bludgeon","floor":7.0,"key":"SMITH"},{"data":"Disarm","floor":10.0,"key":"SMITH"},{"data":"Bash","floor":15.0,"key":"SMITH"},{"data":"Dual Wield","floor":23.0,"key":"SMITH"}],"circlet_count":0,"master_deck":["AscendersBane","Strike_R","Strike_R","Defend_R","Defend_R","Bash+1","Bludgeon+1","Blood for Blood","Disarm+1","Seeing Red","Bludgeon","Demon Form","Seeing Red+1","Havoc+1","Feel No Pain+1","Dual Wield+1","Clothesline"],"relics":["Burning Blood","Blood Vial","Champion Belt","Kunai","Mercury Hourglass","Art of War","Astrolabe"],"acts_visited":["Exordium","TheCity"],"potions_floor_usage":[24,24],"damage_taken":[{"damage":17.0,"enemies":"Small Slimes","floor":1.0,"turns":6.0},{"damage":22.0,"enemies":"Gremlin Nob","floor":6.0,"turns":3.0},{"damage":45.0,"enemies":"Lagavulin","floor":8.0,"turns":6.0},{"damage":4.0,"enemies":"2 Louse","floor":12.0,"turns":3.0},{"damage":0.0,"enemies":"Cultist","floor":13.0,"turns":3.0},{"damage":7.0,"enemies":"2 Fungi Beasts","floor":14.0,"turns":4.0},{"damage":25.0,"enemies":"Slime Boss","floor":16.0,"turns":11.0},{"damage":18.0,"enemies":"3 Byrds","floor":18.0,"turns":5.0},{"damage":0.0,"enemies":"Spheric Guardian","floor":22.0,"turns":3.0},{"damage":63,"enemies":"Gremlin Leader","floor":24,"turns":4}],"seed_played":"6424577002140348560","potions_obtained":[{"floor":6.0,"key":"SkillPotion"},{"floor":12.0,"key":"Dexterity Potion"},{"floor":13.0,"key":"EssenceOfSteel"},{"floor":14.0,"key":"Ancient Potion"},{"floor":16.0,"key":"BloodPotion"},{"floor":18.0,"key":"DistilledChaos"},{"floor":22.0,"key":"Regen Potion"}],"is_trial":false,"path_per_floor":["M","?","?","$","?","E","R","E","T","R","$","M","M","M","R","B",null,"M","?","$","?","M","R","E"],"character_chosen":"IRONCLAD","items_purchased":["Blood Vial"],"campfire_rested":0,"item_purchase_floors":[4],"current_hp_per_floor":[64,64,64,64,64,50,50,13,13,13,13,17,25,26,26,9,64,54,54,54,30,38,38,6,6],"gold":86,"neow_bonus":"TEN_PERCENT_HP_BONUS","is_daily":false,"chose_seed":false,"campfire_upgraded":4,"win_rate":0.0,"timestamp":1611662004,"path_taken":["M","?","?","$","?","E","R","E","T","R","$","M","M","?","R","BOSS","M","?","$","?","M","R","E"],"items_purchased_type":["Relic"],"build_version":"2020-12-22","purchased_purges":3,"victory":false,"max_hp_per_floor":[82,82,82,82,82,82,82,82,82,82,82,82,82,82,82,82,82,82,82,82,87,87,87,87,87],"card_choices":[{"not_picked":["Iron Wave","Headbutt"],"picked":"Thunderclap","floor":1.0},{"not_picked":["Flex","Armaments"],"picked":"Blood for Blood","floor":6.0},{"not_picked":["Body Slam","Clash"],"picked":"Disarm","floor":8.0},{"not_picked":["Headbutt","Reckless Charge"],"picked":"Seeing Red","floor":12.0},{"not_picked":["Armaments","Body Slam"],"picked":"Bludgeon","floor":13.0},{"not_picked":["Warcry","Body Slam"],"picked":"Evolve","floor":14.0},{"not_picked":["Immolate","Brutality"],"picked":"Demon Form","floor":16.0},{"not_picked":["Havoc","Reckless Charge"],"picked":"Dual Wield","floor":18.0},{"not_picked":["Carnage","Flex"],"picked":"Clothesline","floor":22.0}],"player_experience":130811,"relics_obtained":[{"floor":6.0,"key":"Kunai"},{"floor":8.0,"key":"Mercury Hourglass"},{"floor":9.0,"key":"Art of War"}],"event_choices":[{"damage_healed":0.0,"max_hp_gain":0.0,"max_hp_loss":0.0,"gold_gain":0.0,"cards_transformed":["Strike_R"],"event_name":"Living Wall","player_choice":"Change","floor":2.0,"gold_loss":0.0,"damage_taken":0.0,"cards_obtained":["Bludgeon"]},{"damage_healed":0.0,"max_hp_gain":0.0,"max_hp_loss":0.0,"gold_gain":150.0,"event_name":"Liars Game","player_choice":"AGREE","floor":3.0,"gold_loss":0.0,"damage_taken":0.0,"cards_obtained":["Doubt"]},{"cards_removed":["Thunderclap"],"damage_healed":0.0,"max_hp_gain":0.0,"max_hp_loss":0.0,"gold_gain":0.0,"event_name":"WeMeetAgain","player_choice":"Gave Card","floor":5.0,"gold_loss":0.0,"damage_taken":0.0,"relics_obtained":["Champion Belt"]},{"damage_healed":0.0,"max_hp_gain":0.0,"max_hp_loss":0.0,"gold_gain":50.0,"event_name":"Nest","player_choice":"Stole From Cult","floor":19.0,"gold_loss":0.0,"damage_taken":0.0},{"damage_healed":0.0,"max_hp_gain":5.0,"max_hp_loss":0.0,"gold_gain":0.0,"event_name":"Forgotten Altar","player_choice":"Shed Blood","floor":21.0,"gold_loss":0.0,"damage_taken":29.0}],"is_beta":false,"boss_relics":[{"not_picked":["Runic Pyramid","Black Star"],"picked":"Astrolabe"}],"items_purged_floors":[4,11,20],"is_endless":false,"potions_floor_spawned":[6,12,13,14,16,18,22],"killed_by":"Gremlin Leader","ascension_level":20,"is_humility":true}}