{"host":"yvb207ks1sg3cxef","time":1611689545,"event":{"mods":["2.2 Compatiblity","BaseMod","Bestiary","Colored Powertips","Minty Spire (QoL Compilation)","Permanent Neow","Quick Restart","Relic Stats","StSLib"],"gold_per_floor":[109,127,127,127,143,143,143,143,143,183,213,3,3,78,78,202,202,226,241,156,181,256,256,60,60,60],"floor_reached":25,"language":"ENG","playtime":931,"items_purged":["Strike_B"],"score":246,"play_id":"0834c484-223b-477d-9ed8-9fba91d7f884","local_time":"20210127010225","is_ascension_mode":true,"campfire_choices":[{"data":"Compile Driver","floor":6.0,"key":"SMITH"},{"data":"Genetic Algorithm","floor":8.0,"key":"SMITH"},{"floor":13,"key":"REST"},{"data":"Echo Form","floor":15,"key":"SMITH"},{"floor":23,"key":"REST"}],"circlet_count":0,"master_deck":["Strike_B","Strike_B","Strike_B","Defend_B","Defend_B","Defend_B","Defend_B","Zap","Dualcast","Compile Driver+1","Gash","Genetic Algorithm+1","Echo Form+1","Core Surge+1","Fission","Fusion+1","Streamline+1","Undo","Undo"],"relics":["Cracked Core","WingedGreaves","Golden Idol","Question Card","Nunchaku","Molten Egg 2","Philosopher\u0027s Stone","Bag of Preparation"],"acts_visited":["Exordium","TheCity"],"potions_floor_usage":[16,19,21,25,25,25],"damage_taken":[{"damage":7.0,"enemies":"Small Slimes","floor":1.0,"turns":3.0},{"damage":0.0,"enemies":"2 Louse","floor":2.0,"turns":2.0},{"damage":2.0,"enemies":"Jaw Worm","floor":5.0,"turns":3.0},{"damage":37,"enemies":"Lagavulin","floor":10,"turns":8},{"damage":5,"enemies":"The Guardian","floor":16,"turns":12},{"damage":7,"enemies":"Chosen","floor":18,"turns":5},{"damage":7,"enemies":"Shell Parasite","floor":19,"turns":5},{"damage":28,"enemies":"Snecko","floor":21,"turns":4},{"damage":30,"enemies":"Book of Stabbing","floor":25,"turns":7}],"seed_played":"-990095766393249072","potions_obtained":[{"floor":10,"key":"Fire Potion"},{"floor":18,"key":"EntropicBrew"},{"floor":19,"key":"FearPotion"},{"floor":21,"key":"SmokeBomb"}],"is_trial":false,"path_per_floor":["M","M","?","?","M","R","?","R","T","E","?","$","R","?","R","B",null,"M","M","?","M","?","R","$","E"],"character_chosen":"DEFECT","items_purchased":["Core Surge+1","SkillPotion","Undo","Block Potion"],"campfire_rested":2,"item_purchase_floors":[12,12,24,24],"current_hp_per_floor":[47,47,47,44,42,42,42,42,42,5,5,5,25,14,14,9,54,47,40,40,12,6,26,26,0,0],"gold":60,"neow_bonus":"ONE_RARE_RELIC","is_daily":false,"chose_seed":false,"campfire_upgraded":3,"win_rate":0.0,"timestamp":1611689545,"path_taken":["M","M","?","?","M","R","?","R","T","E","?","$","R","?","R","BOSS","M","M","?","M","?","R","$","E"],"items_purchased_type":["Card","Potion","Card","Potion"],"build_version":"2020-12-22","purchased_purges":1,"victory":false,"max_hp_per_floor":[75,75,69,69,69,69,69,69,69,69,69,69,69,69,69,69,69,69,69,69,69,69,69,69,69,69],"relic_stats":{"Nunchaku":[7],"counters":[9,49],"Golden Idol":49,"Bag of Preparation":[4],"Question Card":6,"obtain_stats":[{"Nunchaku":9,"Golden Idol":3,"Molten Egg 2":10,"Philosopher\u0027s Stone":17,"WingedGreaves":0,"Bag of Preparation":20,"Cracked Core":0,"Question Card":4},{"Nunchaku":3,"Golden Idol":2,"Molten Egg 2":4,"Philosopher\u0027s Stone":5,"WingedGreaves":0,"Bag of Preparation":7,"Cracked Core":0,"Question Card":2},{"Nunchaku":8,"Golden Idol":5,"Molten Egg 2":16,"Philosopher\u0027s Stone":28,"WingedGreaves":0,"Bag of Preparation":38,"Cracked Core":0,"Question Card":5}]},"card_choices":[{"not_picked":["Leap","Cold Snap"],"picked":"Compile Driver","floor":1.0},{"not_picked":["Steam","White Noise"],"picked":"Gash","floor":2.0},{"not_picked":["Chaos","Static Discharge","Heatsinks"],"picked":"Genetic Algorithm","floor":5.0},{"not_picked":["Steam","Undo","Melter+1"],"picked":"Echo Form","floor":10},{"not_picked":["Seek","All For One+1","Biased Cognition"],"picked":"Fission","floor":16},{"not_picked":["Lockon+1","Hologram","Hello World"],"picked":"Fusion+1","floor":18},{"not_picked":["Turbo","Barrage+1","Conserve Battery"],"picked":"Streamline+1","floor":19},{"not_picked":["Force Field+1","White Noise","Steam"],"picked":"Undo","floor":21}],"player_experience":481518,"relics_obtained":[{"floor":9.0,"key":"Nunchaku"},{"floor":10,"key":"Molten Egg 2"}],"event_choices":[{"damage_healed":0.0,"max_hp_gain":0.0,"max_hp_loss":6.0,"gold_gain":0.0,"event_name":"Golden Idol","player_choice":"Lose Max HP","floor":3.0,"gold_loss":0.0,"damage_taken":0.0,"relics_obtained":["Golden Idol"]},{"damage_healed":0.0,"max_hp_gain":0.0,"max_hp_loss":0.0,"gold_gain":0.0,"event_name":"Scrap Ooze","player_choice":"Success","floor":4.0,"gold_loss":0.0,"damage_taken":3.0,"relics_obtained":["Question Card"]},{"damage_healed":0.0,"max_hp_gain":0.0,"max_hp_loss":0.0,"gold_gain":0.0,"event_name":"Liars Game","player_choice":"Ignored","floor":7.0,"gold_loss":0.0,"damage_taken":0.0},{"damage_healed":0,"gold_gain":30,"player_choice":"Searched \u00271\u0027 times","damage_taken":0,"max_hp_gain":0,"max_hp_loss":0,"event_name":"Dead Adventurer","floor":11,"gold_loss":0},{"damage_healed":0,"gold_gain":75,"player_choice":"Gather Gold","damage_taken":11,"max_hp_gain":0,"max_hp_loss":0,"event_name":"World of Goop","floor":14,"gold_loss":0},{"damage_healed":0,"gold_gain":0,"player_choice":"Obtained Relic","damage_taken":0,"relics_obtained":["Bag of Preparation"],"max_hp_gain":0,"max_hp_loss":0,"event_name":"Addict","floor":20,"gold_loss":85},{"damage_healed":0,"gold_gain":75,"player_choice":"Touch","damage_taken":6,"max_hp_gain":0,"max_hp_loss":0,"event_name":"FaceTrader","floor":22,"gold_loss":0}],"is_beta":false,"boss_relics":[{"not_picked":["Astrolabe","Tiny House"],"picked":"Philosopher\u0027s Stone"}],"items_purged_floors":[24],"is_endless":false,"potions_floor_spawned":[10,18,19,21],"killed_by":"Book of Stabbing","ascension_level":5}}