{"host":"1ekl8hlbnopmdapi","time":1611688914,"event":{"mods":["AchievementEnabler","BaseMod","Colored Map","Colored Powertips","DeckTracker","Googly Eyes","Highlight Path","Minty Spire (QoL Compilation)","Relic Sorter","StSLib","Synergy Search"],"gold_per_floor":[119,119,119,22,22,22,47,47,47,47,62,87,120,138,138,262,262,286,286,334,355,369,389,389,424,447,447,447,471,471,487,487,617,617,630,655,655,48,0,0,0],"floor_reached":40,"language":"ENG","playtime":926,"items_purged":["Injury"],"score":543,"play_id":"195ea5b9-7b5b-4582-9ccf-fc7b510e02e8","local_time":"20210126142154","is_ascension_mode":true,"campfire_choices":[{"floor":6,"key":"RECALL"},{"floor":8,"key":"REST"},{"floor":15,"key":"REST"},{"floor":24,"key":"REST"},{"data":"A Thousand Cuts","floor":28,"key":"SMITH"},{"data":"Finisher","floor":32,"key":"SMITH"}],"circlet_count":0,"master_deck":["Strike_G","Strike_G","Strike_G+1","Strike_G","Strike_G","Defend_G","Defend_G","Defend_G","Defend_G+1","Defend_G","Survivor","Neutralize","Masterful Stab","Cloak And Dagger","Sucker Punch","Bane","Dagger Spray","Finisher+1","Blade Dance","Crippling Poison","A Thousand Cuts+1","Slice","Writhe","Caltrops+1","Dagger Spray+1","Blade Dance","Blade Dance","All Out Attack+1","Quick Slash+1","Dagger Spray","Glass Knife","Dodge and Roll+1","Caltrops+1","Dramatic Entrance","Finesse","Noxious Fumes"],"relics":["Runic Dome","Matryoshka","Eternal Feather","Lantern","Golden Idol","Anchor","WristBlade","Bird Faced Urn","Pen Nib","Dream Catcher","Orichalcum","Toy Ornithopter","Gremlin Horn","MutagenicStrength","Busted Crown","TungstenRod","Red Mask"],"acts_visited":["Exordium","TheCity","TheBeyond"],"potions_floor_usage":[16,16,16,21,22,22,23,23,25,33,33,36,40,40],"damage_taken":[{"damage":0,"enemies":"Small Slimes","floor":1,"turns":3},{"damage":34,"enemies":"Gremlin Nob","floor":7,"turns":6},{"damage":0,"enemies":"Jaw Worm","floor":11,"turns":3},{"damage":0,"enemies":"2 Louse","floor":12,"turns":2},{"damage":17,"enemies":"3 Sentries","floor":13,"turns":9},{"damage":11,"enemies":"Large Slime","floor":14,"turns":5},{"damage":41,"enemies":"Slime Boss","floor":16,"turns":12},{"damage":24,"enemies":"Shell Parasite","floor":18,"turns":4},{"damage":9,"enemies":"2 Thieves","floor":21,"turns":2},{"damage":11,"enemies":"Snake Plant","floor":22,"turns":4},{"damage":7,"enemies":"Centurion and Healer","floor":23,"turns":5},{"damage":1,"enemies":"Book of Stabbing","floor":25,"turns":4},{"damage":0,"enemies":"3 Cultists","floor":29,"turns":3},{"damage":0,"enemies":"Chosen and Byrds","floor":31,"turns":3},{"damage":46,"enemies":"Champ","floor":33,"turns":8},{"damage":31,"enemies":"3 Darklings","floor":35,"turns":3},{"damage":31,"enemies":"3 Shapes","floor":36,"turns":3},{"damage":34,"enemies":"Nemesis","floor":40,"turns":2}],"seed_played":"796560781784257985","potions_obtained":[{"floor":7,"key":"PowerPotion"},{"floor":11,"key":"Explosive Potion"},{"floor":13,"key":"EntropicBrew"},{"floor":16,"key":"Explosive Potion"},{"floor":25,"key":"Strength Potion"},{"floor":29,"key":"Swift Potion"},{"floor":31,"key":"ColorlessPotion"},{"floor":35,"key":"EssenceOfSteel"}],"is_trial":false,"path_per_floor":["M","?","T","$","?","R","E","R","T","?","M","M","E","M","R","B",null,"M","?","T","M","M","M","R","E","T","T","R","M","?","M","R","B",null,"M","M","?","$","?","E"],"character_chosen":"THE_SILENT","items_purchased":["Cloak And Dagger","Sucker Punch","TungstenRod","Finesse","LiquidBronze","Noxious Fumes"],"campfire_rested":3,"item_purchase_floors":[4,4,38,38,38,38],"current_hp_per_floor":[70,70,70,70,56,56,22,52,52,52,52,52,35,24,57,16,57,33,33,33,24,15,14,50,51,51,51,66,68,68,70,70,24,59,30,6,6,6,6,0,0],"gold":0,"neow_bonus":"BOSS_RELIC","is_daily":false,"chose_seed":false,"campfire_upgraded":2,"win_rate":0.0,"timestamp":1611688914,"path_taken":["M","?","?","?","?","R","E","R","T","?","M","M","E","M","R","BOSS","M","?","?","M","M","M","R","E","T","?","R","M","?","M","R","BOSS","M","M","?","$","?","E"],"items_purchased_type":["Card","Card","Relic","Card","Potion","Card"],"build_version":"2020-12-22","purchased_purges":1,"victory":false,"max_hp_per_floor":[70,70,70,70,70,70,70,70,70,70,70,70,70,70,70,70,70,70,70,70,70,70,70,70,70,70,70,70,70,70,70,70,70,70,70,70,70,70,70,70,70],"card_choices":[{"not_picked":["Slice","Deadly Poison"],"picked":"Masterful Stab","floor":1},{"not_picked":["Finisher","Predator"],"picked":"Bane","floor":7},{"not_picked":["Dagger Throw","Underhanded Strike"],"picked":"Dagger Spray","floor":11},{"not_picked":["Slice","PiercingWail"],"picked":"Finisher","floor":12},{"not_picked":["Deadly Poison","Dagger Throw"],"picked":"Blade Dance","floor":13},{"not_picked":["Blade Dance","Burst"],"picked":"Crippling Poison","floor":14},{"not_picked":["Adrenaline","Storm of Steel"],"picked":"A Thousand Cuts","floor":16},{"not_picked":["Concentrate","Deflect+1"],"picked":"Slice","floor":18},{"not_picked":["Bouncing Flask+1","Underhanded Strike+1"],"picked":"Caltrops+1","floor":21},{"not_picked":["Sucker Punch","Quick Slash+1"],"picked":"Dagger Spray+1","floor":22},{"not_picked":["Caltrops","Underhanded Strike+1"],"picked":"Blade Dance","floor":23},{"not_picked":["Backflip+1","Bullet Time"],"picked":"Blade Dance","floor":24},{"not_picked":["Doppelganger","Catalyst"],"picked":"All Out Attack+1","floor":25},{"not_picked":["Distraction","Deadly Poison"],"picked":"Quick Slash+1","floor":29},{"not_picked":["Setup","Acrobatics+1"],"picked":"Dagger Spray","floor":31},{"not_picked":["Burst","Doppelganger"],"picked":"Glass Knife","floor":33},{"not_picked":[],"picked":"Dodge and Roll+1","floor":35},{"not_picked":[],"picked":"Caltrops+1","floor":36},{"not_picked":[],"picked":"Dramatic Entrance","floor":37}],"player_experience":498765,"relics_obtained":[{"floor":3,"key":"Matryoshka"},{"floor":7,"key":"Eternal Feather"},{"floor":9,"key":"Lantern"},{"floor":13,"key":"Anchor"},{"floor":20,"key":"Pen Nib"},{"floor":20,"key":"Dream Catcher"},{"floor":25,"key":"Orichalcum"},{"floor":26,"key":"Toy Ornithopter"},{"floor":27,"key":"Gremlin Horn"}],"event_choices":[{"damage_healed":0,"gold_gain":0,"player_choice":"Ignored","damage_taken":0,"max_hp_gain":0,"max_hp_loss":0,"event_name":"Liars Game","floor":2,"gold_loss":0},{"damage_healed":0,"gold_gain":0,"player_choice":"Entered Light","damage_taken":14,"max_hp_gain":0,"max_hp_loss":0,"event_name":"Shining Light","floor":5,"gold_loss":0,"cards_upgraded":["Strike_G","Defend_G"]},{"damage_healed":0,"gold_gain":0,"player_choice":"Take Wound","damage_taken":0,"relics_obtained":["Golden Idol"],"max_hp_gain":0,"max_hp_loss":0,"event_name":"Golden Idol","floor":10,"gold_loss":0,"cards_obtained":["Injury"]},{"damage_healed":0,"gold_gain":0,"player_choice":"Opened","damage_taken":0,"relics_obtained":["Bird Faced Urn"],"max_hp_gain":0,"max_hp_loss":0,"event_name":"The Mausoleum","floor":19,"gold_loss":0,"cards_obtained":["Writhe"]},{"damage_healed":0,"gold_gain":0,"player_choice":"Inject Mutagens","damage_taken":0,"relics_obtained":["MutagenicStrength"],"max_hp_gain":0,"max_hp_loss":0,"event_name":"Drug Dealer","floor":30,"gold_loss":0},{"damage_healed":0,"gold_gain":0,"player_choice":"Memory 1","damage_taken":0,"max_hp_gain":0,"max_hp_loss":0,"event_name":"SensoryStone","floor":37,"gold_loss":0},{"damage_healed":0,"gold_gain":0,"player_choice":"Paid","damage_taken":0,"relics_obtained":["Red Mask"],"max_hp_gain":0,"max_hp_loss":0,"event_name":"Tomb of Lord Red Mask","floor":39,"gold_loss":48}],"is_beta":false,"boss_relics":[{"not_picked":["Sozu","Empty Cage"],"picked":"WristBlade"},{"not_picked":["Coffee Dripper","Fusion Hammer"],"picked":"Busted Crown"}],"items_purged_floors":[38],"is_endless":false,"potions_floor_spawned":[7,11,13,16,25,29,31,35],"killed_by":"Nemesis","ascension_level":5}}