{"host":"b4vwm7jq6jdk6nca","time":1611667115,"event":{"mods":["Act Like it!","BaseMod","Hermit","Minty Spire (QoL Compilation)","Pale of the Ancients","Quick Restart","Relic Filter Mod","Spicy Shops","StSLib","TestMod","The Cursed","Wide Potions","[IsaacMod]ÒÔÈö¼âËþ"],"gold_per_floor":[109,109,109,121,121,121,142,162,162,162,182,216,216,232,232,352,352,371,407,423,438,459,459,492,492,492],"floor_reached":25,"language":"ZHS","playtime":1198,"items_purged":[],"score":225,"play_id":"9d170151-5c1d-43a4-9a8e-32ef43013dfb","local_time":"20210126211835","is_ascension_mode":false,"campfire_choices":[{"floor":13.0,"key":"REST"},{"data":"hermit:Determination","floor":15.0,"key":"SMITH"},{"data":"hermit:HighNoon","floor":23.0,"key":"SMITH"}],"circlet_count":0,"master_deck":["hermit:Strike_Hermit","hermit:Strike_Hermit","hermit:Strike_Hermit","hermit:Strike_Hermit+1","hermit:Defend_Hermit","hermit:Defend_Hermit","hermit:Defend_Hermit","hermit:Snapshot","hermit:Covet","hermit:Virtue+1","hermit:WideOpen","hermit:PistolWhip","hermit:Determination+1","hermit:Dissolve","hermit:HighNoon+1","hermit:Snipe+1","hermit:Spite","hermit:Spite+1","hermit:Snipe"],"relics":["hermit:Momento","testmod-TestBox","HushsDoor","BookOfRevelations","testmod-NegativeEmotionEnhancer","NeowsBlessing","Kunai","Anchor","Golden Idol","Bag of Preparation","Runic Dome","Red Mask","Oddly Smooth Stone"],"acts_visited":["Exordium","TheCity"],"potions_floor_usage":[],"damage_taken":[{"damage":0.0,"enemies":"Cultist","floor":1.0,"turns":1.0},{"damage":0.0,"enemies":"Small Slimes","floor":4.0,"turns":1.0},{"damage":0.0,"enemies":"Jaw Worm","floor":7.0,"turns":1.0},{"damage":1.0,"enemies":"Lots of Slimes","floor":8.0,"turns":5.0},{"damage":0.0,"enemies":"Red Slaver","floor":11.0,"turns":2.0},{"damage":11.0,"enemies":"Gremlin Nob","floor":12.0,"turns":4.0},{"damage":0.0,"enemies":"Large Slime","floor":14.0,"turns":3.0},{"damage":16.0,"enemies":"Slime Boss","floor":16.0,"turns":9.0},{"damage":23.0,"enemies":"2 Thieves","floor":18.0,"turns":4.0},{"damage":27.0,"enemies":"Masked Bandits","floor":19.0,"turns":4.0},{"damage":0.0,"enemies":"Chosen","floor":20.0,"turns":3.0},{"damage":0.0,"enemies":"3 Cultists","floor":21.0,"turns":4.0},{"damage":12.0,"enemies":"Snecko","floor":22.0,"turns":4.0},{"damage":32.0,"enemies":"Book of Stabbing","floor":24.0,"turns":5.0},{"damage":15,"enemies":"Shelled Parasite and Fungi","floor":25,"turns":2}],"seed_played":"-4173032952975314431","potions_obtained":[{"floor":7.0,"key":"Swift Potion"},{"floor":11.0,"key":"PowerPotion"},{"floor":14.0,"key":"Dexterity Potion"},{"floor":20.0,"key":"hermit:Tonic"},{"floor":24.0,"key":"SteroidPotion"}],"is_trial":false,"path_per_floor":["M","?","?","M","?","?","M","M","T","?","M","E","R","M","R","B",null,"M","?","M","M","M","R","E","M"],"character_chosen":"HERMIT","items_purchased":[],"campfire_rested":1,"item_purchase_floors":[],"current_hp_per_floor":[76,69,54,57,38,31,33,38,38,22,24,15,39,42,42,31,83,63,40,42,46,36,36,6,0,0],"gold":492,"neow_bonus":"THREE_ENEMY_KILL","is_daily":false,"chose_seed":false,"campfire_upgraded":2,"win_rate":0.0,"timestamp":1611667115,"path_taken":["M","?","?","M","?","?","?","M","T","?","M","E","R","M","R","BOSS","M","?","M","M","M","R","E","M"],"items_purchased_type":[],"build_version":"2020-12-22","purchased_purges":0,"victory":false,"max_hp_per_floor":[76,76,76,77,77,77,78,79,79,79,80,81,81,82,82,83,83,84,85,86,87,88,88,89,89,89],"card_choices":[{"not_picked":[],"picked":"ChaosCard","floor":0.0},{"not_picked":["hermit:GhostlyPresence","hermit:Roulette"],"picked":"hermit:Virtue","floor":1.0},{"not_picked":["hermit:Coalescence","hermit:Grudge"],"picked":"hermit:WideOpen","floor":4.0},{"not_picked":["hermit:HoleUp","hermit:Grudge","hermit:Headshot"],"picked":"SKIP","floor":7.0},{"not_picked":["hermit:HighCaliber","hermit:Roulette","hermit:Dive"],"picked":"SKIP","floor":8.0},{"not_picked":["hermit:DeadMansHand","hermit:Ricochet"],"picked":"hermit:PistolWhip","floor":11.0},{"not_picked":["hermit:CalledShot","hermit:WideOpen"],"picked":"hermit:Determination","floor":12.0},{"not_picked":["hermit:LowProfile","hermit:Vantage"],"picked":"hermit:Dissolve","floor":14.0},{"not_picked":["hermit:HeroicBravado","hermit:FatalDesire"],"picked":"hermit:HighNoon","floor":16.0},{"not_picked":["hermit:HighCaliber","hermit:LowProfile"],"picked":"hermit:Snipe+1","floor":18.0},{"not_picked":["hermit:Grudge+1","hermit:ItchyTrigger+1"],"picked":"hermit:Spite","floor":19.0},{"not_picked":["hermit:Dissolve","hermit:TrackingShot","hermit:Midnight+1"],"picked":"SKIP","floor":20.0},{"not_picked":["hermit:ItchyTrigger","hermit:DeadMansHand","hermit:WideOpen"],"picked":"SKIP","floor":21.0},{"not_picked":["hermit:CalledShot+1","hermit:WideOpen+1"],"picked":"hermit:Spite+1","floor":22.0},{"not_picked":["hermit:Desperado","hermit:Deadeye"],"picked":"hermit:Snipe","floor":24.0}],"player_experience":308397,"relics_obtained":[{"floor":12.0,"key":"Bag of Preparation"},{"floor":19.0,"key":"Red Mask"},{"floor":24.0,"key":"Oddly Smooth Stone"}],"event_choices":[{"damage_healed":0.0,"max_hp_gain":0.0,"max_hp_loss":0.0,"gold_gain":0.0,"event_name":"Scrap Ooze","player_choice":"Success","floor":2.0,"gold_loss":0.0,"damage_taken":7.0,"relics_obtained":["Kunai"]},{"damage_healed":0.0,"max_hp_gain":0.0,"max_hp_loss":0.0,"gold_gain":0.0,"event_name":"Golden Idol","player_choice":"Take Damage","floor":5.0,"gold_loss":0.0,"damage_taken":19.0,"relics_obtained":["Golden Idol"]},{"cards_removed":["hermit:Defend_Hermit"],"damage_healed":0.0,"max_hp_gain":0.0,"max_hp_loss":0.0,"gold_gain":0.0,"event_name":"Golden Wing","player_choice":"Card Removal","floor":6.0,"gold_loss":0.0,"damage_taken":7.0},{"damage_healed":0.0,"max_hp_gain":0.0,"max_hp_loss":0.0,"gold_gain":0.0,"event_name":"Shining Light","player_choice":"Entered Light","floor":10.0,"gold_loss":0.0,"damage_taken":16.0,"cards_upgraded":["hermit:Virtue","hermit:Strike_Hermit"]},{"damage_healed":0.0,"max_hp_gain":0.0,"max_hp_loss":0.0,"gold_gain":0.0,"event_name":"Masked Bandits","player_choice":"Fought Bandits","floor":19.0,"gold_loss":0.0,"damage_taken":0.0}],"is_beta":false,"boss_relics":[{"not_picked":["testmod-KeyOfTheVoid","testmod-Nine"],"picked":"Runic Dome"},{"not_picked":[]}],"items_purged_floors":[],"is_endless":false,"potions_floor_spawned":[7,11,14,16,20,24],"killed_by":"Shelled Parasite and Fungi","ascension_level":0}}