{"host":"4beu4narw43z8fnn","time":1611652704,"event":{"mods":["2.2 Compatiblity","AchievementEnabler","Act Like it!","BaseMod","Better Match","Better Note","Better Skull","Better Third Choice","BetterRewards","Colored Map","Colored Powertips","Conspire","Downfall","Gensokyo","Hermit","Highlight Path","Hubris","Jorbs\u0027s Wanderer Trilogy","Minty Spire (QoL Compilation)","Pale of the Ancients","Quick Restart","Random Character Button","Rare Cards Sparkle","Reorder Act Four","StSLib","Synergy Search","The Animator","The Construct","The Cursed","The Gatherer","The Jungle","The Marked","The Runesmith","The Servant 0.9.4","The Showman","Trackpad","Wandering Minibosses"],"gold_per_floor":[99,89,107,17,17,37,60,11,24,17,42,53,53,53,67,67,67],"floor_reached":16,"language":"ENG","playtime":1604,"items_purged":["Guardian:Strike_Guardian"],"score":104,"play_id":"50a64429-05d3-4ed6-a50b-d35994f80e7b","local_time":"20210126041824","is_ascension_mode":false,"campfire_choices":[{"data":"Guardian:TwinSlam","floor":1,"key":"SMITH"},{"data":"Guardian:Orbwalk","floor":13,"key":"SMITH"}],"circlet_count":0,"master_deck":["Guardian:Strike_Guardian","Guardian:Strike_Guardian","Guardian:Strike_Guardian","Guardian:Defend_Guardian","Guardian:Defend_Guardian","Guardian:Defend_Guardian","Guardian:Defend_Guardian","Guardian:CurlUp","Guardian:TwinSlam+1","Guardian:EvasiveProtocol","Guardian:Preprogram","Guardian:RollAttack","Guardian:Reroute","Guardian:PrismaticBeam","Guardian:Incinerate","Guardian:ShieldCharger","Guardian:Orbwalk+1","Guardian:Gem_Orange"],"relics":["Happy Flower","Tiny Chest"],"acts_visited":["Exordium"],"potions_floor_usage":[10,11,16,16],"damage_taken":[{"damage":0,"enemies":"Small Slimes","floor":2,"turns":7},{"damage":6,"enemies":"Jaw Worm","floor":3,"turns":4},{"damage":0,"enemies":"downfall:FleeingMerchant","floor":4,"turns":4},{"damage":0,"enemies":"conspire:RoseBush","floor":6,"turns":4},{"damage":2,"enemies":"downfall:FleeingMerchant","floor":8,"turns":4},{"damage":3,"enemies":"Lots of Slimes","floor":9,"turns":4},{"damage":31,"enemies":"Large Slime","floor":10,"turns":10},{"damage":10,"enemies":"3 Sentries","floor":11,"turns":7},{"damage":10,"enemies":"conspire:2 RoseBushes","floor":12,"turns":7},{"damage":11,"enemies":"Lots of Slimes","floor":15,"turns":4},{"damage":12,"enemies":"IC_STATUS_ARCHETYPE","floor":16,"turns":8}],"seed_played":"4959861877048108030","potions_obtained":[{"floor":2,"key":"Weak Potion"},{"floor":6,"key":"Strength Potion"},{"floor":10,"key":"Strength Potion"},{"floor":15,"key":"SkillPotion"}],"is_trial":false,"path_per_floor":["R","M","M","$","?","M","T","$","M","M","E","M","R","?","M","B"],"character_chosen":"GUARDIAN","items_purchased":["Guardian:PrismaticBeam"],"campfire_rested":0,"item_purchase_floors":[8],"current_hp_per_floor":[80,80,74,74,74,74,74,72,69,38,28,18,18,21,10,0,0],"gold":67,"neow_bonus":"RANDOM_COMMON_RELIC","is_daily":false,"chose_seed":false,"campfire_upgraded":2,"win_rate":0.0,"timestamp":1611652704,"path_taken":["R","M","M","$","?","M","T","$","M","M","E","M","R","?","M","BOSS"],"items_purchased_type":["Card"],"build_version":"2020-12-22","purchased_purges":1,"victory":false,"max_hp_per_floor":[80,80,80,80,80,80,80,80,80,80,80,80,80,83,83,83,83],"card_choices":[{"not_picked":["Guardian:Repulse","Guardian:Reroute"],"picked":"Guardian:EvasiveProtocol","floor":2},{"not_picked":["Guardian:TemporalStrike","Guardian:VentSteam"],"picked":"Guardian:Preprogram","floor":3},{"not_picked":["Guardian:Gem_Crimson","Guardian:TemporalStrike"],"picked":"Guardian:RollAttack","floor":4},{"not_picked":["Guardian:BronzeArmor","Guardian:RefractedBeam"],"picked":"Guardian:Gem_Cyan","floor":6},{"not_picked":["Guardian:CrystalBeam","Guardian:Gem_Purple"],"picked":"Guardian:Reroute","floor":8},{"not_picked":["Guardian:Gem_Cyan","Guardian:BodySlam"],"picked":"Guardian:Incinerate","floor":9},{"not_picked":["Guardian:TemporalStrike","Guardian:Recover"],"picked":"Guardian:Gem_Blue","floor":10},{"not_picked":["Guardian:WalkerClaw","Guardian:Gem_Fragmented"],"picked":"Guardian:ShieldCharger","floor":11},{"not_picked":["Guardian:RefractedBeam","Guardian:Gem_Lightblue"],"picked":"Guardian:Orbwalk","floor":12},{"not_picked":["Guardian:Gem_Red","Guardian:Gem_Cyan"],"picked":"Guardian:Gem_Orange","floor":15}],"player_experience":502693,"relics_obtained":[{"floor":11,"key":"Tiny Chest"}],"event_choices":[],"is_beta":false,"boss_relics":[],"items_purged_floors":[4],"is_endless":false,"potions_floor_spawned":[2,6,10,15],"killed_by":"IC_STATUS_ARCHETYPE","ascension_level":0}}