{"host":"xmr2g8b7eju0288o","time":1611644536,"event":{"mods":["AchievementEnabler","BaseMod","Colored Map","Colored Powertips","Minty Spire (QoL Compilation)","Quick Restart","StSLib","SuperFastMode"],"gold_per_floor":[416,144,157,176,191,226,240,265,265,265,265,265],"floor_reached":11,"language":"KOR","playtime":288,"items_purged":[],"score":270,"play_id":"5854c479-9a97-402c-90d8-d9b4d3941a08","local_time":"20210126160216","daily_mods":["Heirloom","DeadlyEvents","Elite Swarm"],"is_ascension_mode":true,"campfire_choices":[],"circlet_count":0,"master_deck":["AscendersBane","Strike_R","Strike_R","Strike_R","Strike_R","Strike_R","Defend_R","Defend_R","Defend_R","Defend_R","Iron Wave","Clash","Iron Wave","Body Slam","Demon Form","Pummel"],"relics":["Burning Blood","Old Coin","Mummified Hand","Darkstone Periapt","StrikeDummy","Bird Faced Urn"],"acts_visited":["Exordium"],"potions_floor_usage":[],"damage_taken":[{"damage":7.0,"enemies":"Cultist","floor":1.0,"turns":4.0},{"damage":18.0,"enemies":"Small Slimes","floor":3.0,"turns":5.0},{"damage":9.0,"enemies":"Jaw Worm","floor":4.0,"turns":4.0},{"damage":8.0,"enemies":"Exordium Wildlife","floor":5.0,"turns":3.0},{"damage":15.0,"enemies":"3 Sentries","floor":6.0,"turns":6.0},{"damage":13.0,"enemies":"Exordium Thugs","floor":7.0,"turns":5.0},{"damage":29.0,"enemies":"Gremlin Nob","floor":8.0,"turns":4.0},{"damage":15,"enemies":"3 Sentries","floor":11,"turns":2}],"seed_played":"-7173913793794978177","potions_obtained":[{"floor":3.0,"key":"SkillPotion"},{"floor":4.0,"key":"AttackPotion"},{"floor":7.0,"key":"SpeedPotion"},{"floor":8.0,"key":"FearPotion"}],"is_trial":true,"path_per_floor":["M","$","M","M","M","E","M","E","T","?","E"],"character_chosen":"IRONCLAD","items_purchased":["Mummified Hand"],"campfire_rested":0,"item_purchase_floors":[2],"current_hp_per_floor":[67,67,55,52,50,41,34,11,11,11,0,0],"gold":265,"neow_bonus":"","is_daily":false,"chose_seed":false,"campfire_upgraded":0,"win_rate":0.0,"timestamp":1611644536,"path_taken":["M","$","M","?","M","E","?","E","T","?","?"],"items_purchased_type":["Relic"],"build_version":"2020-12-22","purchased_purges":0,"victory":false,"max_hp_per_floor":[75,75,75,75,75,75,75,75,75,75,75,75],"card_choices":[{"not_picked":["Twin Strike","Anger"],"picked":"Iron Wave","floor":1.0},{"not_picked":["Wild Strike","Anger"],"picked":"Clash","floor":3.0},{"not_picked":["True Grit","Dropkick"],"picked":"Iron Wave","floor":4.0},{"not_picked":["Wild Strike","True Grit"],"picked":"Body Slam","floor":5.0},{"not_picked":["Limit Break","Bludgeon"],"picked":"Demon Form","floor":6.0},{"not_picked":["Armaments","Body Slam"],"picked":"Pummel","floor":7.0},{"not_picked":["Offering","Impervious","Fiend Fire"],"picked":"SKIP","floor":8.0}],"player_experience":74684,"relics_obtained":[{"floor":6.0,"key":"Darkstone Periapt"},{"floor":8.0,"key":"StrikeDummy"},{"floor":9.0,"key":"Bird Faced Urn"}],"event_choices":[{"cards_removed":["Bash"],"damage_healed":0.0,"max_hp_gain":0.0,"max_hp_loss":0.0,"gold_gain":0.0,"event_name":"Bonfire Elementals","player_choice":"Offered Basic","floor":10.0,"gold_loss":0.0,"damage_taken":0.0}],"is_beta":false,"boss_relics":[],"items_purged_floors":[],"is_endless":true,"potions_floor_spawned":[3,4,7,8],"killed_by":"3 Sentries","ascension_level":20}}