{"host":"19r1ww88x2tc73i0","time":1611647898,"event":{"mods":["BaseMod","BetterRewards","Colored Map","Minty Spire (QoL Compilation)","Relic Stats","StSLib","SuperFastMode","slay the spire mod where everything is the same but ironclad has a cowboy hat"],"gold_per_floor":[110,160,5,5,25,25,44,44,125,125,25,25,59,70,70,148,148,159,172,188,188,188],"floor_reached":21,"language":"ENG","playtime":703,"items_purged":["Strike_B"],"score":408,"play_id":"85adbb05-faa2-4492-8240-5a84d02be947","local_time":"25640126145818","is_ascension_mode":true,"campfire_choices":[{"data":"Defragment","floor":6.0,"key":"SMITH"},{"data":"Defragment","floor":8.0,"key":"SMITH"},{"data":"Double Energy","floor":10.0,"key":"SMITH"},{"data":"Go for the Eyes","floor":15.0,"key":"SMITH"}],"circlet_count":0,"master_deck":["AscendersBane","Defend_B","Defend_B+1","Defend_B+1","Defend_B","Zap","Dualcast","Go for the Eyes+1","Defragment+1","Defragment+1","Double Energy+1","Compile Driver","Glacier","Recycle","Ball Lightning","Buffer","Coolheaded","Defragment","Conserve Battery+1"],"relics":["Cracked Core","Letter Opener","Tiny Chest","Black Star"],"acts_visited":["Exordium","TheCity"],"potions_floor_usage":[],"damage_taken":[{"damage":2.0,"enemies":"Jaw Worm","floor":1.0,"turns":3.0},{"damage":0.0,"enemies":"Cultist","floor":5.0,"turns":4.0},{"damage":1.0,"enemies":"Small Slimes","floor":7.0,"turns":4.0},{"damage":0.0,"enemies":"Lagavulin","floor":13.0,"turns":6.0},{"damage":10.0,"enemies":"Exordium Thugs","floor":14.0,"turns":3.0},{"damage":3.0,"enemies":"The Guardian","floor":16.0,"turns":10.0},{"damage":12.0,"enemies":"3 Byrds","floor":18.0,"turns":6.0},{"damage":0,"enemies":"Shell Parasite","floor":19,"turns":5},{"damage":39,"enemies":"Centurion and Healer","floor":20,"turns":8},{"damage":0,"enemies":"Sentry and Sphere","floor":21,"turns":2}],"seed_played":"-5238950484360886174","potions_obtained":[{"floor":7.0,"key":"DistilledChaos"},{"floor":14.0,"key":"DuplicationPotion"}],"is_trial":false,"path_per_floor":["M","?","$","?","M","R","M","R","T","R","$","?","E","M","R","B",null,"M","M","M","M"],"character_chosen":"DEFECT","items_purchased":["Defragment","Compile Driver","Glacier"],"campfire_rested":0,"item_purchase_floors":[3,11,11],"current_hp_per_floor":[62,56,56,37,37,37,36,36,36,36,36,29,29,19,19,16,52,40,40,1,1,1],"gold":188,"neow_bonus":"REMOVE_TWO","is_daily":false,"chose_seed":false,"campfire_upgraded":4,"win_rate":0.0,"timestamp":1611647898,"path_taken":["M","?","?","?","?","R","M","R","T","R","$","?","E","M","R","BOSS","M","M","M","M"],"items_purchased_type":["Card","Card","Card"],"build_version":"2020-12-22","purchased_purges":1,"victory":false,"max_hp_per_floor":[64,64,64,64,64,64,64,64,64,64,64,64,64,64,64,64,64,64,64,64,64,64],"relic_stats":{"counters":[10,51],"Tiny Chest":0,"Black Star":0,"Letter Opener":[55],"obtain_stats":[{"Tiny Chest":13,"Black Star":17,"Letter Opener":9,"Cracked Core":0},{"Tiny Chest":4,"Black Star":6,"Letter Opener":3,"Cracked Core":0},{"Tiny Chest":17,"Black Star":30,"Letter Opener":11,"Cracked Core":0}]},"card_choices":[{"not_picked":["Loop","Doom and Gloom"],"picked":"Go for the Eyes","floor":1.0},{"not_picked":["Recycle","Heatsinks"],"picked":"Defragment","floor":5.0},{"not_picked":["Gash","Go for the Eyes"],"picked":"Double Energy","floor":7.0},{"not_picked":["Leap","Rebound"],"picked":"Recycle","floor":13.0},{"not_picked":["Rebound","Rip and Tear"],"picked":"Ball Lightning","floor":14.0},{"not_picked":["Fission","Rainbow"],"picked":"Buffer","floor":16.0},{"not_picked":["Gash","Stack"],"picked":"Coolheaded","floor":18.0},{"not_picked":["FTL","Beam Cell"],"picked":"Defragment","floor":19},{"not_picked":["Go for the Eyes","Leap"],"picked":"Conserve Battery+1","floor":20}],"player_experience":956835,"relics_obtained":[{"floor":9.0,"key":"Letter Opener"},{"floor":13.0,"key":"Tiny Chest"}],"event_choices":[{"damage_healed":0.0,"max_hp_gain":0.0,"max_hp_loss":0.0,"gold_gain":50.0,"event_name":"FaceTrader","player_choice":"Touch","floor":2.0,"gold_loss":0.0,"damage_taken":6.0},{"damage_healed":0.0,"max_hp_gain":0.0,"max_hp_loss":0.0,"gold_gain":0.0,"event_name":"Shining Light","player_choice":"Entered Light","floor":4.0,"gold_loss":0.0,"damage_taken":19.0,"cards_upgraded":["Defend_B","Defend_B"]},{"cards_removed":["Strike_B"],"damage_healed":0.0,"max_hp_gain":0.0,"max_hp_loss":0.0,"gold_gain":0.0,"event_name":"Golden Wing","player_choice":"Card Removal","floor":12.0,"gold_loss":0.0,"damage_taken":7.0}],"is_beta":false,"boss_relics":[{"not_picked":["Fusion Hammer","Astrolabe"],"picked":"Black Star"}],"items_purged_floors":[3],"is_endless":false,"potions_floor_spawned":[7,14],"killed_by":"Sentry and Sphere","ascension_level":20}}