{"host":"zke3fwiit0h580fo","time":1611679293,"event":{"mods":["AchievementEnabler","BaseMod","Colored Map","Colored Powertips","Hubris","Minty Spire (QoL Compilation)","Quick Restart","Relic Stats","Replay The Spire","StSLib","SuperFastMode"],"gold_per_floor":[109,124,124,135,310,310,310,310],"floor_reached":7,"language":"ENG","playtime":146,"items_purged":[],"score":49,"play_id":"345db6ff-c49b-413b-9fdf-b5a8b60ae3c6","local_time":"20210126174133","is_ascension_mode":true,"campfire_choices":[{"data":"Bash","floor":6,"key":"SMITH"}],"circlet_count":0,"master_deck":["Strike_R","Strike_R","Strike_R","Strike_R","Defend_R","Defend_R","Bash+1","Clash","Perfected Strike","Limit Break","Doubt"],"relics":["Empty Cage"],"acts_visited":["Exordium"],"potions_floor_usage":[],"damage_taken":[{"damage":9,"enemies":"Jaw Worm","floor":1,"turns":4},{"damage":1,"enemies":"2 Louse","floor":2,"turns":2},{"damage":6,"enemies":"Cultist","floor":4,"turns":3},{"damage":71,"enemies":"Lagavulin","floor":7,"turns":6}],"seed_played":"-1899195759318037233","potions_obtained":[],"is_trial":false,"path_per_floor":["M","M","?","M","?","R","E"],"character_chosen":"IRONCLAD","items_purchased":[],"campfire_rested":0,"item_purchase_floors":[],"current_hp_per_floor":[71,70,70,64,64,64,0,0],"gold":310,"neow_bonus":"BOSS_RELIC","is_daily":false,"chose_seed":false,"campfire_upgraded":1,"win_rate":0.0,"timestamp":1611679293,"path_taken":["M","M","?","M","?","R","E"],"items_purchased_type":[],"build_version":"2020-12-22","purchased_purges":0,"victory":false,"max_hp_per_floor":[80,80,80,80,80,80,80,80],"relic_stats":{"counters":[4,15],"obtain_stats":[{"Empty Cage":0,"Burning Blood":0},{"Empty Cage":0,"Burning Blood":0},{"Empty Cage":0,"Burning Blood":0}]},"card_choices":[{"not_picked":["Havoc","Anger"],"picked":"Clash","floor":1},{"not_picked":["ReplayTheSpireMod:Strike From Hell","Warcry"],"picked":"Perfected Strike","floor":2},{"not_picked":["Massacre","Corruption","ReplayTheSpireMod:Strike From Hell"],"picked":"SKIP","floor":4}],"player_experience":57513,"relics_obtained":[],"event_choices":[{"damage_healed":0,"gold_gain":0,"cards_transformed":["Defend_R"],"player_choice":"Change","damage_taken":0,"max_hp_gain":0,"max_hp_loss":0,"event_name":"Living Wall","floor":3,"gold_loss":0,"cards_obtained":["Limit Break"]},{"damage_healed":0,"gold_gain":175,"player_choice":"AGREE","damage_taken":0,"max_hp_gain":0,"max_hp_loss":0,"event_name":"Liars Game","floor":5,"gold_loss":0,"cards_obtained":["Doubt"]}],"is_beta":false,"boss_relics":[],"items_purged_floors":[],"is_endless":false,"potions_floor_spawned":[],"killed_by":"Lagavulin","ascension_level":4}}