{"host":"q6gu1aul14zxqpxq","time":1611685422,"event":{"mods":["AchievementEnabler","BaseMod","Colored Map","Colored Powertips","Downfall","Googly Eyes","Highlight Path","Minty Spire (QoL Compilation)","Rare Cards Sparkle","StSLib","everything is the same but u backflip on backflip"],"gold_per_floor":[109,129,129,141,141,141,176,64,91,91,109,123,143,64,64,165,165,177,193,208,208,208,208],"floor_reached":22,"language":"ENG","playtime":1003,"items_purged":[],"score":244,"play_id":"1210fac5-f9cb-4a0a-b4c1-a846f69f7b66","local_time":"20210126192342","is_ascension_mode":true,"campfire_choices":[{"data":"Gash","floor":6,"key":"SMITH"},{"floor":15,"key":"REST"}],"circlet_count":0,"master_deck":["Strike_B","Strike_B","Strike_B","Strike_B","Defend_B","Defend_B+1","Defend_B","Zap","Dualcast+1","Force Field","Self Repair","Go for the Eyes","Gash+1","Gash","Scrape","Skim","downfall:Bewildered","downfall:Malfunctioning","Decay","Beam Cell","Gash","Reboot","Electrodynamics","Reboot","CurseOfTheBell","Seek"],"relics":["Cracked Core","downfall:ExtraCursedKey","Ancient Tea Set","Anchor","Calling Bell","MealTicket","Molten Egg 2","Peace Pipe"],"acts_visited":["Exordium","TheCity"],"potions_floor_usage":[18,19],"damage_taken":[{"damage":0,"enemies":"Small Slimes","floor":1,"turns":2},{"damage":0,"enemies":"2 Louse","floor":2,"turns":2},{"damage":9,"enemies":"Jaw Worm","floor":4,"turns":3},{"damage":45,"enemies":"Gremlin Nob","floor":7,"turns":5},{"damage":1,"enemies":"Red Slaver","floor":11,"turns":3},{"damage":4,"enemies":"Lots of Slimes","floor":12,"turns":4},{"damage":9,"enemies":"Blue Slaver","floor":13,"turns":4},{"damage":24,"enemies":"The Guardian","floor":16,"turns":10},{"damage":24,"enemies":"Shell Parasite","floor":18,"turns":4},{"damage":2,"enemies":"3 Byrds","floor":19,"turns":3},{"damage":24,"enemies":"Snecko","floor":20,"turns":5},{"damage":26,"enemies":"Shelled Parasite and Fungi","floor":22,"turns":2}],"seed_played":"5975362021816775465","potions_obtained":[{"floor":1,"key":"SpeedPotion"},{"floor":7,"key":"champ:CounterPotion"},{"floor":11,"key":"AttackPotion"},{"floor":12,"key":"FearPotion"},{"floor":19,"key":"SteroidPotion"}],"is_trial":false,"path_per_floor":["M","M","?","M","?","R","E","$","T","?","M","M","M","$","R","B",null,"M","M","M","?","M"],"character_chosen":"DEFECT","items_purchased":["Scrape","Skim","Electrodynamics"],"campfire_rested":1,"item_purchase_floors":[8,8,14],"current_hp_per_floor":[68,68,53,51,51,51,13,13,13,13,12,15,13,13,35,18,61,37,35,18,18,0,0],"gold":208,"neow_bonus":"TRANSFORM_CARD","is_daily":false,"chose_seed":false,"campfire_upgraded":1,"win_rate":0.0,"timestamp":1611685422,"path_taken":["M","M","?","M","?","R","E","$","T","?","?","M","M","?","R","BOSS","M","M","M","?","M"],"items_purchased_type":["Card","Card","Card"],"build_version":"2020-12-22","purchased_purges":0,"victory":false,"max_hp_per_floor":[75,75,75,75,75,75,75,75,75,75,75,75,75,75,75,75,75,75,75,75,75,75,75],"card_choices":[{"not_picked":["Beam Cell","Rebound"],"picked":"Self Repair","floor":1},{"not_picked":["BootSequence","Rebound"],"picked":"Go for the Eyes","floor":2},{"not_picked":["Scrape","Force Field"],"picked":"Gash","floor":4},{"not_picked":["Sweeping Beam","Beam Cell"],"picked":"Gash","floor":7},{"not_picked":["Coolheaded","Stack"],"picked":"Beam Cell","floor":11},{"not_picked":["Steam Power","Cold Snap"],"picked":"Gash","floor":12},{"not_picked":["Go for the Eyes","Leap"],"picked":"Reboot","floor":13},{"not_picked":["Core Surge","Hyperbeam"],"picked":"Reboot","floor":16},{"not_picked":["Redo+1","Heatsinks","Cold Snap+1"],"picked":"SKIP","floor":18},{"not_picked":["Redo","Conserve Battery+1"],"picked":"Seek","floor":19},{"not_picked":["Consume+1","Fusion","Coolheaded"],"picked":"SKIP","floor":20}],"player_experience":344041,"relics_obtained":[{"floor":7,"key":"Ancient Tea Set"},{"floor":9,"key":"Anchor"},{"floor":17,"key":"MealTicket"},{"floor":17,"key":"Molten Egg 2"},{"floor":17,"key":"Peace Pipe"}],"event_choices":[{"damage_healed":0,"gold_gain":0,"player_choice":"Entered Light","damage_taken":15,"max_hp_gain":0,"max_hp_loss":0,"event_name":"Shining Light","floor":3,"gold_loss":0,"cards_upgraded":["Defend_B","Dualcast"]},{"damage_healed":0,"gold_gain":0,"player_choice":"Cursed","damage_taken":0,"max_hp_gain":0,"max_hp_loss":0,"event_name":"Wheel of Change","floor":10,"gold_loss":0,"cards_obtained":["Decay"]}],"is_beta":false,"boss_relics":[{"not_picked":["Sozu","bronze:MakeshiftBattery"],"picked":"Calling Bell"}],"items_purged_floors":[],"is_endless":false,"potions_floor_spawned":[1,7,11,12,16,19],"killed_by":"Shelled Parasite and Fungi","ascension_level":6}}