{"host":"8is2j71l4wmybkoi","time":1611666794,"event":{"mods":["AchievementEnabler","BaseMod","Colored Map","Minty Spire (QoL Compilation)","Rare Cards Sparkle","StSLib","SuperFastMode"],"gold_per_floor":[113,132,132,132,152,152,180,180,180,211,286,302,341,367,367,450,477,477,503,513,522,25,25,75,111,111,129,238,264,264,317,317,401,401,422,402,423,423,68,68,95,95,95,117,117,143,166,175,175,175,175],"floor_reached":52,"language":"KOR","playtime":1863,"items_purged":["Defend_B"],"score":1926,"play_id":"3c77f6bd-3b43-4e58-ba8c-933be6a77323","local_time":"20210126221314","is_ascension_mode":true,"campfire_choices":[{"data":"Zap","floor":6.0,"key":"SMITH"},{"data":"Buffer","floor":8.0,"key":"SMITH"},{"data":"1","floor":15.0,"key":"LIFT"},{"data":"Aggregate","floor":23.0,"key":"SMITH"},{"data":"2","floor":30.0,"key":"LIFT"},{"data":"Defragment","floor":32.0,"key":"SMITH"},{"data":"3","floor":40.0,"key":"LIFT"},{"data":"Heatsinks","floor":45.0,"key":"SMITH"},{"data":"Deep Breath","floor":49.0,"key":"SMITH"}],"circlet_count":0,"master_deck":["AscendersBane","Zap+1","Dualcast","Rip and Tear","Cold Snap","Melter","Buffer+1","Skim","Turbo","FTL","Aggregate+1","Core Surge","Defragment+1","Ball Lightning+1","Reinforced Body+1","Conserve Battery","Glacier","Defragment+1","Consume","Lockon","Force Field","Capacitor","Static Discharge","Echo Form","Double Energy","Conserve Battery+1","Capacitor","Coolheaded","Magnetism","Deep Breath+1","Panache","Heatsinks+1","Stack+1","Auto Shields+1","Writhe"],"relics":["Cracked Core","NeowsBlessing","Letter Opener","Meat on the Bone","Girya","CeramicFish","Astrolabe","Lee\u0027s Waffle","Happy Flower","Cables","Darkstone Periapt","Torii","Mummified Hand","Blood Vial","Coffee Dripper","Gremlin Horn","Prayer Wheel"],"acts_visited":["Exordium","TheCity","TheBeyond"],"potions_floor_usage":[],"damage_taken":[{"damage":0.0,"enemies":"2 Louse","floor":1.0,"turns":1.0},{"damage":0.0,"enemies":"Small Slimes","floor":2.0,"turns":1.0},{"damage":0.0,"enemies":"Cultist","floor":5.0,"turns":1.0},{"damage":26.0,"enemies":"Lagavulin","floor":7.0,"turns":7.0},{"damage":18.0,"enemies":"3 Sentries","floor":10.0,"turns":5.0},{"damage":6.0,"enemies":"3 Louse","floor":12.0,"turns":2.0},{"damage":0.0,"enemies":"Gremlin Nob","floor":13.0,"turns":3.0},{"damage":10.0,"enemies":"Exordium Wildlife","floor":14.0,"turns":2.0},{"damage":7.0,"enemies":"Slime Boss","floor":16.0,"turns":9.0},{"damage":0.0,"enemies":"2 Thieves","floor":18.0,"turns":1.0},{"damage":29.0,"enemies":"3 Byrds","floor":19.0,"turns":5.0},{"damage":25.0,"enemies":"Snake Plant","floor":20.0,"turns":3.0},{"damage":30.0,"enemies":"Book of Stabbing","floor":25.0,"turns":7.0},{"damage":0.0,"enemies":"Colosseum Slavers","floor":28.0,"turns":4.0},{"damage":17.0,"enemies":"Colosseum Nobs","floor":28.0,"turns":7.0},{"damage":0.0,"enemies":"Shelled Parasite and Fungi","floor":29.0,"turns":4.0},{"damage":0.0,"enemies":"Collector","floor":33.0,"turns":10.0},{"damage":14.0,"enemies":"3 Shapes","floor":35.0,"turns":4.0},{"damage":0.0,"enemies":"3 Darklings","floor":37.0,"turns":6.0},{"damage":40.0,"enemies":"Spire Growth","floor":44.0,"turns":5.0},{"damage":23.0,"enemies":"Jaw Worm Horde","floor":46.0,"turns":3.0},{"damage":1.0,"enemies":"Writhing Mass","floor":47.0,"turns":5.0},{"damage":25.0,"enemies":"Donu and Deca","floor":50.0,"turns":9.0},{"damage":40,"enemies":"Time Eater","floor":51,"turns":12}],"seed_played":"-3568451230087920616","potions_obtained":[{"floor":1.0,"key":"LiquidBronze"},{"floor":12.0,"key":"BlessingOfTheForge"},{"floor":13.0,"key":"EssenceOfDarkness"},{"floor":16.0,"key":"SmokeBomb"},{"floor":25.0,"key":"SpeedPotion"},{"floor":28.0,"key":"DistilledChaos"},{"floor":33.0,"key":"Dexterity Potion"},{"floor":35.0,"key":"DuplicationPotion"},{"floor":47.0,"key":"EssenceOfDarkness"}],"is_trial":false,"path_per_floor":["M","M","?","?","M","R","E","R","T","E","?","M","E","M","R","B",null,"M","M","M","?","$","R","?","E","T","?","?","M","R","T","R","B",null,"M","?","M","?","$","R","?","?","T","M","R","M","M","?","R","B","B",null],"character_chosen":"DEFECT","items_purchased":["Lee\u0027s Waffle","Coolheaded","Happy Flower","Defragment","Capacitor","Gremlin Horn","Coolheaded"],"campfire_rested":0,"item_purchase_floors":[22,22,22,22,39,39,39],"current_hp_per_floor":[64,64,57,57,57,57,31,31,31,25,14,20,32,34,34,39,63,63,46,33,33,78,78,78,48,48,48,43,43,43,43,43,45,70,58,58,60,60,60,60,50,50,50,24,24,15,28,50,50,39,13],"gold":175,"neow_bonus":"THREE_ENEMY_KILL","is_daily":false,"chose_seed":false,"campfire_upgraded":6,"win_rate":0.0,"timestamp":1611666794,"path_taken":["M","M","?","?","?","R","E","R","T","E","?","M","E","M","R","BOSS","M","M","M","?","$","R","?","E","T","?","?","M","R","?","R","BOSS","M","?","?","?","$","R","?","?","T","M","R","M","M","?","R","BOSS","BOSS"],"items_purchased_type":["Relic","Card","Relic","Card","Card","Relic","Card"],"build_version":"2020-12-22","purchased_purges":1,"victory":true,"max_hp_per_floor":[71,71,71,71,71,71,71,71,71,71,71,71,71,71,71,71,71,71,71,71,71,78,78,78,78,78,78,78,78,78,78,78,78,78,78,78,78,78,78,78,78,78,78,78,78,78,78,84,84,84,84],"card_choices":[{"not_picked":["Reprogram","Beam Cell"],"picked":"Rip and Tear","floor":1.0},{"not_picked":["Darkness","Rebound"],"picked":"Cold Snap","floor":2.0},{"not_picked":["Rebound","Cold Snap"],"picked":"Melter","floor":5.0},{"not_picked":["Coolheaded","Double Energy"],"picked":"Buffer","floor":7.0},{"not_picked":["Cold Snap","Redo"],"picked":"Skim","floor":10.0},{"not_picked":["Storm","Gash"],"picked":"Turbo","floor":12.0},{"not_picked":["Reprogram","Double Energy"],"picked":"FTL","floor":13.0},{"not_picked":["Coolheaded","Hologram"],"picked":"Aggregate","floor":14.0},{"not_picked":["All For One","Machine Learning"],"picked":"Core Surge","floor":16.0},{"not_picked":["Streamline","Ball Lightning"],"picked":"Conserve Battery","floor":19.0},{"not_picked":["Conserve Battery","Barrage","Compile Driver"],"picked":"SKIP","floor":20.0},{"not_picked":["Streamline","Hyperbeam"],"picked":"Consume","floor":25.0},{"not_picked":["Ball Lightning","Turbo"],"picked":"Capacitor","floor":28.0},{"not_picked":["Scrape","Gash"],"picked":"Static Discharge","floor":29.0},{"not_picked":["Electrodynamics","Meteor Strike"],"picked":"Echo Form","floor":33.0},{"not_picked":["Ball Lightning","Go for the Eyes"],"picked":"Double Energy","floor":35.0},{"not_picked":["Aggregate","Ball Lightning"],"picked":"Conserve Battery+1","floor":37.0},{"not_picked":["Dramatic Entrance","Blind"],"picked":"Magnetism","floor":41.0},{"not_picked":["Swift Strike","Enlightenment"],"picked":"Deep Breath","floor":41.0},{"not_picked":["Blind","Discovery"],"picked":"Panache","floor":41.0},{"not_picked":["BootSequence","Gash+1"],"picked":"Heatsinks","floor":44.0},{"not_picked":["Blizzard","Cold Snap+1","Sunder+1"],"picked":"SKIP","floor":44.0},{"not_picked":["Turbo","Gash","Reprogram"],"picked":"SKIP","floor":46.0},{"not_picked":["Hologram","Stack+1","Coolheaded"],"picked":"SKIP","floor":46.0},{"not_picked":["Hologram","Coolheaded"],"picked":"Stack+1","floor":46.0},{"not_picked":["Turbo","Gash","Reprogram"],"picked":"SKIP","floor":46.0},{"not_picked":["Storm","Capacitor"],"picked":"Auto Shields+1","floor":47.0},{"not_picked":["Blizzard","Leap+1","Capacitor"],"picked":"SKIP","floor":47.0}],"player_experience":822367,"relics_obtained":[{"floor":7.0,"key":"Letter Opener"},{"floor":9.0,"key":"Meat on the Bone"},{"floor":10.0,"key":"Girya"},{"floor":13.0,"key":"CeramicFish"},{"floor":25.0,"key":"Cables"},{"floor":26.0,"key":"Darkstone Periapt"},{"floor":28.0,"key":"Torii"},{"floor":28.0,"key":"Mummified Hand"},{"floor":31.0,"key":"Blood Vial"},{"floor":43.0,"key":"Prayer Wheel"}],"event_choices":[{"cards_removed":["Strike_B"],"damage_healed":0.0,"max_hp_gain":0.0,"max_hp_loss":0.0,"gold_gain":0.0,"event_name":"Golden Wing","player_choice":"Card Removal","floor":3.0,"gold_loss":0.0,"damage_taken":7.0},{"cards_removed":["Strike_B"],"damage_healed":0.0,"max_hp_gain":0.0,"max_hp_loss":0.0,"gold_gain":0.0,"event_name":"Purifier","player_choice":"Purged","floor":4.0,"gold_loss":0.0,"damage_taken":0.0},{"damage_healed":0.0,"max_hp_gain":0.0,"max_hp_loss":0.0,"gold_gain":75.0,"event_name":"World of Goop","player_choice":"Gather Gold","floor":11.0,"gold_loss":0.0,"damage_taken":11.0},{"damage_healed":0.0,"max_hp_gain":0.0,"max_hp_loss":0.0,"gold_gain":0.0,"event_name":"The Library","player_choice":"Read","floor":21.0,"gold_loss":0.0,"damage_taken":0.0,"cards_obtained":["Glacier"]},{"damage_healed":0.0,"max_hp_gain":0.0,"max_hp_loss":0.0,"gold_gain":50.0,"event_name":"Nest","player_choice":"Stole From Cult","floor":24.0,"gold_loss":0.0,"damage_taken":0.0},{"damage_healed":0.0,"max_hp_gain":0.0,"max_hp_loss":0.0,"gold_gain":0.0,"cards_transformed":["Defend_B","Defend_B"],"event_name":"Drug Dealer","player_choice":"Became Test Subject","floor":27.0,"gold_loss":0.0,"damage_taken":0.0,"cards_obtained":["Lockon","Force Field"]},{"damage_healed":0.0,"max_hp_gain":0.0,"max_hp_loss":0.0,"gold_gain":0.0,"event_name":"Colosseum","player_choice":"Fight","floor":28.0,"gold_loss":0.0,"damage_taken":0.0},{"damage_healed":0.0,"max_hp_gain":0.0,"max_hp_loss":0.0,"gold_gain":0.0,"event_name":"Colosseum","player_choice":"Fought Nobs","floor":28.0,"gold_loss":0.0,"damage_taken":0.0},{"damage_healed":0.0,"max_hp_gain":0.0,"max_hp_loss":0.0,"gold_gain":0.0,"event_name":"The Woman in Blue","player_choice":"Bought 1 Potion","floor":36.0,"gold_loss":0.0,"damage_taken":0.0},{"cards_removed":["Coolheaded"],"damage_healed":0.0,"max_hp_gain":0.0,"max_hp_loss":0.0,"gold_gain":0.0,"event_name":"Falling","player_choice":"Removed Skill","floor":38.0,"gold_loss":0.0,"damage_taken":0.0},{"damage_healed":0.0,"max_hp_gain":0.0,"max_hp_loss":0.0,"gold_gain":0.0,"event_name":"SensoryStone","player_choice":"Memory 3","floor":41.0,"gold_loss":0.0,"damage_taken":10.0},{"damage_healed":0.0,"max_hp_gain":0.0,"max_hp_loss":0.0,"gold_gain":0.0,"event_name":"Mysterious Sphere","player_choice":"Ignored","floor":42.0,"gold_loss":0.0,"damage_taken":0.0},{"damage_healed":16.0,"max_hp_gain":0.0,"max_hp_loss":0.0,"gold_gain":0.0,"event_name":"Winding Halls","player_choice":"Writhe","floor":48.0,"gold_loss":0.0,"damage_taken":0.0,"cards_obtained":["Writhe"]}],"is_beta":false,"boss_relics":[{"not_picked":["Nuclear Battery","Cursed Key"],"picked":"Astrolabe"},{"not_picked":["Empty Cage","Runic Dome"],"picked":"Coffee Dripper"}],"items_purged_floors":[22],"is_endless":false,"potions_floor_spawned":[1,12,13,16,18,25,28,33,35,47],"ascension_level":20}}