{"host":"kywtqy4o43fs5yna","time":1611644610,"event":{"mods":["AchievementEnabler","Act Like it!","BaseMod","Better Note","BetterRewards","Colored Map","Minty Spire (QoL Compilation)","Quick Restart","Rare Cards Sparkle","StSLib","SuperFastMode"],"gold_per_floor":[118,42,52,26,26,26,55,55,55,55,65,94,43,56,56,157,157,176,195,98,98,115,144,144,173,173,173,184,138,53,78,78,78,78],"floor_reached":33,"language":"RUS","playtime":1731,"items_purged":[],"score":526,"play_id":"46612e3e-005b-4f75-a1f7-488b6e81d855","local_time":"20210126170330","is_ascension_mode":true,"campfire_choices":[{"data":"Bouncing Flask","floor":6,"key":"SMITH"},{"data":"Catalyst","floor":8,"key":"SMITH"},{"floor":15,"key":"REST"},{"floor":24,"key":"REST"},{"data":"1","floor":32,"key":"LIFT"}],"circlet_count":0,"master_deck":["Strike_G","Strike_G","Defend_G","Defend_G","Defend_G","Defend_G","Survivor","Neutralize","Blade Dance","Catalyst+1","Choke","Bouncing Flask+1","Dodge and Roll+1","Flying Knee","Deadly Poison+1","Blur+1","Blade Dance+1","Outmaneuver+1","Regret","Deflect+1","Poisoned Stab","Dagger Throw","Deadly Poison+1","Terror+1","Bullet Time+1","Concentrate+1","Bouncing Flask+1","Infinite Blades+1","Blur+1","Quick Slash+1","Impatience+1","Noxious Fumes","Corpse Explosion+1","Crippling Poison+1","Tactician+1","Deadly Poison+1","Backflip+1"],"relics":["Ring of the Snake","Lee\u0027s Waffle","Ice Cream","Tiny Chest","Toxic Egg 2","Akabeko","Sundial","The Specimen","Regal Pillow","Girya","Astrolabe","StoneCalendar","Omamori","Shovel","Ninja Scroll","WingedGreaves","Art of War"],"acts_visited":["Exordium","TheCity"],"potions_floor_usage":[23,31,31],"damage_taken":[{"damage":0,"enemies":"Cultist","floor":1,"turns":2},{"damage":6,"enemies":"2 Louse","floor":3,"turns":2},{"damage":22,"enemies":"Gremlin Nob","floor":7,"turns":4},{"damage":0,"enemies":"Small Slimes","floor":11,"turns":2},{"damage":15,"enemies":"Lagavulin","floor":12,"turns":6},{"damage":2,"enemies":"2 Fungi Beasts","floor":14,"turns":2},{"damage":29,"enemies":"Hexaghost","floor":16,"turns":6},{"damage":21,"enemies":"Shell Parasite","floor":18,"turns":3},{"damage":17,"enemies":"2 Thieves","floor":19,"turns":3},{"damage":16,"enemies":"3 Cultists","floor":22,"turns":4},{"damage":9,"enemies":"Slavers","floor":23,"turns":4},{"damage":12,"enemies":"Book of Stabbing","floor":25,"turns":3},{"damage":1,"enemies":"Centurion and Healer","floor":28,"turns":4},{"damage":22,"enemies":"Gremlin Leader","floor":31,"turns":3},{"damage":22,"enemies":"Automaton","floor":33,"turns":4}],"seed_played":"1201626244932141040","potions_obtained":[{"floor":7,"key":"Energy Potion"},{"floor":11,"key":"Poison Potion"},{"floor":12,"key":"Swift Potion"},{"floor":19,"key":"LiquidBronze"},{"floor":25,"key":"LiquidMemories"}],"is_trial":false,"path_per_floor":["M","$","M","$","?","R","E","R","T","?","M","E","$","M","R","B",null,"M","M","$","T","M","E","R","E","T","?","M","$","?","E","R","B"],"character_chosen":"THE_SILENT","items_purchased":["Lee\u0027s Waffle","Ice Cream","Blade Dance","Catalyst","Choke","Tiny Chest","Bouncing Flask","Toxic Egg 2","Dodge and Roll+1","Flying Knee","Blur+1","Outmaneuver+1","Deadly Poison+1","Impatience+1","Deadly Poison+1"],"campfire_rested":2,"item_purchase_floors":[0,0,0,0,0,0,0,0,0,0,2,4,13,20,29],"current_hp_per_floor":[77,77,71,71,71,71,49,49,49,49,49,34,34,32,70,41,77,56,39,39,39,23,14,52,40,40,40,39,39,39,17,17,0,0],"gold":78,"neow_bonus":"","is_daily":false,"chose_seed":false,"campfire_upgraded":2,"win_rate":0.0,"timestamp":1611644610,"path_taken":["M","$","?","$","?","R","E","R","T","?","M","E","$","M","R","BOSS","M","M","$","?","M","E","R","E","T","?","M","$","?","E","R","BOSS"],"items_purchased_type":["Relic","Relic","Card","Card","Card","Relic","Card","Relic","Card","Card","Card","Card","Card","Card","Card"],"build_version":"2020-12-22","purchased_purges":0,"victory":false,"max_hp_per_floor":[77,77,77,77,77,77,77,77,77,77,77,77,77,77,77,77,77,77,77,77,77,77,77,77,77,77,77,77,77,77,77,77,77,77],"card_choices":[{"not_picked":["Dagger Throw","Heel Hook"],"picked":"Deadly Poison+1","floor":1},{"not_picked":["Masterful Stab","Endless Agony"],"picked":"Blade Dance+1","floor":3},{"not_picked":["Dagger Throw","Leg Sweep+1"],"picked":"Deflect+1","floor":7},{"not_picked":["Dodge and Roll+1","Slice"],"picked":"Poisoned Stab","floor":11},{"not_picked":["Skewer","Predator"],"picked":"Dagger Throw","floor":12},{"not_picked":["Dodge and Roll+1","Leg Sweep+1"],"picked":"Terror+1","floor":14},{"not_picked":["A Thousand Cuts","Grand Finale"],"picked":"Bullet Time+1","floor":16},{"not_picked":["Cloak And Dagger+1","Sucker Punch"],"picked":"Blur+1","floor":18},{"not_picked":["Footwork","Dagger Throw"],"picked":"Quick Slash+1","floor":19},{"not_picked":["Underhanded Strike","Doppelganger+1"],"picked":"Noxious Fumes","floor":22},{"not_picked":["Crippling Poison+1","Acrobatics+1"],"picked":"Corpse Explosion+1","floor":23},{"not_picked":["Tools of the Trade","Cloak And Dagger+1"],"picked":"Crippling Poison+1","floor":25},{"not_picked":["Outmaneuver+1","Dagger Spray+1"],"picked":"Tactician+1","floor":28},{"not_picked":["Predator","Calculated Gamble+1"],"picked":"Backflip+1","floor":31}],"player_experience":184551,"relics_obtained":[{"floor":7,"key":"Sundial"},{"floor":9,"key":"The Specimen"},{"floor":12,"key":"Girya"},{"floor":21,"key":"StoneCalendar"},{"floor":23,"key":"Omamori"},{"floor":25,"key":"Shovel"},{"floor":26,"key":"Ninja Scroll"},{"floor":31,"key":"Art of War"}],"event_choices":[{"damage_healed":0,"gold_gain":0,"player_choice":"Box","damage_taken":0,"relics_obtained":["Akabeko"],"max_hp_gain":0,"max_hp_loss":0,"event_name":"Big Fish","floor":5,"gold_loss":0,"cards_obtained":["Regret"]},{"damage_healed":0,"gold_gain":0,"player_choice":"Gave Potion","damage_taken":0,"relics_obtained":["Regal Pillow"],"max_hp_gain":0,"max_hp_loss":0,"event_name":"WeMeetAgain","floor":10,"gold_loss":0},{"cards_removed":["Strike_G"],"damage_healed":0,"gold_gain":0,"player_choice":"Elegance","damage_taken":0,"max_hp_gain":0,"max_hp_loss":0,"event_name":"Back to Basics","floor":27,"gold_loss":0},{"damage_healed":0,"gold_gain":0,"player_choice":"Obtained Relic","damage_taken":0,"relics_obtained":["WingedGreaves"],"max_hp_gain":0,"max_hp_loss":0,"event_name":"Addict","floor":30,"gold_loss":85}],"is_beta":false,"boss_relics":[{"not_picked":["Fusion Hammer","WristBlade"],"picked":"Astrolabe"}],"items_purged_floors":[],"is_endless":false,"potions_floor_spawned":[7,11,12,19,25],"killed_by":"Automaton","ascension_level":3}}