{"host":"y89x8uui45kcjy42","time":1611636670,"event":{"mods":["2.2 Compatiblity","BaseMod","CapriCore","Colored Map","Colored Powertips","Custom Start","Friendly Minions","Keyboard Shortcuts","Minty Spire (QoL Compilation)","Relic Stats","Slay the Relics Exporter","StSLib","SuperFastMode","Uncapped"],"gold_per_floor":[217,179,199,210,236,267,267,294,294,328,328,359,370,424,424,497,547,563,563,578,589,290,323,323,334,334,249,261,289,303,336,336,413,413,433,433,451,502,502,502,502,502,502,353,353,353,353,259,259,259,259,259,259,108,138,138],"floor_reached":57,"language":"KOR","playtime":1494,"items_purged":["Strike_R","Strike_R","Dual Wield","Bash+1"],"score":3218,"play_id":"d207c68c-b41b-4d8b-916f-fd22e574b15b","local_time":"20210126135110","is_ascension_mode":true,"campfire_choices":[{"data":"Bash","floor":7.0,"key":"SMITH"},{"data":"Rampage","floor":11.0,"key":"SMITH"},{"data":"Bludgeon","floor":15.0,"key":"SMITH"},{"data":"Limit Break","floor":24.0,"key":"SMITH"},{"data":"Rampage","floor":32.0,"key":"SMITH"},{"data":"Uppercut","floor":40,"key":"SMITH"},{"data":"Finesse","floor":41,"key":"SMITH"},{"data":"Shrug It Off","floor":42,"key":"SMITH"},{"floor":45,"key":"RECALL"},{"data":"Shrug It Off","floor":47,"key":"SMITH"},{"data":"Disarm","floor":49,"key":"SMITH"},{"data":"Offering","floor":53,"key":"SMITH"}],"circlet_count":0,"master_deck":["Pommel Strike+1","Rampage+1","Shrug It Off+1","Limit Break+1","Shrug It Off+1","Rampage+1","Offering+1","Uppercut+1","Finesse+1","Pummel+1","Disarm+1","Reprogram+1"],"relics":["Black Blood","Vajra","Oddly Smooth Stone","Coffee Dripper","Magic Flower","HolyWater","Ring of the Serpent","Membership Card","StrikeDummy","Paper Frog","Red Skull","Meat on the Bone","Thread and Needle","Vajra","Paper Crane","Potion Belt","Boot","Orrery","Mango","Pocketwatch","Tiny Chest","Matryoshka","Coffee Dripper","Incense Burner","Mummified Hand","HandDrill","Smiling Mask","Turnip","WingedGreaves","Anchor","Akabeko"],"acts_visited":["Exordium","TheCity","TheBeyond","TheEnding"],"potions_floor_usage":[38,38,56,56,56,56,56,56,56,56],"damage_taken":[{"damage":0.0,"enemies":"Cultist","floor":1.0,"turns":2.0},{"damage":0.0,"enemies":"Jaw Worm","floor":3.0,"turns":2.0},{"damage":3.0,"enemies":"2 Louse","floor":4.0,"turns":2.0},{"damage":0.0,"enemies":"Lagavulin","floor":6.0,"turns":2.0},{"damage":0.0,"enemies":"Gremlin Nob","floor":8.0,"turns":2.0},{"damage":0.0,"enemies":"Lagavulin","floor":10.0,"turns":2.0},{"damage":0.0,"enemies":"3 Sentries","floor":12.0,"turns":5.0},{"damage":1.0,"enemies":"Exordium Thugs","floor":13.0,"turns":2.0},{"damage":0.0,"enemies":"The Guardian","floor":16.0,"turns":5.0},{"damage":1.0,"enemies":"2 Thieves","floor":18.0,"turns":2.0},{"damage":0.0,"enemies":"3 Byrds","floor":20.0,"turns":3.0},{"damage":6.0,"enemies":"Shelled Parasite and Fungi","floor":21.0,"turns":4.0},{"damage":6.0,"enemies":"Book of Stabbing","floor":23.0,"turns":3.0},{"damage":10.0,"enemies":"Centurion and Healer","floor":25.0,"turns":3.0},{"damage":0.0,"enemies":"Snake Plant","floor":28.0,"turns":2.0},{"damage":18.0,"enemies":"Slavers","floor":29.0,"turns":3.0},{"damage":6.0,"enemies":"Snecko","floor":30.0,"turns":2.0},{"damage":0.0,"enemies":"Gremlin Leader","floor":31.0,"turns":4.0},{"damage":14.0,"enemies":"Automaton","floor":33.0,"turns":6.0},{"damage":6,"enemies":"3 Shapes","floor":35,"turns":3},{"damage":6,"enemies":"3 Darklings","floor":37,"turns":3},{"damage":6,"enemies":"2 Orb Walkers","floor":38,"turns":2},{"damage":16,"enemies":"Donu and Deca","floor":50,"turns":5},{"damage":30,"enemies":"Time Eater","floor":51,"turns":5},{"damage":13,"enemies":"Shield and Spear","floor":55,"turns":5},{"damage":6,"enemies":"The Heart","floor":56,"turns":6}],"seed_played":"-5226168284461292671","potions_obtained":[{"floor":4.0,"key":"LiquidBronze"},{"floor":6.0,"key":"SpeedPotion"},{"floor":10.0,"key":"HeartOfIron"},{"floor":13.0,"key":"EntropicBrew"},{"floor":16.0,"key":"Explosive Potion"},{"floor":21.0,"key":"SteroidPotion"},{"floor":23.0,"key":"Block Potion"},{"floor":29.0,"key":"Weak Potion"},{"floor":30.0,"key":"Ancient Potion"},{"floor":31.0,"key":"SteroidPotion"}],"is_trial":false,"path_per_floor":["M","$","M","M","T","E","R","E","T","E","R","E","M","T","R","B",null,"M","?","M","M","$","E","R","M","T","?","M","E","M","E","R","B",null,"M","?","M","?","?","R","R","R","T","$","R","T","R","$","R","B","B",null,"R","$","E","B",null],"character_chosen":"IRONCLAD","items_purchased":["Orrery","Mango","HandDrill","Disarm","Anchor","Dexterity Potion","EssenceOfSteel"],"campfire_rested":0,"item_purchase_floors":[22,22,44,48,54,54,54],"current_hp_per_floor":[75,75,75,75,75,75,75,75,75,75,75,75,75,75,75,75,80,80,80,80,80,94,94,94,94,94,94,94,94,94,94,94,94,94,94,94,94,94,94,94,94,94,94,94,94,94,94,94,94,94,82,91,91,91,94,94],"gold":138,"neow_bonus":"HUNDRED_GOLD","is_daily":false,"chose_seed":false,"campfire_upgraded":11,"win_rate":0.0,"timestamp":1611636670,"path_taken":["M","$","M","M","?","E","R","E","T","E","R","E","M","?","R","BOSS","M","?","M","M","$","E","R","M","T","?","M","E","M","E","R","BOSS","M","?","M","?","?","R","R","R","T","$","R","?","R","?","R","BOSS","BOSS","R","$","E","BOSS"],"items_purchased_type":["Relic","Relic","Relic","Card","Relic","Potion","Potion"],"build_version":"2020-12-22","purchased_purges":4,"victory":true,"max_hp_per_floor":[75,75,75,75,75,75,75,75,75,75,75,75,75,75,75,75,80,80,80,80,80,94,94,94,94,94,94,94,94,94,94,94,94,94,94,94,94,94,94,94,94,94,94,94,94,94,94,94,94,94,94,94,94,94,94,94],"relic_stats":{"counters":[26,85],"Mummified Hand":[0],"Black Blood":146,"Magic Flower":[22],"Tiny Chest":1,"Turnip":[3],"HandDrill":[12],"Boot":[7],"Smiling Mask":25,"obtain_stats":[{"Tiny House":17,"Black Blood":0,"Vajra":0,"Magic Flower":0,"Mango":22,"Incense Burner":38,"Boot":14,"Smiling Mask":46,"Burning Blood":0,"Matryoshka":29,"Mummified Hand":43,"Tiny Chest":27,"WingedGreaves":38,"HandDrill":44,"Red Skull":8,"Paper Frog":4,"Potion Belt":13,"Oddly Smooth Stone":0,"Thread and Needle":10,"Paper Crane":12,"Akabeko":55,"Anchor":54,"HolyWater":0,"Orrery":22,"Turnip":46,"Coffee Dripper":0,"Membership Card":1,"StrikeDummy":4,"Ring of the Serpent":0,"Meat on the Bone":9,"Pocketwatch":23},{"Tiny House":9,"Black Blood":0,"Vajra":0,"Magic Flower":0,"Mango":12,"Incense Burner":22,"Boot":8,"Smiling Mask":22,"Burning Blood":0,"Matryoshka":16,"Mummified Hand":22,"Tiny Chest":14,"WingedGreaves":22,"HandDrill":22,"Red Skull":5,"Paper Frog":3,"Potion Belt":8,"Oddly Smooth Stone":0,"Thread and Needle":6,"Paper Crane":7,"Akabeko":25,"Anchor":24,"HolyWater":0,"Orrery":12,"Turnip":22,"Coffee Dripper":0,"Membership Card":1,"StrikeDummy":3,"Ring of the Serpent":0,"Meat on the Bone":5,"Pocketwatch":13},{"Tiny House":24,"Black Blood":0,"Vajra":0,"Magic Flower":0,"Mango":33,"Incense Burner":64,"Boot":19,"Smiling Mask":64,"Burning Blood":0,"Matryoshka":44,"Mummified Hand":64,"Tiny Chest":39,"WingedGreaves":64,"HandDrill":64,"Red Skull":10,"Paper Frog":6,"Potion Belt":19,"Oddly Smooth Stone":0,"Thread and Needle":12,"Paper Crane":17,"Akabeko":79,"Anchor":74,"HolyWater":0,"Orrery":33,"Turnip":64,"Coffee Dripper":0,"Membership Card":2,"StrikeDummy":5,"Ring of the Serpent":0,"Meat on the Bone":10,"Pocketwatch":36}],"Meat on the Bone":0,"Pocketwatch":[17]},"card_choices":[{"not_picked":["Thunderclap","Warcry","Metallicize"],"picked":"SKIP","floor":1.0},{"not_picked":["Rampage","Perfected Strike"],"picked":"Pommel Strike","floor":3.0},{"not_picked":["Headbutt","True Grit","Reckless Charge"],"picked":"SKIP","floor":4.0},{"not_picked":["Perfected Strike","Inflame","Flame Barrier"],"picked":"SKIP","floor":6.0},{"not_picked":["Rupture","Whirlwind"],"picked":"Rampage","floor":8.0},{"not_picked":["Second Wind","Reckless Charge"],"picked":"Shrug It Off","floor":10.0},{"not_picked":["Clothesline","Immolate"],"picked":"Bludgeon","floor":12.0},{"not_picked":["Uppercut","Metallicize","Iron Wave"],"picked":"SKIP","floor":13.0},{"not_picked":["Corruption","Demon Form"],"picked":"Limit Break","floor":16.0},{"not_picked":["Cleave","Warcry"],"picked":"Shrug It Off","floor":18.0},{"not_picked":["Shrug It Off","Clothesline","Rampage"],"picked":"SKIP","floor":20.0},{"not_picked":["Feed","Twin Strike","Armaments"],"picked":"SKIP","floor":21.0},{"not_picked":["Body Slam+1","Anger"],"picked":"Offering","floor":22.0},{"not_picked":["Perfected Strike","Body Slam","Dropkick"],"picked":"SKIP","floor":23.0},{"not_picked":["Cleave","Sentinel","Clothesline"],"picked":"SKIP","floor":25.0},{"not_picked":["Entrench","Twin Strike+1","Searing Blow"],"picked":"SKIP","floor":28.0},{"not_picked":["Pommel Strike","Sword Boomerang","True Grit"],"picked":"SKIP","floor":29.0},{"not_picked":["Body Slam","Wild Strike"],"picked":"Uppercut","floor":30.0},{"not_picked":["Power Through","Armaments","Thunderclap"],"picked":"SKIP","floor":31.0},{"not_picked":["Rage","Feel No Pain","Clothesline"],"picked":"SKIP","floor":35},{"not_picked":["Dark Shackles","Violence"],"picked":"Finesse","floor":36},{"not_picked":["Armaments","Clash+1"],"picked":"Pummel+1","floor":37},{"not_picked":["Armaments","Clash","Heavy Blade+1"],"picked":"SKIP","floor":55}],"player_experience":654771,"relics_obtained":[{"floor":8.0,"key":"Red Skull"},{"floor":9.0,"key":"Meat on the Bone"},{"floor":10.0,"key":"Thread and Needle"},{"floor":12.0,"key":"Vajra"},{"floor":14.0,"key":"Boot"},{"floor":23.0,"key":"Pocketwatch"},{"floor":29.0,"key":"Matryoshka"},{"floor":38,"key":"Incense Burner"},{"floor":43,"key":"Mummified Hand"},{"floor":46,"key":"Smiling Mask"},{"floor":46,"key":"Turnip"},{"floor":55,"key":"Akabeko"}],"event_choices":[{"damage_healed":0.0,"max_hp_gain":0.0,"max_hp_loss":0.0,"gold_gain":0.0,"cards_transformed":["Strike_R","Defend_R"],"event_name":"Drug Dealer","player_choice":"Became Test Subject","floor":19.0,"gold_loss":0.0,"damage_taken":0.0,"cards_obtained":["Rampage","Dual Wield"]},{"damage_healed":0.0,"max_hp_gain":0.0,"max_hp_loss":0.0,"gold_gain":0.0,"event_name":"Addict","player_choice":"Obtained Relic","floor":27.0,"gold_loss":85.0,"damage_taken":0.0,"relics_obtained":["Tiny Chest"]},{"damage_healed":0,"gold_gain":0,"player_choice":"Memory 1","damage_taken":0,"max_hp_gain":0,"max_hp_loss":0,"event_name":"SensoryStone","floor":36,"gold_loss":0},{"damage_healed":0,"gold_gain":0,"player_choice":"Fight","damage_taken":0,"max_hp_gain":0,"max_hp_loss":0,"event_name":"Mysterious Sphere","floor":38,"gold_loss":0},{"cards_removed":["Bludgeon"],"damage_healed":0,"gold_gain":0,"player_choice":"Removed Attack","damage_taken":0,"max_hp_gain":0,"max_hp_loss":0,"event_name":"Falling","floor":39,"gold_loss":0}],"is_beta":false,"boss_relics":[{"not_picked":["Mark of Pain","Calling Bell"],"picked":"Tiny House"},{"not_picked":["Fusion Hammer","Sozu"],"picked":"Coffee Dripper"}],"items_purged_floors":[2,22,44,48],"is_endless":false,"potions_floor_spawned":[4,6,10,13,16,21,23,25,29,30,31,33,55],"ascension_level":20}}