{"host":"sian7qp8a9pc9xwd","time":1611619384,"event":{"mods":["BaseMod","Minty Spire (QoL Compilation)","StSLib","SuperFastMode"],"gold_per_floor":[119,136,136,136,146,146,146,164,164,177,192,202,234,234,234,312,312,324,68,68,0,15,15,32,48,48,61,61,61,61,61,61,135,135,154,72,72,87,104,104,120,133,133,133,158,158,177,28,28,28,28],"floor_reached":50,"language":"ENG","playtime":5363,"items_purged":[],"score":783,"play_id":"d66a7a4e-a459-4fb4-a036-b7d743ba2c2a","local_time":"20210125190304","is_ascension_mode":true,"campfire_choices":[{"data":"Neutralize","floor":6.0,"key":"SMITH"},{"floor":15.0,"key":"REST"},{"data":"Dash","floor":23.0,"key":"SMITH"},{"data":"Backflip","floor":28.0,"key":"SMITH"},{"data":"Blur","floor":32.0,"key":"SMITH"},{"data":"Cloak And Dagger","floor":40.0,"key":"SMITH"},{"floor":44.0,"key":"REST"},{"data":"Malaise","floor":49,"key":"SMITH"}],"circlet_count":0,"master_deck":["AscendersBane","Strike_G","Strike_G","Strike_G","Strike_G","Defend_G","Defend_G","Defend_G+1","Defend_G+1","Defend_G","Survivor","Neutralize+1","PiercingWail","Blur+1","Backflip+1","Deadly Poison+1","Dash+1","Backstab","Adrenaline+1","Well Laid Plans+1","Mayhem+1","Infinite Blades+1","Cloak And Dagger+1","Well Laid Plans+1","Caltrops+1","Cloak And Dagger","Caltrops+1","Well Laid Plans+1","Malaise+1"],"relics":["Ring of the Serpent","NeowsBlessing","Frozen Egg 2","Snake Skull","Mummified Hand","Paper Crane","Sundial","MutagenicStrength","HoveringKite","Dream Catcher","Unceasing Top"],"acts_visited":["Exordium","TheCity","TheBeyond"],"potions_floor_usage":[50,50],"damage_taken":[{"damage":0.0,"enemies":"Small Slimes","floor":1.0,"turns":1.0},{"damage":0.0,"enemies":"Cultist","floor":2.0,"turns":1.0},{"damage":0.0,"enemies":"2 Louse","floor":5.0,"turns":1.0},{"damage":16.0,"enemies":"Large Slime","floor":8.0,"turns":11.0},{"damage":0.0,"enemies":"Blue Slaver","floor":10.0,"turns":7.0},{"damage":3.0,"enemies":"3 Louse","floor":11.0,"turns":4.0},{"damage":6.0,"enemies":"2 Fungi Beasts","floor":12.0,"turns":4.0},{"damage":16.0,"enemies":"3 Sentries","floor":13.0,"turns":8.0},{"damage":13.0,"enemies":"The Guardian","floor":16.0,"turns":11.0},{"damage":2.0,"enemies":"Chosen","floor":18.0,"turns":5.0},{"damage":9.0,"enemies":"Spheric Guardian","floor":22.0,"turns":7.0},{"damage":2.0,"enemies":"Centurion and Healer","floor":24.0,"turns":9.0},{"damage":6.0,"enemies":"Chosen and Byrds","floor":25.0,"turns":6.0},{"damage":7.0,"enemies":"Shelled Parasite and Fungi","floor":27.0,"turns":9.0},{"damage":5.0,"enemies":"Automaton","floor":33.0,"turns":15.0},{"damage":4.0,"enemies":"3 Shapes","floor":35.0,"turns":6.0},{"damage":0.0,"enemies":"Orb Walker","floor":38.0,"turns":5.0},{"damage":7.0,"enemies":"Transient","floor":39.0,"turns":5.0},{"damage":0.0,"enemies":"Maw","floor":41.0,"turns":10.0},{"damage":10.0,"enemies":"4 Shapes","floor":42.0,"turns":6.0},{"damage":0.0,"enemies":"Mind Bloom Boss Battle","floor":45.0,"turns":9.0},{"damage":2,"enemies":"Spire Growth","floor":47,"turns":7},{"damage":63,"enemies":"Time Eater","floor":50,"turns":17}],"seed_played":"-8537466680839373029","potions_obtained":[{"floor":8.0,"key":"CultistPotion"},{"floor":11.0,"key":"Ancient Potion"},{"floor":13.0,"key":"LiquidMemories"},{"floor":18.0,"key":"Fire Potion"},{"floor":22.0,"key":"Block Potion"},{"floor":33.0,"key":"Fire Potion"},{"floor":35.0,"key":"ColorlessPotion"},{"floor":45.0,"key":"EssenceOfSteel"},{"floor":47,"key":"ColorlessPotion"}],"is_trial":false,"path_per_floor":["M","M","?","?","M","R","?","M","T","M","M","M","E","?","R","B",null,"M","$","?","?","M","R","M","M","T","M","R","?","?","?","R","B",null,"M","$","?","M","M","R","M","M","T","R","?","?","M","$","R","B"],"character_chosen":"THE_SILENT","items_purchased":["Well Laid Plans+1","Mayhem+1","Infinite Blades+1","Well Laid Plans+1","Malaise"],"campfire_rested":2,"item_purchase_floors":[19,19,36,48,48],"current_hp_per_floor":[59,59,46,46,46,46,46,30,30,30,27,21,5,5,24,11,52,50,50,50,50,41,41,39,33,33,26,26,26,26,26,26,21,55,51,51,51,51,44,44,44,34,34,53,53,53,51,51,51,0,0],"gold":28,"neow_bonus":"THREE_ENEMY_KILL","is_daily":false,"chose_seed":false,"campfire_upgraded":6,"win_rate":0.0,"timestamp":1611619384,"path_taken":["M","M","?","?","?","R","?","M","T","M","M","M","E","?","R","BOSS","M","$","?","?","M","R","M","M","T","M","R","?","?","?","R","BOSS","M","?","?","M","M","R","M","?","T","R","?","?","M","$","R","BOSS"],"items_purchased_type":["Card","Card","Card","Card","Card"],"build_version":"2020-12-22","purchased_purges":0,"victory":false,"max_hp_per_floor":[66,66,66,66,66,66,66,66,66,66,66,66,66,66,66,66,66,66,66,66,66,66,66,66,66,66,66,66,66,66,66,66,66,66,66,66,66,66,66,66,66,66,66,66,66,66,66,66,66,66,66],"card_choices":[{"not_picked":["Outmaneuver","Underhanded Strike"],"picked":"PiercingWail","floor":1.0},{"not_picked":["Flying Knee","Sucker Punch"],"picked":"Escape Plan","floor":2.0},{"not_picked":["Sucker Punch","Dagger Throw","PiercingWail"],"picked":"SKIP","floor":5.0},{"not_picked":["Deadly Poison","Sucker Punch"],"picked":"Blur","floor":8.0},{"not_picked":["Blur","PiercingWail"],"picked":"Backflip","floor":10.0},{"not_picked":["Skewer","Glass Knife"],"picked":"Deadly Poison","floor":11.0},{"not_picked":["Prepared","Flying Knee"],"picked":"Dash","floor":12.0},{"not_picked":["PiercingWail","Acrobatics"],"picked":"Backstab","floor":13.0},{"not_picked":["Grand Finale","Die Die Die"],"picked":"Adrenaline","floor":16.0},{"not_picked":["Blade Dance","Dodge and Roll","Poisoned Stab"],"picked":"SKIP","floor":18.0},{"not_picked":["Choke","Flying Knee","Infinite Blades+1"],"picked":"SKIP","floor":22.0},{"not_picked":["Underhanded Strike","Distraction","Calculated Gamble"],"picked":"SKIP","floor":24.0},{"not_picked":["Blur","Flying Knee","Finisher+1"],"picked":"SKIP","floor":25.0},{"not_picked":["Acrobatics+1","Flying Knee","Prepared"],"picked":"SKIP","floor":27.0},{"not_picked":["Dagger Throw","Masterful Stab","Dodge and Roll"],"picked":"SKIP","floor":35.0},{"not_picked":["All Out Attack","Dodge and Roll"],"picked":"Cloak And Dagger","floor":38.0},{"not_picked":["Dagger Throw","Bane"],"picked":"Well Laid Plans+1","floor":39.0},{"not_picked":["Quick Slash","Endless Agony+1","Flechettes+1"],"picked":"SKIP","floor":41.0},{"not_picked":["Acrobatics","Cloak And Dagger"],"picked":"Caltrops+1","floor":42.0},{"not_picked":["Poisoned Stab","Burst"],"picked":"Cloak And Dagger","floor":44.0},{"not_picked":["Sucker Punch","Outmaneuver"],"picked":"Caltrops+1","floor":47}],"player_experience":782288,"relics_obtained":[{"floor":9.0,"key":"Mummified Hand"},{"floor":13.0,"key":"Paper Crane"},{"floor":26.0,"key":"Sundial"},{"floor":43.0,"key":"Dream Catcher"},{"floor":45.0,"key":"Unceasing Top"}],"event_choices":[{"damage_healed":0.0,"max_hp_gain":0.0,"max_hp_loss":0.0,"gold_gain":0.0,"event_name":"Shining Light","player_choice":"Entered Light","floor":3.0,"gold_loss":0.0,"damage_taken":13.0,"cards_upgraded":["Defend_G","Defend_G"]},{"cards_removed":["Escape Plan"],"damage_healed":0.0,"max_hp_gain":0.0,"max_hp_loss":0.0,"gold_gain":0.0,"event_name":"WeMeetAgain","player_choice":"Gave Card","floor":4.0,"gold_loss":0.0,"damage_taken":0.0,"relics_obtained":["Frozen Egg 2"]},{"damage_healed":0.0,"max_hp_gain":0.0,"max_hp_loss":0.0,"gold_gain":0.0,"event_name":"Dead Adventurer","player_choice":"Searched \u00271\u0027 times","floor":7.0,"gold_loss":0.0,"damage_taken":0.0,"relics_obtained":["Snake Skull"]},{"damage_healed":0.0,"max_hp_gain":0.0,"max_hp_loss":0.0,"gold_gain":0.0,"event_name":"Living Wall","player_choice":"Grow","floor":14.0,"gold_loss":0.0,"damage_taken":0.0,"cards_upgraded":["Deadly Poison"]},{"damage_healed":0.0,"max_hp_gain":0.0,"max_hp_loss":0.0,"gold_gain":0.0,"event_name":"Ghosts","player_choice":"Ignored","floor":20.0,"gold_loss":0.0,"damage_taken":0.0},{"damage_healed":0.0,"max_hp_gain":0.0,"max_hp_loss":0.0,"gold_gain":0.0,"event_name":"Masked Bandits","player_choice":"Paid Fearfully","floor":21.0,"gold_loss":68.0,"damage_taken":0.0},{"damage_healed":0.0,"max_hp_gain":0.0,"max_hp_loss":0.0,"gold_gain":0.0,"event_name":"The Mausoleum","player_choice":"Ignored","floor":29.0,"gold_loss":0.0,"damage_taken":0.0},{"damage_healed":0.0,"max_hp_gain":0.0,"max_hp_loss":0.0,"gold_gain":0.0,"event_name":"Drug Dealer","player_choice":"Inject Mutagens","floor":30.0,"gold_loss":0.0,"damage_taken":0.0,"relics_obtained":["MutagenicStrength"]},{"damage_healed":0.0,"max_hp_gain":0.0,"max_hp_loss":0.0,"gold_gain":0.0,"event_name":"Accursed Blacksmith","player_choice":"Forge","floor":31.0,"gold_loss":0.0,"damage_taken":0.0,"cards_upgraded":["Adrenaline"]},{"cards_removed":["Strike_G"],"damage_healed":0.0,"max_hp_gain":0.0,"max_hp_loss":0.0,"gold_gain":0.0,"event_name":"Bonfire Elementals","player_choice":"Offered Basic","floor":37.0,"gold_loss":0.0,"damage_taken":0.0},{"damage_healed":0.0,"max_hp_gain":0.0,"max_hp_loss":0.0,"gold_gain":0.0,"event_name":"MindBloom","player_choice":"Fight","floor":45.0,"gold_loss":0.0,"damage_taken":0.0},{"damage_healed":0.0,"max_hp_gain":0.0,"max_hp_loss":0.0,"gold_gain":0.0,"event_name":"Tomb of Lord Red Mask","player_choice":"Ignored","floor":46.0,"gold_loss":0.0,"damage_taken":0.0}],"is_beta":false,"boss_relics":[{"not_picked":["Calling Bell","Runic Pyramid"],"picked":"Ring of the Serpent"},{"not_picked":["WristBlade","Astrolabe"],"picked":"HoveringKite"}],"items_purged_floors":[],"is_endless":false,"potions_floor_spawned":[8,11,13,18,22,24,33,35,45,47],"killed_by":"Time Eater","ascension_level":14}}