{"host":"tpbmol9dayg75a5s","time":1611695806,"event":{"mods":["BaseMod","Bestiary","Block Reminder","Colored Powertips","Dark Map","Downfall","Minty Spire (QoL Compilation)","Relic Stats","StSLib"],"gold_per_floor":[99,110,210,224,244,277,329,345,357,257,268,288,197,197,208,208,208,208],"floor_reached":16,"language":"ENG","playtime":1540,"items_purged":[],"score":154,"play_id":"4c91a644-a656-4b28-bd73-c6c5558027c9","local_time":"20210126181646","is_ascension_mode":true,"campfire_choices":[{"floor":1,"key":"RECALL"},{"data":"Guardian:CompilePackage","floor":10,"key":"SMITH"}],"circlet_count":0,"master_deck":["Guardian:Strike_Guardian","Guardian:Strike_Guardian","Guardian:Strike_Guardian","Guardian:Defend_Guardian","Guardian:Defend_Guardian","Guardian:Defend_Guardian","Guardian:Defend_Guardian","Guardian:CurlUp","Guardian:TwinSlam","Bandage Up","Guardian:Recover","Guardian:BronzeOrb","Guardian:DecasProtection","Guardian:CompilePackage+1","Guardian:EvasiveProtocol","Guardian:Gem_Purple","Guardian:VentSteam","Guardian:SentryBeam","Guardian:Clone","Guardian:Gem_Lightblue"],"relics":["Guardian:ModeShifter","Guardian:DefensiveModeMoreBlock","sneckomod:BlankCard","downfall:HeartBlessingRed"],"acts_visited":["Exordium"],"potions_floor_usage":[16],"damage_taken":[{"damage":6,"enemies":"Jaw Worm","floor":2,"turns":5},{"damage":5,"enemies":"2 Louse","floor":4,"turns":3},{"damage":11,"enemies":"Small Slimes","floor":5,"turns":5},{"damage":26,"enemies":"Gremlin Nob","floor":6,"turns":6},{"damage":2,"enemies":"Red Slaver","floor":8,"turns":5},{"damage":5,"enemies":"Large Slime","floor":9,"turns":8},{"damage":0,"enemies":"Exordium Thugs","floor":11,"turns":1},{"damage":2,"enemies":"2 Fungi Beasts","floor":12,"turns":3},{"damage":0,"enemies":"downfall:FleeingMerchant","floor":13,"turns":4},{"damage":4,"enemies":"Exordium Wildlife","floor":15,"turns":4},{"damage":66,"enemies":"SI_SHIV_ARCHETYPE","floor":16,"turns":8}],"seed_played":"-8171811302835153263","potions_obtained":[{"floor":4,"key":"Fire Potion"},{"floor":6,"key":"FearPotion"},{"floor":9,"key":"PowerPotion"}],"is_trial":false,"path_per_floor":["R","M","?","M","M","E","T","M","M","R","M","M","$","?","M","B"],"character_chosen":"GUARDIAN","items_purchased":["Guardian:Clone"],"campfire_rested":0,"item_purchase_floors":[13],"current_hp_per_floor":[72,70,70,69,62,40,40,42,41,41,45,47,55,55,55,0,0,0],"gold":208,"neow_bonus":"RANDOM_COLORLESS","is_daily":false,"chose_seed":false,"campfire_upgraded":1,"win_rate":0.0,"timestamp":1611695806,"path_taken":["R","M","?","M","M","E","T","M","M","R","M","M","$","?","M","BOSS"],"items_purchased_type":["Card"],"build_version":"2020-12-22","purchased_purges":0,"victory":false,"max_hp_per_floor":[80,80,80,80,80,80,80,80,80,80,80,80,80,80,80,80,80,80],"relic_stats":{"counters":[11,52],"obtain_stats":[{"Guardian:DefensiveModeMoreBlock":6,"downfall:HeartBlessingRed":10,"sneckomod:BlankCard":7,"Guardian:ModeShifter":0},{"Guardian:DefensiveModeMoreBlock":4,"downfall:HeartBlessingRed":6,"sneckomod:BlankCard":4,"Guardian:ModeShifter":0},{"Guardian:DefensiveModeMoreBlock":19,"downfall:HeartBlessingRed":32,"sneckomod:BlankCard":19,"Guardian:ModeShifter":0}]},"card_choices":[{"not_picked":["Purity","Deep Breath"],"picked":"Bandage Up","floor":0},{"not_picked":["Guardian:Emergency","Guardian:WalkerClaw"],"picked":"Guardian:Gem_Cyan","floor":2},{"not_picked":["Guardian:EvasiveProtocol","Guardian:PiercingHide"],"picked":"Guardian:Recover","floor":4},{"not_picked":["Guardian:PrimingBeam","Guardian:FuturePlans"],"picked":"Guardian:BronzeOrb","floor":5},{"not_picked":["Guardian:Gem_Green","Guardian:Incinerate"],"picked":"Guardian:DecasProtection","floor":6},{"not_picked":["Guardian:Incinerate","Guardian:RollAttack"],"picked":"Guardian:CompilePackage","floor":8},{"not_picked":["Guardian:Recover","Guardian:TemporalShield"],"picked":"Guardian:EvasiveProtocol","floor":9},{"not_picked":["Guardian:Gem_Red","Guardian:Recover"],"picked":"Guardian:Gem_Purple","floor":11},{"not_picked":["Guardian:RollAttack","Guardian:PiercingHide"],"picked":"Guardian:VentSteam","floor":12},{"not_picked":["Guardian:RollAttack","Guardian:StasisEngine"],"picked":"Guardian:SentryBeam","floor":13},{"not_picked":["Guardian:Reroute","Guardian:PrismaticBarrier"],"picked":"Guardian:Gem_Lightblue","floor":15}],"player_experience":1067982,"relics_obtained":[{"floor":6,"key":"Guardian:DefensiveModeMoreBlock"},{"floor":7,"key":"sneckomod:BlankCard"}],"event_choices":[{"cards_removed":["Guardian:Strike_Guardian"],"damage_healed":0,"gold_gain":0,"player_choice":"Card Removal","damage_taken":0,"max_hp_gain":0,"max_hp_loss":0,"event_name":"The Cleric","floor":14,"gold_loss":0}],"is_beta":false,"boss_relics":[],"items_purged_floors":[],"is_endless":false,"potions_floor_spawned":[4,6,9],"killed_by":"SI_SHIV_ARCHETYPE","ascension_level":9}}