{"host":"jumrmhf584hajrnz","time":1611656846,"event":{"mods":["BaseMod","Duelist Mod","GifTheSpireLib","Minty Spire (QoL Compilation)","Quick Restart","Replay The Spire","StSLib"],"gold_per_floor":[144,294,294,305,134,134,134],"floor_reached":6,"language":"ENG","playtime":381,"items_purged":["Doubt"],"score":68,"play_id":"c9c00f29-63cf-49a3-a15c-b2b7560643d0","local_time":"20210126112726","is_ascension_mode":true,"campfire_choices":[],"circlet_count":0,"master_deck":["AscendersBane","theDuelist:CastleWalls","theDuelist:CastleWalls","theDuelist:DarkMagician","theDuelist:MysticalElf","theDuelist:MysticalElf","theDuelist:NeoMagic","theDuelist:NeoMagic","theDuelist:Sparks","theDuelist:Sparks","theDuelist:Sparks","Amnesia","theDuelist:IceQueen","theDuelist:SpiritHarp","theDuelist:ApprenticeIllusionMagician","Bandage Up"],"relics":["theDuelist:MillenniumPuzzle","theDuelist:CardPoolRelic","theDuelist:CardPoolBasicRelic","theDuelist:BoosterPackPoolRelic","theDuelist:CardPoolAddRelic","theDuelist:CardPoolMinusRelic","theDuelist:CardPoolSaveRelic","theDuelist:CardPoolOptionsRelic","theDuelist:BoosterBetterBoostersRelic"],"acts_visited":["Exordium"],"potions_floor_usage":[6],"damage_taken":[{"damage":0,"enemies":"Jaw Worm","floor":1,"turns":5},{"damage":4,"enemies":"Small Slimes","floor":4,"turns":5},{"damage":62,"enemies":"3 Sentries","floor":6,"turns":10}],"seed_played":"-1678190646923203624","potions_obtained":[{"floor":1,"key":"theDuelist:TokenPotionB"}],"is_trial":false,"path_per_floor":["M","?","?","M","$","E"],"character_chosen":"THE_DUELIST","items_purchased":["Bandage Up"],"campfire_rested":0,"item_purchase_floors":[5],"current_hp_per_floor":[63,63,55,51,51,0,0],"gold":134,"neow_bonus":"THREE_RARE_CARDS","is_daily":false,"chose_seed":false,"campfire_upgraded":0,"win_rate":0.0,"timestamp":1611656846,"path_taken":["M","?","?","M","$","E"],"items_purchased_type":["Card"],"build_version":"2020-12-22","purchased_purges":1,"victory":false,"max_hp_per_floor":[70,70,70,70,70,70,70],"card_choices":[{"not_picked":["theDuelist:ThousandEyesRestrict","theDuelist:SwordsRevealing"],"picked":"theDuelist:IceQueen","floor":0},{"not_picked":["theDuelist:NeoMagic","theDuelist:FlyingSaucer","theDuelist:CallAtlanteans","theDuelist:ExodiaRL"],"picked":"theDuelist:SpiritHarp","floor":1},{"not_picked":["theDuelist:IcyCrevasse","theDuelist:CharcoalInpachi","theDuelist:StatueAnguishPattern","theDuelist:VoidExpansion"],"picked":"theDuelist:ApprenticeIllusionMagician","floor":4}],"player_experience":1540443,"relics_obtained":[],"event_choices":[{"damage_healed":0,"gold_gain":150,"player_choice":"AGREE","damage_taken":0,"max_hp_gain":0,"max_hp_loss":0,"event_name":"Liars Game","floor":2,"gold_loss":0,"cards_obtained":["Doubt"]},{"damage_healed":0,"gold_gain":0,"player_choice":"Dig - random Duelist relic","duelist":true,"damage_taken":0,"max_hp_gain":0,"max_hp_loss":0,"event_name":"Aknamkanon\u0027s Tomb","floor":3,"gold_loss":0}],"is_beta":false,"boss_relics":[],"items_purged_floors":[5],"is_endless":false,"potions_floor_spawned":[1],"killed_by":"3 Sentries","ascension_level":20}}