{"host":"bq4pt811tk9yrmjl","time":1611677966,"event":{"mods":["AchievementEnabler","BaseMod","Colored Map","Colored Powertips","Defuse TimeMaze Blight","Hermit","Minty Spire (QoL Compilation)","StSLib","SuperFastMode"],"gold_per_floor":[109,38,38,48,48,48,80,1,27,27,46,46,74,404,404,507,507,521,521,532,532,150,184,184,7,7,18,18,44,44,72,72,172,172,191,191,191,191,209,234,234,77,103,103,115,75,75,87,87,87,87,87,8,42,42,42],"floor_reached":55,"language":"ENG","playtime":985,"items_purged":[],"score":869,"play_id":"c8287f98-77e9-4aed-8000-0c52b0f7ad18","local_time":"20210126141926","is_ascension_mode":true,"campfire_choices":[{"data":"Bash","floor":6,"key":"SMITH"},{"data":"Inflame","floor":10,"key":"SMITH"},{"floor":15,"key":"RECALL"},{"data":"Apotheosis","floor":24,"key":"SMITH"},{"floor":32,"key":"REST"},{"data":"Rage","floor":44,"key":"SMITH"},{"data":"Feel No Pain","floor":47,"key":"SMITH"},{"floor":49,"key":"REST"},{"floor":52,"key":"REST"}],"circlet_count":0,"master_deck":["Strike_R+1","Strike_R+1","Strike_R+1","Strike_R+1","Strike_R+1","Defend_R+1","Defend_R+1","Defend_R+1","Defend_R+1","Bash+1","Uppercut+1","Inflame+1","Reaper+1","Body Slam+1","True Grit+1","Feel No Pain+1","Shockwave+1","Apotheosis+1","Bludgeon+1","Rage+1","Iron Wave+1","Anger+1","Metallicize"],"relics":["Burning Blood","NeowsBlessing","Pen Nib","Prayer Wheel","Old Coin","Busted Crown","Akabeko","Potion Belt","Singing Bowl","PreservedInsect","Molten Egg 2","InkBottle","Velvet Choker","Toxic Egg 2","OrangePellets","Happy Flower","Anchor"],"acts_visited":["Exordium","TheCity","TheBeyond","TheEnding"],"potions_floor_usage":[16,16,23,29,29,29,33,45,50,55],"damage_taken":[{"damage":0,"enemies":"Jaw Worm","floor":1,"turns":1},{"damage":0,"enemies":"Small Slimes","floor":4,"turns":1},{"damage":0,"enemies":"3 Sentries","floor":7,"turns":2},{"damage":1,"enemies":"2 Louse","floor":11,"turns":3},{"damage":4,"enemies":"Gremlin Nob","floor":13,"turns":3},{"damage":58,"enemies":"The Guardian","floor":16,"turns":13},{"damage":14,"enemies":"2 Thieves","floor":18,"turns":4},{"damage":7,"enemies":"Chosen","floor":20,"turns":4},{"damage":49,"enemies":"Slavers","floor":23,"turns":8},{"damage":23,"enemies":"Sentry and Sphere","floor":27,"turns":5},{"damage":31,"enemies":"Book of Stabbing","floor":29,"turns":6},{"damage":0,"enemies":"Gremlin Leader","floor":31,"turns":2},{"damage":74,"enemies":"Automaton","floor":33,"turns":10},{"damage":4,"enemies":"3 Darklings","floor":35,"turns":6},{"damage":3,"enemies":"Orb Walker","floor":39,"turns":2},{"damage":12,"enemies":"Nemesis","floor":40,"turns":6},{"damage":7,"enemies":"Transient","floor":45,"turns":5},{"damage":9,"enemies":"Spire Growth","floor":48,"turns":3},{"damage":110,"enemies":"Donu and Deca","floor":50,"turns":13},{"damage":60,"enemies":"Shield and Spear","floor":54,"turns":6},{"damage":92,"enemies":"The Heart","floor":55,"turns":8}],"seed_played":"-567841863692577442","potions_obtained":[{"floor":11,"key":"Block Potion"},{"floor":13,"key":"BloodPotion"},{"floor":20,"key":"Block Potion"},{"floor":23,"key":"AttackPotion"},{"floor":29,"key":"Block Potion"},{"floor":35,"key":"Swift Potion"},{"floor":48,"key":"SpeedPotion"}],"is_trial":false,"path_per_floor":["M","$","?","M","?","R","E","$","T","R","M","?","E","?","R","B",null,"M","?","M","?","$","E","R","$","T","M","?","E","?","E","R","B",null,"M","?","?","?","M","E","?","$","T","R","M","?","R","M","R","B",null,"R","$","E","B"],"character_chosen":"IRONCLAD","items_purchased":["Uppercut","Inflame","Apotheosis","Akabeko","Fire Breathing","BloodPotion","BloodPotion","Regen Potion","OrangePellets","Metallicize"],"campfire_rested":3,"item_purchase_floors":[2,8,22,22,22,25,25,25,42,53],"current_hp_per_floor":[80,80,85,85,68,68,74,74,74,74,79,79,81,81,81,46,85,77,77,83,83,83,56,56,56,56,43,43,64,64,70,89,35,91,95,97,97,97,97,93,93,93,93,93,96,96,96,97,107,15,107,107,107,83,0,0],"gold":42,"neow_bonus":"THREE_ENEMY_KILL","is_daily":false,"chose_seed":false,"campfire_upgraded":5,"win_rate":0.0,"timestamp":1611677966,"path_taken":["M","$","?","M","?","R","E","?","T","R","?","?","E","?","R","BOSS","M","?","M","?","$","E","R","$","T","M","?","E","?","E","R","BOSS","M","?","?","?","M","E","?","$","T","R","?","?","R","M","R","BOSS","R","$","E","BOSS"],"items_purchased_type":["Card","Card","Card","Relic","Card","Potion","Potion","Potion","Relic","Card"],"build_version":"2020-12-22","purchased_purges":0,"victory":false,"max_hp_per_floor":[80,80,85,85,85,85,85,85,85,85,85,85,85,85,85,85,85,85,85,85,85,85,85,85,85,85,89,89,89,89,89,89,91,91,95,97,97,97,97,99,99,99,99,99,103,103,103,107,107,107,107,107,107,109,109,109],"card_choices":[{"not_picked":["Headbutt","Sword Boomerang","Dual Wield"],"picked":"SKIP","floor":1},{"not_picked":["Reckless Charge","Feel No Pain","Infernal Blade"],"picked":"SKIP","floor":4},{"not_picked":["Thunderclap","Battle Trance","True Grit"],"picked":"SKIP","floor":7},{"not_picked":["Battle Trance","Warcry","Infernal Blade"],"picked":"SKIP","floor":11},{"not_picked":["Bloodletting","Reckless Charge","Pommel Strike"],"picked":"SKIP","floor":13},{"not_picked":["Barricade","Brutality"],"picked":"Reaper","floor":16},{"not_picked":[],"picked":"Body Slam+1","floor":18},{"not_picked":[],"picked":"True Grit+1","floor":18},{"not_picked":[],"picked":"Feel No Pain","floor":20},{"not_picked":[],"picked":"Shockwave","floor":20},{"not_picked":["Clothesline"],"picked":"SKIP","floor":23},{"not_picked":["Reckless Charge+1"],"picked":"Singing Bowl","floor":27},{"not_picked":["Perfected Strike"],"picked":"Singing Bowl","floor":27},{"not_picked":[],"picked":"Bludgeon+1","floor":29},{"not_picked":[],"picked":"Rage","floor":31},{"not_picked":["Immolate+1"],"picked":"Singing Bowl","floor":33},{"not_picked":["Hemokinesis+1"],"picked":"Singing Bowl","floor":35},{"not_picked":["Battle Trance+1"],"picked":"Singing Bowl","floor":35},{"not_picked":["Deep Breath"],"picked":"Singing Bowl","floor":36},{"not_picked":[],"picked":"Iron Wave+1","floor":39},{"not_picked":[],"picked":"Anger+1","floor":39},{"not_picked":["Clothesline+1"],"picked":"Singing Bowl","floor":40},{"not_picked":["Power Through+1"],"picked":"Singing Bowl","floor":45},{"not_picked":["Anger+1"],"picked":"Singing Bowl","floor":45},{"not_picked":["Carnage+1"],"picked":"Singing Bowl","floor":48},{"not_picked":["Sword Boomerang+1"],"picked":"Singing Bowl","floor":48},{"not_picked":["Hemokinesis+1"],"picked":"Singing Bowl","floor":54}],"player_experience":259756,"relics_obtained":[{"floor":7,"key":"Pen Nib"},{"floor":13,"key":"Prayer Wheel"},{"floor":23,"key":"Potion Belt"},{"floor":26,"key":"Singing Bowl"},{"floor":29,"key":"Molten Egg 2"},{"floor":31,"key":"InkBottle"},{"floor":40,"key":"Toxic Egg 2"},{"floor":43,"key":"Happy Flower"},{"floor":54,"key":"Anchor"}],"event_choices":[{"damage_healed":0,"gold_gain":0,"player_choice":"Donut","damage_taken":0,"max_hp_gain":5,"max_hp_loss":0,"event_name":"Big Fish","floor":3,"gold_loss":0},{"damage_healed":0,"gold_gain":0,"player_choice":"Entered Light","damage_taken":17,"max_hp_gain":0,"max_hp_loss":0,"event_name":"Shining Light","floor":5,"gold_loss":0,"cards_upgraded":["Uppercut","Defend_R"]},{"damage_healed":0,"gold_gain":0,"player_choice":"Leave","damage_taken":0,"max_hp_gain":0,"max_hp_loss":0,"event_name":"The Cleric","floor":12,"gold_loss":0},{"damage_healed":0,"gold_gain":30,"player_choice":"Searched \u00273\u0027 times","damage_taken":0,"relics_obtained":["Old Coin"],"max_hp_gain":0,"max_hp_loss":0,"event_name":"Dead Adventurer","floor":14,"gold_loss":0},{"damage_healed":0,"gold_gain":0,"player_choice":"Ignored","damage_taken":0,"max_hp_gain":0,"max_hp_loss":0,"event_name":"Beggar","floor":19,"gold_loss":0},{"damage_healed":0,"gold_gain":0,"player_choice":"Simplicity","damage_taken":0,"max_hp_gain":0,"max_hp_loss":0,"event_name":"Back to Basics","floor":21,"gold_loss":0,"cards_upgraded":["Strike_R","Strike_R","Strike_R","Strike_R","Strike_R","Defend_R","Defend_R","Defend_R"]},{"damage_healed":0,"gold_gain":0,"player_choice":"Opened","damage_taken":0,"relics_obtained":["PreservedInsect"],"max_hp_gain":0,"max_hp_loss":0,"event_name":"The Mausoleum","floor":28,"gold_loss":0},{"damage_healed":0,"gold_gain":0,"player_choice":"Ignored","damage_taken":0,"max_hp_gain":0,"max_hp_loss":0,"event_name":"Ghosts","floor":30,"gold_loss":0},{"damage_healed":0,"gold_gain":0,"player_choice":"Memory 1","damage_taken":0,"max_hp_gain":0,"max_hp_loss":0,"event_name":"SensoryStone","floor":36,"gold_loss":0},{"cards_removed":["Fire Breathing"],"damage_healed":0,"gold_gain":0,"player_choice":"Removed Power","damage_taken":0,"max_hp_gain":0,"max_hp_loss":0,"event_name":"Falling","floor":37,"gold_loss":0},{"damage_healed":0,"gold_gain":0,"player_choice":"Ignored","damage_taken":0,"max_hp_gain":0,"max_hp_loss":0,"event_name":"Mysterious Sphere","floor":38,"gold_loss":0},{"damage_healed":0,"gold_gain":0,"player_choice":"Upgraded","damage_taken":0,"max_hp_gain":0,"max_hp_loss":0,"event_name":"Upgrade Shrine","floor":41,"gold_loss":0,"cards_upgraded":["Reaper"]},{"damage_healed":0,"gold_gain":0,"player_choice":"Upgrade","damage_taken":0,"max_hp_gain":0,"max_hp_loss":0,"event_name":"Designer","floor":46,"gold_loss":40,"cards_upgraded":["Shockwave"]}],"is_beta":false,"boss_relics":[{"not_picked":["Mark of Pain","Runic Pyramid"],"picked":"Busted Crown"},{"not_picked":["Black Blood","Cursed Key"],"picked":"Velvet Choker"}],"items_purged_floors":[],"is_endless":false,"potions_floor_spawned":[11,13,20,23,29,35,48],"killed_by":"The Heart","ascension_level":1}}