{"host":"m8enzkhxjf53xqxg","time":1611690732,"event":{"mods":["BaseMod","Hermit","Minty Spire (QoL Compilation)","Prisma Mod","StSLib","The Exalted","The Hierophant","The Servant 0.9.4"],"gold_per_floor":[164,164,183,195,195,195,226,242,242,277,287,320,320,331,331,428,428,439,439,207,221,221,221,255,255,255,288,288,301,312,337,337,442,442,456,506,516,516,526,526,557,557,557,254,254,254,270,301,301,301,301,301,155,189,189],"floor_reached":56,"language":"ENG","playtime":5961,"items_purged":[],"score":1306,"play_id":"ef67d586-711a-4816-8c80-4096a76d5db5","local_time":"20210126115212","is_ascension_mode":true,"campfire_choices":[{"floor":6,"key":"RECALL"},{"floor":15,"key":"REST"},{"data":"Apotheosis","floor":23,"key":"SMITH"},{"floor":28,"key":"REST"},{"data":"Bromod:SteelCharge","floor":32,"key":"SMITH"},{"floor":40,"key":"REST"},{"data":"Bromod:Adaptation","floor":42,"key":"SMITH"},{"data":"Bromod:Redirection","floor":46,"key":"SMITH"},{"data":"Bromod:HeatedCharge","floor":49,"key":"SMITH"},{"data":"Bromod:ArchwingLauncher","floor":52,"key":"SMITH"}],"circlet_count":0,"master_deck":["Bromod:Strike_Bro","Bromod:Strike_Bro","Bromod:Strike_Bro","Bromod:Defend_Bro","Bromod:Defend_Bro","Bromod:Defend_Bro+1","Bromod:Defend_Bro+1","Bromod:SlashDash+1","Bromod:SlashDash","Bromod:SlashDash","Bromod:SlashDash","Bromod:ArchwingLauncher+1","Bromod:SteelFiber+1","Bromod:BodyCount","Bromod:HeatedCharge+1","Bromod:Redirection+1","Bromod:SlashDash","Bromod:Vitality","Bromod:Blaze","Bromod:Rejuvenation","Bromod:Provoked","Apotheosis+1","Bromod:KillingBlow","Bromod:Vitality","Bromod:SteelFiber","Bromod:NoReturn","Bromod:SteelCharge+1","Bromod:Adaptation+1","Bromod:OrganShatter+1","Bromod:Provoked+1","Bromod:Vitality+1","Bromod:Reflection","Bromod:SlashDash+1","Bromod:SteelFiber+1"],"relics":["Bromod:AscarisDevice","Tiny House","Potion Belt","Regal Pillow","Bromod:ArcaneMomentum","War Paint","Shuriken","White Beast Statue","Bromod:ArcaneGrace","Omamori","Boot","Happy Flower","Toy Ornithopter","Bromod:ArcaneBarrier","Incense Burner","Pen Nib","InkBottle","Lantern","Sling","Blue Candle","Bromod:ArcanePistoleer","Bromod:ArcaneNullifier","Bronze Scales"],"acts_visited":["Exordium","TheCity","TheBeyond","TheEnding"],"potions_floor_usage":[24,24,24,27,27,31,54,54,55,55,55,55],"damage_taken":[{"damage":0,"enemies":"Jaw Worm","floor":1,"turns":2},{"damage":0,"enemies":"Cultist","floor":3,"turns":2},{"damage":0,"enemies":"Small Slimes","floor":4,"turns":3},{"damage":10,"enemies":"Gremlin Nob","floor":7,"turns":4},{"damage":12,"enemies":"Exordium Thugs","floor":8,"turns":4},{"damage":1,"enemies":"Lagavulin","floor":10,"turns":7},{"damage":7,"enemies":"3 Louse","floor":11,"turns":4},{"damage":15,"enemies":"Gremlin Nob","floor":12,"turns":6},{"damage":0,"enemies":"2 Fungi Beasts","floor":14,"turns":4},{"damage":13,"enemies":"The Guardian","floor":16,"turns":13},{"damage":18,"enemies":"Spheric Guardian","floor":18,"turns":6},{"damage":7,"enemies":"Shell Parasite","floor":21,"turns":7},{"damage":69,"enemies":"Slavers","floor":24,"turns":9},{"damage":59,"enemies":"Book of Stabbing","floor":27,"turns":9},{"damage":1,"enemies":"Centurion and Healer","floor":29,"turns":9},{"damage":7,"enemies":"Snecko","floor":30,"turns":8},{"damage":24,"enemies":"Gremlin Leader","floor":31,"turns":11},{"damage":10,"enemies":"Champ","floor":33,"turns":12},{"damage":42,"enemies":"3 Shapes","floor":35,"turns":8},{"damage":0,"enemies":"Mind Bloom Boss Battle","floor":36,"turns":8},{"damage":28,"enemies":"Orb Walker","floor":37,"turns":5},{"damage":38,"enemies":"3 Darklings","floor":39,"turns":8},{"damage":3,"enemies":"Nemesis","floor":41,"turns":11},{"damage":13,"enemies":"4 Shapes","floor":47,"turns":17},{"damage":14,"enemies":"Reptomancer","floor":48,"turns":8},{"damage":59,"enemies":"Time Eater","floor":50,"turns":16},{"damage":106,"enemies":"Shield and Spear","floor":54,"turns":9},{"damage":71,"enemies":"The Heart","floor":55,"turns":14}],"seed_played":"-6693216935025620115","potions_obtained":[{"floor":0,"key":"Block Potion"},{"floor":3,"key":"Explosive Potion"},{"floor":4,"key":"Fire Potion"},{"floor":8,"key":"Strength Potion"},{"floor":10,"key":"SmokeBomb"},{"floor":12,"key":"Bromod:Forma"},{"floor":14,"key":"Weak Potion"},{"floor":16,"key":"EssenceOfSteel"},{"floor":24,"key":"Weak Potion"},{"floor":27,"key":"Fruit Juice"},{"floor":29,"key":"DistilledChaos"},{"floor":30,"key":"FearPotion"},{"floor":31,"key":"DuplicationPotion"},{"floor":33,"key":"Bromod:Kuva"},{"floor":37,"key":"SkillPotion"},{"floor":39,"key":"LiquidMemories"},{"floor":48,"key":"SkillPotion"},{"floor":54,"key":"PowerPotion"}],"is_trial":false,"path_per_floor":["M","?","M","M","T","R","E","M","T","E","M","E","T","M","R","B",null,"M","?","$","M","?","R","E","?","T","E","R","M","M","E","R","B",null,"M","?","M","?","M","R","E","R","T","$","T","R","M","E","R","B",null,"R","$","E","B",null],"character_chosen":"THE_EXALTED","items_purchased":["Bromod:Provoked","Apotheosis","Lantern","Sling","Bromod:ArcaneNullifier"],"campfire_rested":3,"item_purchase_floors":[20,20,44,44,53],"current_hp_per_floor":[80,77,77,77,77,77,67,55,55,54,47,32,32,32,71,58,80,64,64,64,64,49,49,33,33,33,20,62,71,72,66,66,67,90,68,77,51,51,32,74,85,85,85,85,85,85,88,80,80,57,90,90,90,26,56],"gold":189,"neow_bonus":"BOSS_RELIC","is_daily":false,"chose_seed":false,"campfire_upgraded":6,"win_rate":0.0,"timestamp":1611690732,"path_taken":["M","?","M","M","?","R","E","?","T","E","M","E","?","M","R","BOSS","M","?","?","M","?","R","E","?","T","E","R","?","M","E","R","BOSS","M","?","M","?","?","R","E","R","T","$","?","R","M","E","R","BOSS","R","$","E","BOSS"],"items_purchased_type":["Card","Card","Relic","Relic","Relic"],"build_version":"2020-12-22","purchased_purges":0,"victory":true,"max_hp_per_floor":[80,80,80,80,80,80,80,80,80,80,80,80,80,80,80,80,80,80,80,80,80,85,85,85,85,85,90,90,90,90,90,90,90,90,90,90,90,90,90,90,90,90,90,90,90,90,90,90,90,90,90,90,90,90,90],"card_choices":[{"not_picked":["Bromod:BulletJump","Bromod:Patagium"],"picked":"Bromod:SlashDash","floor":0},{"not_picked":["Bromod:ReflexCoil","Bromod:QuickDraw"],"picked":"Bromod:ArchwingLauncher","floor":1},{"not_picked":["Bromod:Patagium","Bromod:ShatteringImpact"],"picked":"Bromod:SteelFiber","floor":3},{"not_picked":["Bromod:HornetStrike","Bromod:PressurePoint"],"picked":"Bromod:BodyCount","floor":4},{"not_picked":["Bromod:FastHands","Bromod:Vitality"],"picked":"Bromod:HeatedCharge","floor":7},{"not_picked":["Bromod:ReflexCoil","Bromod:RelentlessCombination","Bromod:SpeedTrigger"],"picked":"SKIP","floor":8},{"not_picked":["Bromod:Foundry","Bromod:ArchwingLauncher"],"picked":"Bromod:Redirection","floor":10},{"not_picked":["Bromod:PressurePoint","Bromod:Foundry","Bromod:Rage"],"picked":"SKIP","floor":11},{"not_picked":["Bromod:Redirection","Bromod:Serration"],"picked":"Bromod:SlashDash","floor":12},{"not_picked":["Bromod:Redirection","Bromod:ContagiousSpread"],"picked":"Bromod:Vitality","floor":14},{"not_picked":["Bromod:FocusEnergy","Bromod:RendingStrike"],"picked":"Bromod:Blaze","floor":16},{"not_picked":["Bromod:ContagiousSpread","Bromod:BulletJump"],"picked":"Bromod:Rejuvenation","floor":18},{"not_picked":["Bromod:ReflexCoil","Bromod:FastHands+1"],"picked":"Bromod:KillingBlow","floor":21},{"not_picked":["Bromod:SeismicWave","Bromod:SpeedTrigger","Bromod:SlipMagazine"],"picked":"SKIP","floor":24},{"not_picked":["Bromod:Reflection","Bromod:SlipMagazine"],"picked":"Bromod:Vitality","floor":27},{"not_picked":["Bromod:BulletJump","Bromod:RadialBlind"],"picked":"Bromod:SteelFiber","floor":29},{"not_picked":["Bromod:ReflexCoil+1","Bromod:Redirection"],"picked":"Bromod:NoReturn","floor":30},{"not_picked":["Bromod:PointBlank+1","Bromod:HellsChamber"],"picked":"Bromod:SteelCharge","floor":31},{"not_picked":["Bromod:ThermiteRounds","Bromod:Continuity"],"picked":"Bromod:Adaptation","floor":33},{"not_picked":["Bromod:FastHands+1","Bromod:SlashDash+1"],"picked":"Bromod:OrganShatter+1","floor":35},{"not_picked":["Bromod:FinishingTouch","Bromod:PointStrike+1"],"picked":"Bromod:Provoked+1","floor":36},{"not_picked":["Bromod:ReflexCoil","Bromod:HeatedCharge+1"],"picked":"Bromod:Vitality+1","floor":37},{"not_picked":["Bromod:BulletJump","Bromod:ContagiousSpread+1"],"picked":"Bromod:Reflection","floor":39},{"not_picked":["Bromod:VoltaicStrike","Bromod:HellsChamber"],"picked":"Bromod:SlashDash+1","floor":41},{"not_picked":["Bromod:BulletJump","Bromod:HornetStrike"],"picked":"Bromod:SteelFiber+1","floor":47},{"not_picked":["Bromod:SlipMagazine+1","Bromod:Reflection","Bromod:BodyCount+1"],"picked":"SKIP","floor":48},{"not_picked":["Bromod:Thunderbolt","Bromod:Foundry","Bromod:SpeedTrigger"],"picked":"SKIP","floor":54}],"player_experience":337680,"relics_obtained":[{"floor":7,"key":"Regal Pillow"},{"floor":9,"key":"Bromod:ArcaneMomentum"},{"floor":10,"key":"War Paint"},{"floor":12,"key":"Shuriken"},{"floor":13,"key":"White Beast Statue"},{"floor":24,"key":"Omamori"},{"floor":26,"key":"Boot"},{"floor":27,"key":"Happy Flower"},{"floor":31,"key":"Toy Ornithopter"},{"floor":36,"key":"Incense Burner"},{"floor":41,"key":"Pen Nib"},{"floor":43,"key":"InkBottle"},{"floor":45,"key":"Blue Candle"},{"floor":48,"key":"Bromod:ArcanePistoleer"},{"floor":54,"key":"Bronze Scales"}],"event_choices":[{"damage_healed":0,"gold_gain":0,"player_choice":"Success","damage_taken":3,"relics_obtained":["Potion Belt"],"max_hp_gain":0,"max_hp_loss":0,"event_name":"Scrap Ooze","floor":2,"gold_loss":0},{"damage_healed":0,"gold_gain":0,"player_choice":"Shed Blood","damage_taken":20,"max_hp_gain":5,"max_hp_loss":0,"event_name":"Forgotten Altar","floor":22,"gold_loss":0},{"damage_healed":0,"gold_gain":0,"player_choice":"Ignored","damage_taken":0,"max_hp_gain":0,"max_hp_loss":0,"event_name":"Vampires","floor":25,"gold_loss":0},{"damage_healed":0,"gold_gain":0,"player_choice":"Fight","damage_taken":0,"max_hp_gain":0,"max_hp_loss":0,"event_name":"MindBloom","floor":36,"gold_loss":0},{"damage_healed":0,"gold_gain":0,"player_choice":"Ignored","damage_taken":0,"max_hp_gain":0,"max_hp_loss":0,"event_name":"Purifier","floor":38,"gold_loss":0}],"is_beta":false,"boss_relics":[{"not_picked":["Ectoplasm","Runic Dome"],"picked":"Bromod:ArcaneGrace"},{"not_picked":["Sozu","Empty Cage"],"picked":"Bromod:ArcaneBarrier"}],"items_purged_floors":[],"is_endless":false,"potions_floor_spawned":[3,4,8,10,12,14,16,18,21,24,27,29,30,31,33,35,36,37,39,41,47,48,54],"ascension_level":1}}