{"host":"meib18gsulage5jw","time":1611667404,"event":{"mods":["Aspiration","BaseMod","BetterRewards","CCEM2","Colored Map","Conspire","Defuse TimeMaze Blight","Energized Spire","Hubris","Infinite Spire","Minty Spire (QoL Compilation)","Relic Sorter","Reliquary","Replay The Spire","Spikes Relics","StSLib","The Blue Laboratory","Uncapped"],"gold_per_floor":[117,117,134,152,164,197,197,207,234,234,234,244,25,42,42,147,147,159,179,199,214,228,260,260,276,276,304,317,330,25,25,25,132,232,248,250,265,321,321,321,338,338,392,392,421,452,464,477,477,479,479],"floor_reached":50,"language":"ENG","playtime":1880,"items_purged":[],"score":597,"play_id":"2b9761de-cdd0-4d52-a376-59987d801cd0","local_time":"20210126232324","is_ascension_mode":false,"campfire_choices":[{"floor":11,"key":"REST"},{"floor":15,"key":"REST"},{"floor":24,"key":"REST"},{"floor":32,"key":"REST"},{"floor":40,"key":"REST"},{"data":"theextravagant:Aggression","floor":42,"key":"SMITH"},{"floor":49,"key":"REST"}],"circlet_count":0,"master_deck":["theextravagant:SlyStrike","theextravagant:SlyStrike","theextravagant:SlyStrike","theextravagant:Fence","theextravagant:Fence","theextravagant:Fence","theextravagant:Fence","theextravagant:QuickAttack","theextravagant:Razor","ReplayTheSpireMod:System Scan","theextravagant:StepBack","theextravagant:Drift","Hologram","theextravagant:Erase+1","Dual Wield","Warcry","Glacier","theextravagant:StepBack","theextravagant:ShieldCharm","theextravagant:Tension","theextravagant:Shake+1","theextravagant:Tension","theextravagant:Tension","theextravagant:FocusStab","theextravagant:Razor+1","Replay:Fractal Strike","theextravagant:Riot+1","theextravagant:SharpTalons+1","theextravagant:ZeroHero","theextravagant:Tension","theextravagant:HeavyBlows","infinitespire:FinalStrike","theextravagant:Shake+1","theextravagant:Aggression+1","infinitespire:Gouge","infinitespire:DeathsTouch","theextravagant:SpiritBolt"],"relics":["theextravagant:TranslucentFeather","hubris:Icosahedron","aspiration:Nostalgia","Iron Core","CCEMRelics:PorcelainBowl","CCEMRelics:SpiritsEdge","Ring of Panic","Ring of Fury","HandDrill","aspiration:PoetsPen_weak","CCEMRelics:BundleOfChain","Iron Hammer","infinitespire:Midas Blood","CCEMRelics:DissonantTune","Replay:Wanted Poster","ReplayTheSpireMod:DimensionalGlitch","Ancient Tea Set","CCEMRelics:LatexGloves"],"acts_visited":["Exordium","TheCity","TheBeyond"],"potions_floor_usage":[6,6,19,23,27,27,33,45,45],"damage_taken":[{"damage":2,"enemies":"Small Slimes","floor":1,"turns":4},{"damage":0,"enemies":"2 Louse","floor":3,"turns":3},{"damage":1,"enemies":"Jaw Worm","floor":4,"turns":5},{"damage":0,"enemies":"Looter","floor":5,"turns":5},{"damage":36,"enemies":"Lagavulin","floor":6,"turns":8},{"damage":5,"enemies":"3 Louse","floor":8,"turns":2},{"damage":9,"enemies":"Large Slime","floor":12,"turns":4},{"damage":10,"enemies":"Blue Slaver","floor":14,"turns":2},{"damage":45,"enemies":"The Guardian","floor":16,"turns":10},{"damage":16,"enemies":"2 Thieves","floor":18,"turns":2},{"damage":4,"enemies":"Chosen","floor":19,"turns":2},{"damage":0,"enemies":"Snecko","floor":20,"turns":1},{"damage":0,"enemies":"Snake Plant","floor":21,"turns":2},{"damage":8,"enemies":"Centurion and Healer","floor":22,"turns":2},{"damage":23,"enemies":"Book of Stabbing","floor":23,"turns":3},{"damage":0,"enemies":"Snecko","floor":25,"turns":2},{"damage":17,"enemies":"Nightmare","floor":27,"turns":3},{"damage":3,"enemies":"Cultist and Chosen","floor":28,"turns":2},{"damage":0,"enemies":"Snake Plant","floor":29,"turns":2},{"damage":3,"enemies":"Collector","floor":33,"turns":3},{"damage":0,"enemies":"Orb Walker","floor":35,"turns":1},{"damage":10,"enemies":"3 Darklings","floor":37,"turns":2},{"damage":12,"enemies":"Mind Bloom Boss Battle","floor":38,"turns":3},{"damage":0,"enemies":"Maw","floor":41,"turns":2},{"damage":26,"enemies":"Sphere and 2 Shapes","floor":45,"turns":2},{"damage":0,"enemies":"R_Hoarder","floor":46,"turns":2},{"damage":0,"enemies":"Jaw Worm Horde","floor":47,"turns":1},{"damage":0,"enemies":"Maw","floor":48,"turns":2},{"damage":182,"enemies":"conspire:OrnateMirror","floor":50,"turns":1}],"seed_played":"8117502800319600459","potions_obtained":[{"floor":4,"key":"DistilledChaos"},{"floor":5,"key":"ColorlessPotion"},{"floor":16,"key":"blueLaboratory:PolymorphPotion"},{"floor":21,"key":"blueLaboratory:PhilterOfMotion"},{"floor":23,"key":"blueLaboratory:NullPotion"},{"floor":25,"key":"blueLaboratory:FruitPunch"},{"floor":28,"key":"Block Potion"},{"floor":29,"key":"blueLaboratory:Moonshine"},{"floor":38,"key":"blueLaboratory:BottleOfVodka"},{"floor":41,"key":"Energy Potion"},{"floor":47,"key":"Ancient Potion"}],"is_trial":false,"path_per_floor":["M","?","M","M","M","E","?","M","T","?","R","M","$","M","R","B",null,"M","M","M","M","M","E","R","M","T","NM","M","M","$","?","R","B",null,"M","?","M","?","AVR","R","M","R","T","?","M","E","M","M","R","B"],"character_chosen":"THE_EXTRAVAGANT","items_purchased":["Glacier","HandDrill","theextravagant:Tension","CCEMRelics:DissonantTune"],"campfire_rested":6,"item_purchase_floors":[13,13,30,30],"current_hp_per_floor":[73,66,66,65,65,29,29,24,24,24,46,37,37,27,49,4,75,59,55,55,55,47,24,46,46,46,31,28,28,28,28,51,48,77,77,58,48,36,36,59,59,59,59,62,36,36,36,36,60,0,0],"gold":479,"neow_bonus":"NOSTALGIA","is_daily":false,"chose_seed":false,"campfire_upgraded":1,"win_rate":0.0,"timestamp":1611667404,"path_taken":["M","?","M","M","M","E","?","M","T","?","R","M","?","M","R","BOSS","M","M","M","M","M","E","R","M","T","NM","M","M","$","?","R","BOSS","M","?","M","?","AVR","R","M","R","T","?","M","E","M","M","R","BOSS"],"items_purchased_type":["Card","Relic","Card","Relic"],"build_version":"2020-12-22","purchased_purges":0,"victory":false,"max_hp_per_floor":[75,75,75,75,75,75,75,75,75,75,75,75,75,75,75,75,75,75,75,75,75,75,75,75,75,75,77,77,77,77,77,77,77,77,77,77,77,77,77,77,77,77,77,80,80,80,80,80,80,80,80],"card_choices":[{"not_picked":["theextravagant:SharpTalons","Force Field"],"picked":"theextravagant:Razor","floor":1},{"not_picked":["WeaponsOverheat","theextravagant:HeavyBlows"],"picked":"ReplayTheSpireMod:System Scan","floor":3},{"not_picked":["theextravagant:Meditation","theextravagant:Riot"],"picked":"theextravagant:StepBack","floor":4},{"not_picked":["Flex","theextravagant:Twitch"],"picked":"theextravagant:Drift","floor":5},{"not_picked":["Whirlwind","theextravagant:HeavyBlows"],"picked":"Hologram","floor":6},{"not_picked":["Turbo","Defragment"],"picked":"Dual Wield","floor":8},{"not_picked":["Steam Power","theextravagant:HeavyBlows"],"picked":"Warcry","floor":12},{"not_picked":["theextravagant:Courage","Turbo"],"picked":"theextravagant:StepBack","floor":14},{"not_picked":["theextravagant:Pluck","theextravagant:SnakeEyes"],"picked":"theextravagant:ShieldCharm","floor":16},{"not_picked":["theextravagant:Supersonic+1","theextravagant:GlyphOfChoice"],"picked":"theextravagant:Tension","floor":18},{"not_picked":["theextravagant:Cutthroat","theextravagant:Shove","theextravagant:Urgency+1"],"picked":"SKIP","floor":19},{"not_picked":["theextravagant:ShootingStar","theextravagant:Riot"],"picked":"theextravagant:Shake+1","floor":20},{"not_picked":["theextravagant:Supersonic","theextravagant:Comeback"],"picked":"theextravagant:Tension","floor":21},{"not_picked":["theextravagant:Riot","theextravagant:Flashback+1"],"picked":"theextravagant:Tension","floor":22},{"not_picked":["theextravagant:Defy","theextravagant:Firework"],"picked":"theextravagant:FocusStab","floor":23},{"not_picked":["theextravagant:Dazzle+1","theextravagant:RisingPhoenix"],"picked":"theextravagant:Razor+1","floor":25},{"not_picked":["infinitespire:TheBestDefense","infinitespire:Collect"],"picked":"Replay:Fractal Strike","floor":27},{"not_picked":["theextravagant:Meditation","theextravagant:PerfectTheBasics"],"picked":"theextravagant:Riot+1","floor":27},{"not_picked":["theextravagant:RustyBuckler","theextravagant:Twostep"],"picked":"theextravagant:SharpTalons+1","floor":28},{"not_picked":["theextravagant:Cutthroat","theextravagant:SharpTalons"],"picked":"theextravagant:ZeroHero","floor":29},{"not_picked":["theextravagant:PerfectTheBasics+1","theextravagant:CutTheDeck+1"],"picked":"theextravagant:HeavyBlows","floor":35},{"not_picked":["ReplayTheSpireMod:??????????????????????","infinitespire:Starlight"],"picked":"infinitespire:FinalStrike","floor":36},{"not_picked":["theextravagant:Defy+1","theextravagant:Twitch"],"picked":"theextravagant:Shake+1","floor":37},{"not_picked":["theextravagant:Glamour+1","theextravagant:Firework"],"picked":"theextravagant:Aggression","floor":38},{"not_picked":["theextravagant:TreasureHunt+1","theextravagant:Defy"],"picked":"theextravagant:SpiritBolt","floor":41},{"not_picked":["theextravagant:ShootingStar+1","theextravagant:StepBack+1","theextravagant:Cutthroat+1"],"picked":"SKIP","floor":45},{"not_picked":["theextravagant:AuroraForm","theextravagant:Meditation","theextravagant:Precaution+1"],"picked":"SKIP","floor":46},{"not_picked":["theextravagant:Clairvoyance","theextravagant:Cutthroat","theextravagant:Precaution+1"],"picked":"SKIP","floor":47},{"not_picked":["theextravagant:TwilightTone","theextravagant:GlyphOfTime","theextravagant:Shove+1"],"picked":"SKIP","floor":48}],"player_experience":313956,"relics_obtained":[{"floor":6,"key":"CCEMRelics:PorcelainBowl"},{"floor":9,"key":"CCEMRelics:SpiritsEdge"},{"floor":10,"key":"Ring of Panic"},{"floor":10,"key":"Ring of Fury"},{"floor":23,"key":"CCEMRelics:BundleOfChain"},{"floor":26,"key":"Iron Hammer"},{"floor":27,"key":"infinitespire:Midas Blood"},{"floor":43,"key":"Ancient Tea Set"},{"floor":46,"key":"CCEMRelics:LatexGloves"}],"event_choices":[{"cards_removed":["theextravagant:SlyStrike"],"damage_healed":0,"gold_gain":0,"player_choice":"Card Removal","damage_taken":7,"max_hp_gain":0,"max_hp_loss":0,"event_name":"Golden Wing","floor":2,"gold_loss":0},{"damage_healed":0,"gold_gain":0,"player_choice":"Fight","damage_taken":0,"max_hp_gain":0,"max_hp_loss":0,"event_name":"MindBloom","floor":38,"gold_loss":0}],"is_beta":false,"boss_relics":[{"not_picked":["Replay:Grab Bag","Coffee Dripper"],"picked":"aspiration:PoetsPen_weak"},{"not_picked":["hubris:GrandSneckoEye","Empty Cage"],"picked":"Replay:Wanted Poster"}],"items_purged_floors":[],"is_endless":true,"potions_floor_spawned":[4,5,16,21,23,25,28,29,38,41,47],"killed_by":"conspire:OrnateMirror","ascension_level":0}}