{"host":"jmumkimrafwvkspb","time":1611663547,"event":{"mods":["AchievementEnabler","BaseMod","Colored Map","Minty Spire (QoL Compilation)","Replay The Spire","StSLib"],"gold_per_floor":[117,117,117,128,147,174,192,192,192,192,192,219,219,239,239,314,314,333,353,268,284,254,254,281,35,61,75,75,91,117,130,130,203,203,216,228,59,71,71,83,112,112,138,138,156,186,196,230,230,230,230,230,230,130,156,156,156],"floor_reached":56,"language":"ENG","playtime":3385,"items_purged":["Defend_B","Regret"],"score":1777,"play_id":"0fffa4e3-92c0-4bb4-a572-1fda84819369","local_time":"20210126131907","is_ascension_mode":true,"campfire_choices":[{"data":"Defragment","floor":8.0,"key":"SMITH"},{"data":"Multi-Cast","floor":10.0,"key":"SMITH"},{"floor":13.0,"key":"REST"},{"data":"Barrage","floor":15.0,"key":"SMITH"},{"data":"Seek","floor":23.0,"key":"SMITH"},{"data":"Time Bomb","floor":28.0,"key":"SMITH"},{"floor":32.0,"key":"REST"},{"floor":42.0,"key":"RECALL"},{"data":"Loop","floor":44.0,"key":"SMITH"},{"data":"Consume","floor":49.0,"key":"SMITH"},{"data":"Capacitor","floor":53.0,"key":"SMITH"}],"circlet_count":1,"master_deck":["AscendersBane","Strike_B","Strike_B","Strike_B","Strike_B","Defend_B","Defend_B","Defend_B","Zap","Dualcast","Multi-Cast+1","Defragment+1","Cold Snap","Cold Snap","Core Surge","Conserve Battery","Core Surge","Barrage+1","Seek+1","Ball Lightning","Conserve Battery+1","ReplayTheSpireMod:Calculation Training","Time Bomb+1","Tempest","Loop+1","Electrodynamics","Capacitor+1","Coolheaded+1","Reinforced Body","Self Repair","Consume+1","Capacitor+1","Time Bomb+1","Coolheaded+1"],"relics":["Cracked Core","ReplayTheSpireMod:Ring of Collecting","Ring of Peace","Shuriken","StoneCalendar","Ring of Misfortune","Du-Vu Doll","Spirit Poop","CaptainsWheel","Cursed Key","Circlet","Mirror","Art of War","Ring of Hypnosis","Replay:Antivirus Software","ReplayTheSpireMod:TigerMarble","Runic Pyramid","Bag of Preparation","Replay:Wax Seal","ReplayTheSpireMod:Ring of Exchange","Geode","Orichalcum","Solar Panel"],"acts_visited":["Exordium","TheCity","TheBeyond","TheEnding"],"potions_floor_usage":[55,56],"damage_taken":[{"damage":0.0,"enemies":"2 Louse","floor":1.0,"turns":2.0},{"damage":5.0,"enemies":"Jaw Worm","floor":4.0,"turns":4.0},{"damage":0.0,"enemies":"Cultist","floor":5.0,"turns":3.0},{"damage":26.0,"enemies":"3 Sentries","floor":6.0,"turns":14.0},{"damage":0.0,"enemies":"2 Fungi Beasts","floor":7.0,"turns":5.0},{"damage":4.0,"enemies":"Replay:BlueRogue","floor":12.0,"turns":7.0},{"damage":0.0,"enemies":"Large Slime","floor":14.0,"turns":5.0},{"damage":0.0,"enemies":"Fading Forest","floor":16.0,"turns":13.0},{"damage":0.0,"enemies":"Chosen","floor":18.0,"turns":4.0},{"damage":1.0,"enemies":"3 Byrds","floor":19.0,"turns":6.0},{"damage":0.0,"enemies":"3 Cultists","floor":21.0,"turns":5.0},{"damage":19.0,"enemies":"Gremlin Leader","floor":24.0,"turns":7.0},{"damage":8.0,"enemies":"Snake Plant","floor":27.0,"turns":5.0},{"damage":19.0,"enemies":"Centurion and Healer","floor":29.0,"turns":7.0},{"damage":7.0,"enemies":"Book of Stabbing","floor":30.0,"turns":5.0},{"damage":0.0,"enemies":"Snecko","floor":31.0,"turns":3.0},{"damage":29.0,"enemies":"Collector","floor":33.0,"turns":7.0},{"damage":0.0,"enemies":"3 Shapes","floor":35.0,"turns":4.0},{"damage":0.0,"enemies":"3 Darklings","floor":36.0,"turns":4.0},{"damage":0.0,"enemies":"Maw","floor":38.0,"turns":5.0},{"damage":0.0,"enemies":"Transient","floor":40.0,"turns":6.0},{"damage":0.0,"enemies":"Nemesis","floor":41.0,"turns":7.0},{"damage":0.0,"enemies":"Spire Growth","floor":45.0,"turns":4.0},{"damage":0.0,"enemies":"Reptomancer","floor":46.0,"turns":5.0},{"damage":3.0,"enemies":"4 Shapes","floor":47.0,"turns":4.0},{"damage":0.0,"enemies":"R_Hoarder","floor":48.0,"turns":3.0},{"damage":19.0,"enemies":"Replay:Hell Engine","floor":50.0,"turns":14.0},{"damage":52.0,"enemies":"Donu and Deca","floor":51.0,"turns":9.0},{"damage":23,"enemies":"Shield and Spear","floor":55,"turns":6},{"damage":63,"enemies":"The Heart","floor":56,"turns":6}],"seed_played":"-6845514633266889221","potions_obtained":[{"floor":5.0,"key":"Adrenaline Potion"},{"floor":14.0,"key":"FocusPotion"},{"floor":18.0,"key":"Fruit Juice"},{"floor":21.0,"key":"LifebloodPotion"},{"floor":22.0,"key":"LifebloodPotion"},{"floor":31.0,"key":"Weak Potion"},{"floor":33.0,"key":"Elixir"},{"floor":41.0,"key":"Regen Potion"}],"is_trial":false,"path_per_floor":["M","?","?","M","M","E","M","R","T","R","?","E","R","M","R","B",null,"M","M","?","M","?","R","E","$","T","M","R","M","E","M","R","B",null,"M","M","$","M","?","M","E","R","T","R","M","E","M","E","R","B","B",null,"R","$","E","B"],"character_chosen":"DEFECT","items_purchased":["Art of War","Bag of Preparation"],"campfire_rested":2,"item_purchase_floors":[25,37],"current_hp_per_floor":[64,64,53,48,48,22,22,22,22,22,22,18,39,39,39,63,69,69,68,68,68,73,73,54,54,54,46,46,27,20,20,42,13,60,60,60,60,60,60,60,60,60,60,60,67,74,76,76,76,64,19,62,62,62,61,0,0],"gold":156,"neow_bonus":"ONE_RANDOM_RARE_CARD","is_daily":false,"chose_seed":false,"campfire_upgraded":8,"win_rate":0.0,"timestamp":1611663547,"path_taken":["M","?","?","M","M","E","M","R","T","R","?","E","R","M","R","BOSS","M","?","?","M","?","R","E","$","T","?","R","M","E","M","R","BOSS","M","M","$","M","?","M","E","R","T","R","M","E","M","E","R","BOSS","BOSS","R","$","E","BOSS"],"items_purchased_type":["Relic","Relic"],"build_version":"2020-12-22","purchased_purges":2,"victory":false,"max_hp_per_floor":[71,71,71,71,71,71,71,71,71,71,71,71,71,71,71,71,71,71,71,71,71,76,76,76,76,76,76,76,76,76,76,76,76,76,76,76,76,76,76,76,76,76,76,76,76,76,76,76,76,76,76,76,76,76,76,76,76],"card_choices":[{"not_picked":["Gash","ReplayGash"],"picked":"Defragment","floor":1.0},{"not_picked":["Coolheaded","Conserve Battery"],"picked":"Cold Snap","floor":4.0},{"not_picked":["Streamline","Reprogram"],"picked":"Cold Snap","floor":5.0},{"not_picked":["Rebound","Gash"],"picked":"Core Surge","floor":6.0},{"not_picked":["Gash","Barrage"],"picked":"Conserve Battery","floor":7.0},{"not_picked":["Leap","Aggregate"],"picked":"Core Surge","floor":12.0},{"not_picked":["Crystallizer","ReplaySolidLightProjector"],"picked":"Barrage","floor":14.0},{"not_picked":["Core Surge","Meteor Strike"],"picked":"Seek","floor":16.0},{"not_picked":["Gash+1","Rip and Tear"],"picked":"Ball Lightning","floor":18.0},{"not_picked":["Stack","Go for the Eyes"],"picked":"Conserve Battery+1","floor":19.0},{"not_picked":["Reprogram","Compile Driver"],"picked":"ReplayTheSpireMod:Calculation Training","floor":21.0},{"not_picked":["ReplayTheSpireMod:GoodbyeWorld+1","Ball Lightning","Static Discharge"],"picked":"SKIP","floor":24.0},{"not_picked":["Streamline","Cold Snap+1"],"picked":"Time Bomb","floor":27.0},{"not_picked":["Go for the Eyes","Turbo"],"picked":"Tempest","floor":29.0},{"not_picked":["Doom and Gloom","Cold Snap"],"picked":"Loop","floor":30.0},{"not_picked":["Stack","Scrape","Leap"],"picked":"SKIP","floor":31.0},{"not_picked":["Buffer","All For One"],"picked":"Electrodynamics","floor":33.0},{"not_picked":["Barrage","Stack"],"picked":"Capacitor","floor":35.0},{"not_picked":["Gash+1","Steam","Aggregate+1"],"picked":"SKIP","floor":36.0},{"not_picked":["Go for the Eyes+1","Conserve Battery"],"picked":"Coolheaded+1","floor":38.0},{"not_picked":["Redo+1","Beam Cell"],"picked":"Reinforced Body","floor":40.0},{"not_picked":["Beam Cell","Reboot"],"picked":"Self Repair","floor":41.0},{"not_picked":["White Noise","Undo"],"picked":"Consume","floor":45.0},{"not_picked":["Sweeping Beam+1","Compile Driver+1"],"picked":"Capacitor+1","floor":46.0},{"not_picked":["Hologram","Panic Button+1"],"picked":"Time Bomb+1","floor":47.0},{"not_picked":["Barrage","Go for the Eyes"],"picked":"Coolheaded+1","floor":48.0},{"not_picked":["ReplayTheSpireMod:Reroute Power","Panic Button+1","Rebound+1"],"picked":"SKIP","floor":55}],"player_experience":1607382,"relics_obtained":[{"floor":2.0,"key":"ReplayTheSpireMod:Ring of Collecting"},{"floor":2.0,"key":"Ring of Peace"},{"floor":6.0,"key":"StoneCalendar"},{"floor":9.0,"key":"Ring of Misfortune"},{"floor":9.0,"key":"Du-Vu Doll"},{"floor":12.0,"key":"CaptainsWheel"},{"floor":24.0,"key":"Mirror"},{"floor":26.0,"key":"Ring of Hypnosis"},{"floor":26.0,"key":"Replay:Antivirus Software"},{"floor":30.0,"key":"ReplayTheSpireMod:TigerMarble"},{"floor":41.0,"key":"Replay:Wax Seal"},{"floor":43.0,"key":"ReplayTheSpireMod:Ring of Exchange"},{"floor":46.0,"key":"Geode"},{"floor":48.0,"key":"Orichalcum"},{"floor":55,"key":"Solar Panel"}],"event_choices":[{"damage_healed":0.0,"max_hp_gain":0.0,"max_hp_loss":0.0,"gold_gain":0.0,"event_name":"Scrap Ooze","player_choice":"Success","floor":3.0,"gold_loss":0.0,"damage_taken":11.0,"relics_obtained":["Shuriken"]},{"cards_removed":["Spreading Infection"],"damage_healed":0.0,"max_hp_gain":0.0,"max_hp_loss":0.0,"gold_gain":0.0,"event_name":"Bonfire Elementals","player_choice":"Offered Curse","floor":11.0,"gold_loss":0.0,"damage_taken":0.0,"relics_obtained":["Spirit Poop"]},{"damage_healed":0.0,"max_hp_gain":0.0,"max_hp_loss":0.0,"gold_gain":0.0,"event_name":"Addict","player_choice":"Obtained Relic","floor":20.0,"gold_loss":85.0,"damage_taken":0.0,"relics_obtained":["Dead Branch"]},{"damage_healed":0.0,"max_hp_gain":0.0,"max_hp_loss":0.0,"gold_gain":0.0,"event_name":"The Woman in Blue","player_choice":"Bought 2 Potions","floor":22.0,"gold_loss":0.0,"damage_taken":0.0},{"cards_removed":["CommonCold"],"damage_healed":0.0,"max_hp_gain":0.0,"max_hp_loss":0.0,"gold_gain":0.0,"event_name":"Fountain of Cleansing","player_choice":"Removed Curses","floor":39.0,"gold_loss":0.0,"damage_taken":0.0}],"is_beta":false,"boss_relics":[{"not_picked":["SlaversCollar","Snecko Eye"],"picked":"Cursed Key"},{"not_picked":["Honey Jar","Tiny House"],"picked":"Runic Pyramid"}],"items_purged_floors":[25,54],"is_endless":false,"potions_floor_spawned":[5,14,18,21,31,33,36,38,41,46,48],"killed_by":"The Heart","ascension_level":20}}