{"host":"4lch21uqe3ag08cj","time":1611697248,"event":{"mods":["AchievementEnabler","BaseMod","Block Reminder","Colored Map","Colored Powertips","Minty Spire (QoL Compilation)","Permanent Neow","Relic Stats"],"gold_per_floor":[113,123,139,139,158,187,187,201,501,501,528,528,528,545,545,646,646,666,681,699,713,728,758,758,758,758],"floor_reached":25,"language":"ENG","playtime":1414,"items_purged":[],"score":237,"play_id":"dbe17981-3606-4643-a4e1-9f47e35fb484","local_time":"20210126184048","is_ascension_mode":false,"campfire_choices":[{"data":"True Grit","floor":7.0,"key":"SMITH"},{"data":"Body Slam","floor":12.0,"key":"SMITH"},{"data":"Flame Barrier","floor":15.0,"key":"SMITH"},{"floor":24,"key":"REST"}],"circlet_count":0,"master_deck":["Strike_R","Strike_R","Strike_R","Strike_R","Strike_R+1","Defend_R","Defend_R","Defend_R","Defend_R","Bash+1","True Grit+1","Pommel Strike","Flame Barrier+1","Body Slam+1","Combust","Double Tap","Clothesline","Barricade","Armaments","Whirlwind+1"],"relics":["Burning Blood","Magic Flower","Incense Burner","Old Coin","Peace Pipe","Mark of Pain","Whetstone"],"acts_visited":["Exordium","TheCity"],"potions_floor_usage":[16,20,20,23],"damage_taken":[{"damage":0.0,"enemies":"2 Louse","floor":1.0,"turns":3.0},{"damage":5.0,"enemies":"Jaw Worm","floor":2.0,"turns":5.0},{"damage":10.0,"enemies":"Small Slimes","floor":3.0,"turns":3.0},{"damage":7.0,"enemies":"Blue Slaver","floor":5.0,"turns":4.0},{"damage":36.0,"enemies":"Lagavulin","floor":6.0,"turns":11.0},{"damage":0.0,"enemies":"Looter","floor":8.0,"turns":4.0},{"damage":18.0,"enemies":"3 Sentries","floor":11.0,"turns":8.0},{"damage":19.0,"enemies":"3 Louse","floor":14.0,"turns":4.0},{"damage":19,"enemies":"The Guardian","floor":16,"turns":9},{"damage":4,"enemies":"Chosen","floor":18,"turns":6},{"damage":1,"enemies":"3 Byrds","floor":19,"turns":3},{"damage":13,"enemies":"3 Cultists","floor":20,"turns":6},{"damage":5,"enemies":"Shelled Parasite and Fungi","floor":21,"turns":4},{"damage":24,"enemies":"Centurion and Healer","floor":22,"turns":9},{"damage":59,"enemies":"Slavers","floor":23,"turns":6},{"damage":46,"enemies":"Sentry and Sphere","floor":25,"turns":5}],"seed_played":"3563435794175046422","potions_obtained":[{"floor":2.0,"key":"Ancient Potion"},{"floor":11.0,"key":"CultistPotion"},{"floor":16,"key":"SkillPotion"},{"floor":19,"key":"PowerPotion"},{"floor":21,"key":"PowerPotion"}],"is_trial":false,"path_per_floor":["M","M","M","?","M","E","R","M","T","?","E","R","?","M","R","B",null,"M","M","M","M","M","E","R","M"],"character_chosen":"IRONCLAD","items_purchased":[],"campfire_rested":1,"item_purchase_floors":[],"current_hp_per_floor":[80,80,76,73,75,48,48,57,57,62,53,53,53,43,43,33,85,85,85,81,85,70,20,45,0,0],"gold":758,"neow_bonus":"","is_daily":false,"chose_seed":false,"campfire_upgraded":3,"win_rate":0.0,"timestamp":1611697248,"path_taken":["M","M","M","?","M","E","R","M","T","?","E","R","?","M","R","BOSS","M","M","M","M","M","E","R","M"],"items_purchased_type":[],"build_version":"2020-12-22","purchased_purges":0,"victory":false,"max_hp_per_floor":[80,80,80,80,80,80,80,80,80,85,85,85,85,85,85,85,85,85,85,85,85,85,85,85,85,85],"relic_stats":{"Peace Pipe":0,"counters":[16,90],"Magic Flower":[30],"Whetstone":["Strike_R","Bash"],"obtain_stats":[{"Peace Pipe":11,"Magic Flower":4,"Mark of Pain":17,"Incense Burner":6,"Whetstone":23,"Burning Blood":0,"Old Coin":9},{"Peace Pipe":7,"Magic Flower":3,"Mark of Pain":9,"Incense Burner":5,"Whetstone":15,"Burning Blood":0,"Old Coin":6},{"Peace Pipe":38,"Magic Flower":11,"Mark of Pain":51,"Incense Burner":26,"Whetstone":85,"Burning Blood":0,"Old Coin":30}],"Burning Blood":106},"card_choices":[{"not_picked":["Clash","Twin Strike"],"picked":"True Grit","floor":1.0},{"not_picked":["Thunderclap","Bloodletting"],"picked":"Pommel Strike","floor":2.0},{"not_picked":["Armaments","Anger"],"picked":"Flame Barrier","floor":3.0},{"not_picked":["Clash","Anger"],"picked":"Body Slam","floor":5.0},{"not_picked":["Armaments","Sword Boomerang","Cleave"],"picked":"SKIP","floor":6.0},{"not_picked":["Twin Strike","Thunderclap"],"picked":"Combust","floor":8.0},{"not_picked":["Twin Strike","Blood for Blood"],"picked":"Double Tap","floor":11.0},{"not_picked":["Hemokinesis","Headbutt"],"picked":"Clothesline","floor":14.0},{"not_picked":["Reaper","Juggernaut"],"picked":"Barricade","floor":16},{"not_picked":["Hemokinesis","Clash","Dropkick+1"],"picked":"SKIP","floor":18},{"not_picked":["Clash","Anger"],"picked":"Armaments","floor":19},{"not_picked":["Fiend Fire","Warcry"],"picked":"Whirlwind+1","floor":20},{"not_picked":["Perfected Strike","Dropkick+1","Intimidate"],"picked":"SKIP","floor":21},{"not_picked":["Shockwave","True Grit","Bloodletting"],"picked":"SKIP","floor":22},{"not_picked":["Pommel Strike","Hemokinesis","Clash"],"picked":"SKIP","floor":23}],"player_experience":0,"relics_obtained":[{"floor":6.0,"key":"Incense Burner"},{"floor":9.0,"key":"Old Coin"},{"floor":11.0,"key":"Peace Pipe"},{"floor":23,"key":"Whetstone"}],"event_choices":[{"damage_healed":0.0,"max_hp_gain":0.0,"max_hp_loss":0.0,"gold_gain":0.0,"event_name":"Scrap Ooze","player_choice":"Success","floor":4.0,"gold_loss":0.0,"damage_taken":3.0,"relics_obtained":["Magic Flower"]},{"damage_healed":0.0,"max_hp_gain":5.0,"max_hp_loss":0.0,"gold_gain":0.0,"event_name":"Big Fish","player_choice":"Donut","floor":10.0,"gold_loss":0.0,"damage_taken":0.0},{"damage_healed":0.0,"max_hp_gain":0.0,"max_hp_loss":0.0,"gold_gain":0.0,"event_name":"Liars Game","player_choice":"Ignored","floor":13.0,"gold_loss":0.0,"damage_taken":0.0}],"is_beta":false,"boss_relics":[{"not_picked":["Black Star","Coffee Dripper"],"picked":"Mark of Pain"}],"items_purged_floors":[],"is_endless":false,"potions_floor_spawned":[2,11,16,19,21],"killed_by":"Sentry and Sphere","ascension_level":0}}