{"host":"1qhzi8r9ejho5yph","time":1611701414,"event":{"mods":["AchievementEnabler","BaseMod","Colored Map","Colored Powertips","Highlight Path","Minty Spire (QoL Compilation)","Permanent Neow","Quick Restart","Random Character Button","StSLib","SuperFastMode"],"gold_per_floor":[119,129,129,54,54,83,83,83,83,83,83,83,100,115,115,210,210,220,220,220,120,38,38,52,52,78,78,98,14,32,42,42,144,144,157,157,157,157,32,52,52,71,123,123,140,140,155,205,205,205],"floor_reached":51,"language":"ENG","playtime":1103,"items_purged":["Strike_R","Decay","Immolate+1"],"score":843,"play_id":"2c683f43-6f6e-4469-99c9-11f47a278ded","local_time":"20210127065014","is_ascension_mode":false,"campfire_choices":[{"data":"Rampage","floor":7,"key":"SMITH"},{"data":"Bash","floor":11,"key":"SMITH"},{"data":"True Grit","floor":15,"key":"SMITH"},{"data":"Madness","floor":23,"key":"SMITH"},{"data":"Deep Breath","floor":32,"key":"SMITH"},{"data":"Flash of Steel","floor":41,"key":"SMITH"},{"floor":44,"key":"REST"},{"floor":46,"key":"REST"},{"data":"Dropkick","floor":49,"key":"SMITH"}],"circlet_count":0,"master_deck":["Defend_R","Bash+1","Rampage+1","True Grit+1","Madness+1","Deep Breath+1","Pommel Strike+1","Spot Weakness+1","Flash of Steel+1","Dropkick+1"],"relics":["Burning Blood","Dream Catcher","Juzu Bracelet","Meat on the Bone","Mummified Hand","Letter Opener","Busted Crown","Happy Flower","Astrolabe","Omamori","Thread and Needle"],"acts_visited":["Exordium","TheCity","TheBeyond"],"potions_floor_usage":[33,48,48,50],"damage_taken":[{"damage":6,"enemies":"Cultist","floor":1,"turns":4},{"damage":1,"enemies":"Jaw Worm","floor":2,"turns":3},{"damage":21,"enemies":"3 Sentries","floor":6,"turns":8},{"damage":5,"enemies":"2 Louse","floor":13,"turns":2},{"damage":0,"enemies":"Large Slime","floor":14,"turns":5},{"damage":63,"enemies":"Slime Boss","floor":16,"turns":11},{"damage":17,"enemies":"3 Byrds","floor":18,"turns":6},{"damage":1,"enemies":"Chosen","floor":24,"turns":3},{"damage":37,"enemies":"Sentry and Sphere","floor":28,"turns":6},{"damage":7,"enemies":"3 Cultists","floor":30,"turns":4},{"damage":8,"enemies":"Centurion and Healer","floor":31,"turns":4},{"damage":35,"enemies":"Automaton","floor":33,"turns":6},{"damage":11,"enemies":"3 Darklings","floor":35,"turns":3},{"damage":2,"enemies":"3 Shapes","floor":40,"turns":2},{"damage":11,"enemies":"3 Darklings","floor":42,"turns":2},{"damage":31,"enemies":"Writhing Mass","floor":45,"turns":3},{"damage":14,"enemies":"Spire Growth","floor":47,"turns":3},{"damage":4,"enemies":"Mind Bloom Boss Battle","floor":48,"turns":3},{"damage":44,"enemies":"Donu and Deca","floor":50,"turns":5}],"seed_played":"-1539365697274809135","potions_obtained":[{"floor":2,"key":"BlessingOfTheForge"},{"floor":13,"key":"Ancient Potion"},{"floor":24,"key":"BloodPotion"},{"floor":28,"key":"SkillPotion"},{"floor":47,"key":"DistilledChaos"},{"floor":48,"key":"Block Potion"}],"is_trial":false,"path_per_floor":["M","M","T","$","?","E","R","?","T","T","R","?","M","M","R","B",null,"M","?","?","$","$","R","M","?","T","?","M","$","M","M","R","B",null,"M","?","?","?","$","M","R","M","T","R","M","R","M","?","R","B",null],"character_chosen":"IRONCLAD","items_purchased":["Madness","Deep Breath"],"campfire_rested":2,"item_purchase_floors":[22,29],"current_hp_per_floor":[80,80,80,80,80,65,65,65,65,65,65,65,66,72,72,27,80,69,69,69,69,69,69,74,74,74,59,40,40,51,49,49,32,85,80,80,80,80,80,84,84,79,79,85,60,85,77,79,79,53],"gold":205,"neow_bonus":"REMOVE_CARD","is_daily":false,"chose_seed":false,"campfire_upgraded":7,"win_rate":0.0,"timestamp":1611701414,"path_taken":["M","M","?","$","?","E","R","?","T","?","R","?","M","M","R","BOSS","M","?","?","?","$","R","M","?","T","?","M","?","M","M","R","BOSS","M","?","?","?","$","M","R","M","T","R","M","R","M","?","R","BOSS"],"items_purchased_type":["Card","Card"],"build_version":"2020-12-22","purchased_purges":3,"victory":true,"max_hp_per_floor":[80,80,80,80,80,80,80,80,80,80,80,80,80,80,80,80,80,80,80,80,80,80,80,80,80,80,85,85,85,85,85,85,85,85,85,85,85,85,85,85,85,85,85,85,85,85,85,85,85,85],"card_choices":[{"not_picked":["Anger","Ghostly Armor","Perfected Strike"],"picked":"SKIP","floor":1},{"not_picked":["Anger","Shockwave"],"picked":"Rampage","floor":2},{"not_picked":["Rampage","Body Slam","Combust"],"picked":"SKIP","floor":6},{"not_picked":["Flame Barrier","Sword Boomerang","Clothesline"],"picked":"SKIP","floor":13},{"not_picked":["Fire Breathing","Warcry"],"picked":"True Grit","floor":14},{"not_picked":["Headbutt"],"picked":"SKIP","floor":18},{"not_picked":["Perfected Strike"],"picked":"SKIP","floor":24},{"not_picked":["Ghostly Armor"],"picked":"SKIP","floor":28},{"not_picked":[],"picked":"Pommel Strike+1","floor":30},{"not_picked":["Thunderclap"],"picked":"SKIP","floor":31},{"not_picked":["Iron Wave"],"picked":"SKIP","floor":35},{"not_picked":[],"picked":"Flash of Steel","floor":36},{"not_picked":["Pommel Strike+1"],"picked":"SKIP","floor":40},{"not_picked":["Havoc"],"picked":"SKIP","floor":42},{"not_picked":["Flex"],"picked":"SKIP","floor":45},{"not_picked":["Headbutt+1"],"picked":"SKIP","floor":47},{"not_picked":[],"picked":"Dropkick","floor":48}],"player_experience":336197,"relics_obtained":[{"floor":3,"key":"Dream Catcher"},{"floor":6,"key":"Juzu Bracelet"},{"floor":9,"key":"Mummified Hand"},{"floor":10,"key":"Letter Opener"},{"floor":26,"key":"Happy Flower"},{"floor":43,"key":"Omamori"},{"floor":48,"key":"Thread and Needle"}],"event_choices":[{"cards_removed":["Strike_R"],"damage_healed":0,"gold_gain":0,"player_choice":"Purged","damage_taken":0,"max_hp_gain":0,"max_hp_loss":0,"event_name":"Purifier","floor":5,"gold_loss":0},{"damage_healed":0,"gold_gain":0,"player_choice":"Gave Potion","damage_taken":0,"relics_obtained":["Meat on the Bone"],"max_hp_gain":0,"max_hp_loss":0,"event_name":"WeMeetAgain","floor":8,"gold_loss":0},{"cards_removed":["Strike_R"],"damage_healed":0,"gold_gain":0,"player_choice":"Forget","damage_taken":0,"max_hp_gain":0,"max_hp_loss":0,"event_name":"Living Wall","floor":12,"gold_loss":0},{"cards_removed":["Strike_R"],"damage_healed":0,"gold_gain":0,"player_choice":"Purged","damage_taken":0,"max_hp_gain":0,"max_hp_loss":0,"event_name":"Purifier","floor":19,"gold_loss":0},{"damage_healed":0,"gold_gain":0,"player_choice":"Cursed","damage_taken":0,"max_hp_gain":0,"max_hp_loss":0,"event_name":"Wheel of Change","floor":20,"gold_loss":0,"cards_obtained":["Decay"]},{"damage_healed":0,"gold_gain":0,"player_choice":"Ignored","damage_taken":0,"max_hp_gain":0,"max_hp_loss":0,"event_name":"Ghosts","floor":25,"gold_loss":0},{"damage_healed":0,"gold_gain":0,"player_choice":"Shed Blood","damage_taken":20,"max_hp_gain":5,"max_hp_loss":0,"event_name":"Forgotten Altar","floor":27,"gold_loss":0},{"damage_healed":0,"gold_gain":0,"player_choice":"Memory 1","damage_taken":0,"max_hp_gain":0,"max_hp_loss":0,"event_name":"SensoryStone","floor":36,"gold_loss":0},{"cards_removed":["Combust"],"damage_healed":0,"gold_gain":0,"player_choice":"Removed Power","damage_taken":0,"max_hp_gain":0,"max_hp_loss":0,"event_name":"Falling","floor":37,"gold_loss":0},{"damage_healed":0,"gold_gain":0,"player_choice":"Ignored","damage_taken":0,"max_hp_gain":0,"max_hp_loss":0,"event_name":"Tomb of Lord Red Mask","floor":38,"gold_loss":0},{"damage_healed":0,"gold_gain":0,"player_choice":"Fight","damage_taken":0,"max_hp_gain":0,"max_hp_loss":0,"event_name":"MindBloom","floor":48,"gold_loss":0}],"is_beta":false,"boss_relics":[{"not_picked":["Cursed Key","Black Blood"],"picked":"Busted Crown"},{"not_picked":["Mark of Pain","Calling Bell"],"picked":"Astrolabe"}],"items_purged_floors":[4,21,39],"is_endless":false,"potions_floor_spawned":[2,13,24,28,33,47,48],"ascension_level":0}}