{"host":"yzlg3mitc00v31o1","time":1611634876,"event":{"mods":["AchievementEnabler","BaseMod","Better Altar","Better Match","Better Note","Better Sensory Stone","Better Skull","Better Third Choice","BetterRewards","DeckTracker","Gold Saver","KOR Keyword Fix","Minty Spire (QoL Compilation)","Remove Card Discount Mod","Spicy Shops","StSLib","SuperFastMode","Thieving Mod"],"gold_per_floor":[114,134,147,147,0,0,19,52,79,79,79,94,110,123,123,123,123],"floor_reached":16,"language":"KOR","playtime":585,"items_purged":[],"score":104,"play_id":"884972fd-90b3-4fd7-88cc-03e848fc0960","local_time":"20210126132116","is_ascension_mode":false,"campfire_choices":[{"data":"Enlightenment","floor":6,"key":"SMITH"},{"data":"Eruption","floor":15,"key":"SMITH"}],"circlet_count":0,"master_deck":["Strike_P","Strike_P","Strike_P","Strike_P","Defend_P","Defend_P","Defend_P","Defend_P","Eruption+1","Vigilance","FlurryOfBlows","FlurryOfBlows","Enlightenment+1","Judgement+1","FlurryOfBlows","MentalFortress","Consecrate"],"relics":["PureWater","MealTicket","Lantern"],"acts_visited":["Exordium"],"potions_floor_usage":[16,16,16],"damage_taken":[{"damage":0,"enemies":"Cultist","floor":1,"turns":3},{"damage":7,"enemies":"2 Louse","floor":2,"turns":3},{"damage":0,"enemies":"Small Slimes","floor":3,"turns":3},{"damage":0,"enemies":"3 Louse","floor":7,"turns":3},{"damage":56,"enemies":"Lagavulin","floor":8,"turns":10},{"damage":0,"enemies":"2 Fungi Beasts","floor":12,"turns":3},{"damage":0,"enemies":"Looter","floor":13,"turns":2},{"damage":0,"enemies":"Blue Slaver","floor":14,"turns":3},{"damage":23,"enemies":"Hexaghost","floor":16,"turns":9}],"seed_played":"-6769939420899871753","potions_obtained":[{"floor":7,"key":"SpeedPotion"},{"floor":8,"key":"FearPotion"},{"floor":11,"key":"EntropicBrew"},{"floor":11,"key":"DistilledChaos"},{"floor":13,"key":"StancePotion"}],"is_trial":false,"path_per_floor":["M","M","M","?","?","R","M","E","T","?","?","M","M","M","R","B"],"character_chosen":"WATCHER","items_purchased":[],"campfire_rested":0,"item_purchase_floors":[],"current_hp_per_floor":[79,72,72,72,78,78,78,22,22,22,22,22,22,22,22,0,0],"gold":123,"neow_bonus":"TEN_PERCENT_HP_BONUS","is_daily":false,"chose_seed":false,"campfire_upgraded":2,"win_rate":0.0,"timestamp":1611634876,"path_taken":["M","M","M","?","?","R","M","E","T","?","?","M","M","M","R","BOSS"],"items_purchased_type":[],"build_version":"2020-12-22","purchased_purges":0,"victory":false,"max_hp_per_floor":[79,79,79,79,85,85,85,85,85,85,85,85,85,85,85,85,85],"card_choices":[{"not_picked":["Consecrate","Study"],"picked":"FlurryOfBlows","floor":1},{"not_picked":["Protect","Collect","Halt"],"picked":"SKIP","floor":2},{"not_picked":["LikeWater","ClearTheMind"],"picked":"FlurryOfBlows","floor":3},{"not_picked":["Protect","Evaluate"],"picked":"Judgement","floor":7},{"not_picked":["WheelKick","BowlingBash"],"picked":"FlurryOfBlows","floor":8},{"not_picked":["Swivel","Nirvana"],"picked":"MentalFortress","floor":12},{"not_picked":["ClearTheMind","Weave","Adaptation"],"picked":"SKIP","floor":13},{"not_picked":["SashWhip","BowlingBash"],"picked":"Consecrate","floor":14}],"player_experience":91386,"relics_obtained":[{"floor":8,"key":"MealTicket"},{"floor":9,"key":"Lantern"}],"event_choices":[{"damage_healed":0,"gold_gain":0,"player_choice":"Leave","damage_taken":0,"max_hp_gain":0,"max_hp_loss":0,"event_name":"The Cleric","floor":4,"gold_loss":0},{"damage_healed":0,"gold_gain":0,"player_choice":"RENOUNCE","damage_taken":147,"max_hp_gain":0,"max_hp_loss":0,"event_name":"betterThird:BetterSerpent","floor":5,"gold_loss":147,"cards_obtained":["Enlightenment"]},{"damage_healed":0,"gold_gain":0,"player_choice":"Grow","damage_taken":0,"max_hp_gain":0,"max_hp_loss":0,"event_name":"Living Wall","floor":10,"gold_loss":0,"cards_upgraded":["Judgement"]},{"damage_healed":0,"gold_gain":0,"player_choice":"Got Potions","damage_taken":0,"max_hp_gain":0,"max_hp_loss":0,"event_name":"Lab","floor":11,"gold_loss":0}],"is_beta":false,"boss_relics":[],"items_purged_floors":[],"is_endless":false,"potions_floor_spawned":[7,8,13],"killed_by":"Hexaghost","ascension_level":0}}