{"host":"vumwfieg2b2mnrfl","time":1611623283,"event":{"mods":["AchievementEnabler","BaseMod","Minty Spire (QoL Compilation)","Rare Cards Sparkle","Relic Stats"],"gold_per_floor":[218,218,140,150,168,202,202,234,234,265,265,281,301,301,301,403,403,415,275,285,210,210,244,244,244,244,274,286,286,315,240,240,336,336,356,356,123,137,137,137,169,187,213,44,54,65,95,112,112,112],"floor_reached":51,"language":"ENG","playtime":1989,"items_purged":["Defend_P"],"score":1223,"play_id":"8c75dee0-23e0-4da1-a5b8-08d49d764524","local_time":"20210125190803","is_ascension_mode":true,"campfire_choices":[{"floor":7.0,"key":"REST"},{"data":"Eruption","floor":11.0,"key":"SMITH"},{"data":"Conclude","floor":15.0,"key":"SMITH"},{"floor":24.0,"key":"REST"},{"floor":29,"key":"REST"},{"data":"Vault","floor":32,"key":"SMITH"},{"data":"Vigilance","floor":40,"key":"SMITH"},{"floor":49,"key":"REST"}],"circlet_count":0,"master_deck":["Strike_P","Strike_P","Strike_P","Defend_P","Defend_P","Eruption+1","Vigilance+1","InnerPeace","TalkToTheHand","Consecrate","FollowUp","Conclude+1","ReachHeaven","Swivel","Tantrum","MasterReality","Vault+1","TalkToTheHand","MentalFortress","Tantrum","Meditate","FlurryOfBlows","EmptyFist+1","Wallop+1","Adaptation","FearNoEvil","Halt+1","BowlingBash+1","Dramatic Entrance","ReachHeaven+1","TalkToTheHand","Apotheosis","Evaluate+1","WheelKick","ForeignInfluence+1"],"relics":["PureWater","StrikeDummy","InkBottle","Matryoshka","Mercury Hourglass","Blue Candle","Question Card","VioletLotus","Bottled Lightning","Strawberry","Yang","Happy Flower","Mummified Hand","Sozu","Orrery","MealTicket","Anchor","Omamori"],"acts_visited":["Exordium","TheCity","TheBeyond"],"potions_floor_usage":[30,33],"damage_taken":[{"damage":0.0,"enemies":"Cultist","floor":1.0,"turns":2.0},{"damage":5.0,"enemies":"Small Slimes","floor":4.0,"turns":3.0},{"damage":4.0,"enemies":"2 Louse","floor":5.0,"turns":3.0},{"damage":17.0,"enemies":"Lagavulin","floor":6.0,"turns":6.0},{"damage":12.0,"enemies":"3 Sentries","floor":8.0,"turns":6.0},{"damage":8.0,"enemies":"Gremlin Nob","floor":10.0,"turns":3.0},{"damage":8.0,"enemies":"Blue Slaver","floor":12.0,"turns":3.0},{"damage":1.0,"enemies":"Looter","floor":13.0,"turns":2.0},{"damage":0.0,"enemies":"Slime Boss","floor":16.0,"turns":4.0},{"damage":5.0,"enemies":"Chosen","floor":18.0,"turns":3.0},{"damage":21.0,"enemies":"2 Thieves","floor":20.0,"turns":4.0},{"damage":32.0,"enemies":"Slavers","floor":23.0,"turns":4.0},{"damage":0,"enemies":"Gremlin Leader","floor":27,"turns":5},{"damage":8,"enemies":"Cultist and Chosen","floor":28,"turns":4},{"damage":9,"enemies":"Book of Stabbing","floor":30,"turns":5},{"damage":4,"enemies":"Collector","floor":33,"turns":5},{"damage":14,"enemies":"3 Darklings","floor":35,"turns":4},{"damage":2,"enemies":"3 Shapes","floor":38,"turns":3},{"damage":0,"enemies":"Reptomancer","floor":41,"turns":4},{"damage":0,"enemies":"Transient","floor":42,"turns":6},{"damage":0,"enemies":"Maw","floor":45,"turns":5},{"damage":1,"enemies":"Writhing Mass","floor":46,"turns":4},{"damage":0,"enemies":"Giant Head","floor":47,"turns":4},{"damage":11,"enemies":"Sphere and 2 Shapes","floor":48,"turns":8},{"damage":39,"enemies":"Awakened One","floor":50,"turns":10}],"seed_played":"-7604074532854331469","potions_obtained":[{"floor":5.0,"key":"SkillPotion"},{"floor":8.0,"key":"FairyPotion"},{"floor":10.0,"key":"BottledMiracle"},{"floor":16.0,"key":"BottledMiracle"},{"floor":23.0,"key":"Block Potion"},{"floor":30,"key":"StancePotion"}],"is_trial":false,"path_per_floor":["M","?","$","M","M","E","R","E","T","E","R","M","M","?","R","B",null,"M","$","M","?","?","E","R","?","T","E","M","R","E","$","R","B",null,"M","?","$","M","?","R","E","M","T","$","M","M","E","M","R","B",null],"character_chosen":"WATCHER","items_purchased":["TalkToTheHand","MentalFortress","Tantrum","Adaptation","Orrery","Apotheosis"],"campfire_rested":4,"item_purchase_floors":[3,19,19,37,37,44],"current_hp_per_floor":[65,62,62,57,53,36,57,45,45,37,37,29,28,52,52,52,67,62,62,41,41,41,9,30,30,37,37,29,52,43,43,43,39,69,55,55,55,53,48,48,48,48,48,63,63,62,62,51,74,35],"gold":112,"neow_bonus":"HUNDRED_GOLD","is_daily":false,"chose_seed":false,"campfire_upgraded":4,"win_rate":0.0,"timestamp":1611623283,"path_taken":["M","?","$","M","M","E","R","E","T","E","R","M","M","?","R","BOSS","M","$","M","?","?","E","R","?","T","E","M","R","E","$","R","BOSS","M","?","$","M","?","R","E","M","T","?","M","M","E","M","R","BOSS"],"items_purchased_type":["Card","Card","Card","Card","Relic","Card"],"build_version":"2020-12-22","purchased_purges":1,"victory":true,"max_hp_per_floor":[72,72,72,72,72,72,72,72,72,72,72,72,72,72,72,72,72,72,72,72,72,72,72,72,72,79,79,79,79,79,79,79,79,79,79,79,79,79,79,79,79,79,79,79,79,79,79,79,79,79],"relic_stats":{"Sozu":4,"Happy Flower":[20],"counters":[25,110],"Mummified Hand":[24],"Blue Candle":[0],"Yang":[222],"MealTicket":15,"VioletLotus":[29],"Question Card":26,"obtain_stats":[{"Happy Flower":27,"Blue Candle":9,"Yang":26,"Omamori":47,"Question Card":10,"Mercury Hourglass":9,"Sozu":34,"Anchor":43,"Matryoshka":8,"Mummified Hand":30,"Strawberry":26,"Orrery":37,"MealTicket":41,"VioletLotus":17,"Bottled Lightning":23,"PureWater":0,"StrikeDummy":2,"InkBottle":6},{"Happy Flower":13,"Blue Candle":5,"Yang":12,"Omamori":23,"Question Card":6,"Mercury Hourglass":5,"Sozu":16,"Anchor":20,"Matryoshka":5,"Mummified Hand":15,"Strawberry":12,"Orrery":17,"MealTicket":19,"VioletLotus":9,"Bottled Lightning":12,"PureWater":0,"StrikeDummy":1,"InkBottle":4},{"Happy Flower":48,"Blue Candle":20,"Yang":43,"Omamori":92,"Question Card":23,"Mercury Hourglass":20,"Sozu":62,"Anchor":79,"Matryoshka":20,"Mummified Hand":57,"Strawberry":43,"Orrery":66,"MealTicket":73,"VioletLotus":32,"Bottled Lightning":43,"PureWater":0,"StrikeDummy":2,"InkBottle":14}],"InkBottle":[42],"Mercury Hourglass":[410]},"card_choices":[{"not_picked":["EmptyBody","ThirdEye"],"picked":"InnerPeace","floor":1.0},{"not_picked":["FlyingSleeves","Evaluate"],"picked":"Consecrate","floor":4.0},{"not_picked":["LikeWater","PathToVictory"],"picked":"FollowUp","floor":5.0},{"not_picked":["FlurryOfBlows","Halt"],"picked":"Conclude","floor":6.0},{"not_picked":["Adaptation","SignatureMove"],"picked":"ReachHeaven","floor":8.0},{"not_picked":["Consecrate","JustLucky"],"picked":"Swivel","floor":10.0},{"not_picked":["PathToVictory","Crescendo","JustLucky"],"picked":"Tantrum","floor":12.0},{"not_picked":["Collect","Adaptation","Conclude"],"picked":"MasterReality","floor":13.0},{"not_picked":["SpiritShield","Omniscience","MasterReality"],"picked":"Vault","floor":16.0},{"not_picked":["EmptyBody","ForeignInfluence","EmptyFist"],"picked":"TalkToTheHand","floor":18.0},{"not_picked":["Crescendo","ReachHeaven","Indignation"],"picked":"Meditate","floor":20.0},{"not_picked":["FollowUp","PathToVictory","WindmillStrike"],"picked":"FlurryOfBlows","floor":23.0},{"not_picked":["WindmillStrike","CrushJoints","Indignation+1","InnerPeace"],"picked":"SKIP","floor":27},{"not_picked":["CarveReality","FollowUp","FlurryOfBlows"],"picked":"EmptyFist+1","floor":28},{"not_picked":["Worship","JustLucky","MasterReality"],"picked":"Wallop+1","floor":30},{"not_picked":["Conclude+1","WaveOfTheHand","Protect","CutThroughFate"],"picked":"SKIP","floor":35},{"not_picked":["Study+1","Crescendo+1","SpiritShield"],"picked":"FearNoEvil","floor":37},{"not_picked":["EmptyFist","Crescendo","Prostrate+1"],"picked":"Halt+1","floor":37},{"not_picked":["JustLucky","FlurryOfBlows+1","Consecrate"],"picked":"BowlingBash+1","floor":38},{"not_picked":["The Bomb","Magnetism","Bandage Up"],"picked":"Dramatic Entrance","floor":39},{"not_picked":["FlurryOfBlows","EmptyBody","Crescendo+1"],"picked":"ReachHeaven+1","floor":41},{"not_picked":["FlyingSleeves","FollowUp","CarveReality+1"],"picked":"TalkToTheHand","floor":42},{"not_picked":["PathToVictory+1","Evaluate+1","WindmillStrike","Halt"],"picked":"SKIP","floor":45},{"not_picked":["PathToVictory+1","WindmillStrike","Halt"],"picked":"Evaluate+1","floor":45},{"not_picked":["Prostrate","Crescendo","Blasphemy"],"picked":"WheelKick","floor":46},{"not_picked":["Prostrate","ForeignInfluence+1","JustLucky+1","EmptyBody+1"],"picked":"SKIP","floor":47},{"not_picked":["Prostrate","JustLucky+1","EmptyBody+1"],"picked":"ForeignInfluence+1","floor":47},{"not_picked":["Indignation+1","CrushJoints","Study","FollowUp+1"],"picked":"SKIP","floor":48}],"player_experience":461958,"relics_obtained":[{"floor":6.0,"key":"InkBottle"},{"floor":8.0,"key":"Matryoshka"},{"floor":9.0,"key":"Mercury Hourglass"},{"floor":9.0,"key":"Blue Candle"},{"floor":10.0,"key":"Question Card"},{"floor":23.0,"key":"Bottled Lightning"},{"floor":26,"key":"Strawberry"},{"floor":26,"key":"Yang"},{"floor":27,"key":"Happy Flower"},{"floor":30,"key":"Mummified Hand"},{"floor":41,"key":"MealTicket"},{"floor":43,"key":"Anchor"},{"floor":47,"key":"Omamori"}],"event_choices":[{"damage_healed":0.0,"max_hp_gain":0.0,"max_hp_loss":0.0,"gold_gain":0.0,"event_name":"Scrap Ooze","player_choice":"Success","floor":2.0,"gold_loss":0.0,"damage_taken":3.0,"relics_obtained":["StrikeDummy"]},{"damage_healed":24.0,"max_hp_gain":0.0,"max_hp_loss":0.0,"gold_gain":0.0,"event_name":"Big Fish","player_choice":"Banana","floor":14.0,"gold_loss":0.0,"damage_taken":0.0},{"cards_removed":["Defend_P"],"damage_healed":0.0,"max_hp_gain":0.0,"max_hp_loss":0.0,"gold_gain":0.0,"event_name":"Beggar","player_choice":"Gave Gold","floor":21.0,"gold_loss":75.0,"damage_taken":0.0},{"cards_removed":["Strike_P"],"damage_healed":0.0,"max_hp_gain":0.0,"max_hp_loss":0.0,"gold_gain":0.0,"event_name":"Back to Basics","player_choice":"Elegance","floor":22.0,"gold_loss":0.0,"damage_taken":0.0},{"damage_healed":0,"gold_gain":0,"player_choice":"Ignored","damage_taken":0,"max_hp_gain":0,"max_hp_loss":0,"event_name":"Cursed Tome","floor":25,"gold_loss":0},{"damage_healed":0,"gold_gain":0,"player_choice":"Ignored","damage_taken":0,"max_hp_gain":0,"max_hp_loss":0,"event_name":"Tomb of Lord Red Mask","floor":36,"gold_loss":0},{"damage_healed":0,"gold_gain":0,"player_choice":"Memory 2","damage_taken":5,"max_hp_gain":0,"max_hp_loss":0,"event_name":"SensoryStone","floor":39,"gold_loss":0}],"is_beta":false,"boss_relics":[{"not_picked":["SlaversCollar","Cursed Key"],"picked":"VioletLotus"},{"not_picked":["Astrolabe","Philosopher\u0027s Stone"],"picked":"Sozu"}],"items_purged_floors":[31],"is_endless":false,"potions_floor_spawned":[5,8,10,16,23,27,30,35,38,45,48],"ascension_level":6}}