{"host":"u1dfzl6o6mfmauc3","time":1611644373,"event":{"mods":["2.2 Compatiblity","AchievementEnabler","BaseMod","Block Reminder","Challenge The Spire","Dark Map","Hermit","Minty Spire (QoL Compilation)","Relic Stats","Robot Space Explorer","StSLib","The Disciple"],"gold_per_floor":[111,131,1,76,76,76,94,94,94,117,117,147,166,17,17,17,120,120,130,142,23,37,53,53,53,53],"floor_reached":25,"language":"ENG","playtime":1013,"items_purged":["Strike_P"],"score":221,"play_id":"582fc60a-f186-4eba-a3ac-13bde51b38b8","local_time":"20210126015933","is_ascension_mode":true,"campfire_choices":[{"data":"Vigilance","floor":6,"key":"SMITH"},{"data":"EmptyMind","floor":8,"key":"SMITH"},{"data":"Eruption","floor":11,"key":"SMITH"},{"data":"CutThroughFate","floor":16,"key":"SMITH"},{"data":"ForeignInfluence","floor":24,"key":"SMITH"}],"circlet_count":0,"master_deck":["Strike_P","Strike_P","Defend_P","Defend_P","Defend_P","Defend_P","Eruption+1","Vigilance+1","Wireheading","EmptyMind+1","DeusExMachina","ThirdEye","FollowUp","CutThroughFate+1","Halt","CarveReality","ConjureBlade","BowlingBash","EmptyFist","Adaptation","ForeignInfluence+1","FearNoEvil","LikeWater"],"relics":["PureWater","NeowsBlessing","Eternal Feather","Bag of Preparation","Orichalcum","VioletLotus"],"acts_visited":["Exordium","TheCity"],"potions_floor_usage":[12,23,23,25],"damage_taken":[{"damage":0,"enemies":"2 Louse","floor":1,"turns":2},{"damage":0,"enemies":"Jaw Worm","floor":2,"turns":1},{"damage":0,"enemies":"Cultist","floor":7,"turns":1},{"damage":5,"enemies":"3 Sentries","floor":12,"turns":7},{"damage":0,"enemies":"Red Slaver","floor":13,"turns":3},{"damage":22,"enemies":"Slime Boss","floor":17,"turns":7},{"damage":6,"enemies":"Chosen","floor":19,"turns":4},{"damage":0,"enemies":"3 Byrds","floor":20,"turns":5},{"damage":3,"enemies":"Snecko","floor":22,"turns":3},{"damage":27,"enemies":"Centurion and Healer","floor":23,"turns":4},{"damage":53,"enemies":"Slavers","floor":25,"turns":1}],"seed_played":"-6640299912615741574","potions_obtained":[{"floor":1,"key":"SkillPotion"},{"floor":2,"key":"FearPotion"},{"floor":12,"key":"Dexterity Potion"},{"floor":23,"key":"PowerPotion"}],"is_trial":false,"path_per_floor":["M","M","$","?","?","R","M","R","T","T","R","E","M","$","?","R","B",null,"M","M","$","M","M","R","E"],"character_chosen":"WATCHER","items_purchased":["Weak Potion","DeusExMachina","CutThroughFate","Halt","Adaptation","ForeignInfluence"],"campfire_rested":0,"item_purchase_floors":[3,3,14,14,21,21],"current_hp_per_floor":[72,72,72,61,61,61,61,61,61,61,67,62,62,62,62,71,49,72,66,66,66,63,36,48,0,0],"gold":53,"neow_bonus":"THREE_ENEMY_KILL","is_daily":false,"chose_seed":false,"campfire_upgraded":5,"win_rate":0.0,"timestamp":1611644373,"path_taken":["M","M","$","?","?","R","M","R","T","T","R","E","M","?","?","R","BOSS","M","?","$","M","M","R","E"],"items_purchased_type":["Potion","Card","Card","Card","Card","Card"],"build_version":"2020-12-22","purchased_purges":1,"victory":false,"max_hp_per_floor":[72,72,72,72,72,72,72,72,72,72,72,72,72,72,72,72,72,72,72,72,72,72,72,72,72,72],"relic_stats":{"counters":[11,38],"Eternal Feather":27,"VioletLotus":[4],"Bag of Preparation":[16],"Orichalcum":[54],"obtain_stats":[{"NeowsBlessing":0,"Eternal Feather":9,"VioletLotus":18,"Bag of Preparation":10,"PureWater":0,"Orichalcum":12},{"NeowsBlessing":0,"Eternal Feather":3,"VioletLotus":6,"Bag of Preparation":3,"PureWater":0,"Orichalcum":4},{"NeowsBlessing":0,"Eternal Feather":4,"VioletLotus":21,"Bag of Preparation":4,"PureWater":0,"Orichalcum":11}]},"card_choices":[{"not_picked":["Halt","Protect"],"picked":"Wireheading","floor":1},{"not_picked":["ThirdEye","CrushJoints"],"picked":"EmptyMind","floor":2},{"not_picked":["SashWhip","Prostrate","ClearTheMind"],"picked":"SKIP","floor":7},{"not_picked":["WreathOfFlame","Meditate"],"picked":"ThirdEye","floor":12},{"not_picked":["Protect","PathToVictory"],"picked":"FollowUp","floor":13},{"not_picked":["Brilliance","Wish"],"picked":"ConjureBlade","floor":17},{"not_picked":["SignatureMove+1","PathToVictory+1"],"picked":"BowlingBash","floor":19},{"not_picked":["BowlingBash","PathToVictory"],"picked":"EmptyFist","floor":20},{"not_picked":["BattleHymn","Weave"],"picked":"FearNoEvil","floor":22},{"not_picked":["FollowUp","Vengeance"],"picked":"LikeWater","floor":23}],"player_experience":156807,"relics_obtained":[{"floor":9,"key":"Eternal Feather"},{"floor":10,"key":"Bag of Preparation"},{"floor":12,"key":"Orichalcum"}],"event_choices":[{"damage_healed":0,"gold_gain":75,"player_choice":"Gather Gold","damage_taken":11,"max_hp_gain":0,"max_hp_loss":0,"event_name":"World of Goop","floor":4,"gold_loss":0},{"damage_healed":0,"gold_gain":0,"player_choice":"Ignored","damage_taken":0,"max_hp_gain":0,"max_hp_loss":0,"event_name":"Golden Wing","floor":5,"gold_loss":0},{"damage_healed":0,"gold_gain":0,"cards_transformed":["Strike_P"],"player_choice":"Transformed","damage_taken":0,"max_hp_gain":0,"max_hp_loss":0,"event_name":"Transmorgrifier","floor":15,"gold_loss":0,"cards_obtained":["CarveReality"]}],"is_beta":false,"boss_relics":[{"not_picked":["Calling Bell","Tiny House"],"picked":"VioletLotus"}],"items_purged_floors":[14],"is_endless":false,"potions_floor_spawned":[1,2,12,17,23],"killed_by":"Slavers","ascension_level":2}}