{"host":"f5gffvlv6a66yqkd","time":1611626431,"event":{"mods":["2.2 Compatiblity","BaseMod","Colored Map","Custom Start","DeckTracker","Keyboard Shortcuts","Minty Spire (QoL Compilation)","Permanent Neow","Quick Restart","Relic Stats","StSLib","SuperFastMode"],"gold_per_floor":[213,213,213,13,13,13,64,74,74,74,84,84,4,20,20,20,20],"floor_reached":16,"language":"KOR","playtime":211,"items_purged":[],"score":176,"play_id":"05784e4b-0038-4906-bfef-2f2fb5ebb682","local_time":"20210126110031","is_ascension_mode":true,"campfire_choices":[{"floor":6,"key":"REST"},{"data":"Dualcast","floor":10,"key":"SMITH"},{"floor":12,"key":"REST"},{"data":"Zap","floor":15,"key":"SMITH"}],"circlet_count":0,"master_deck":["AscendersBane","Strike_B","Strike_B","Strike_B","Strike_B","Defend_B","Defend_B+1","Defend_B","Defend_B","Zap+1","Dualcast+1","Redo+1","Streamline","Stack+1","Stack+1","Electrodynamics","Ball Lightning"],"relics":["Cracked Core","Toxic Egg 2","ClockworkSouvenir","Boot","Dead Branch"],"acts_visited":["Exordium"],"potions_floor_usage":[],"damage_taken":[{"damage":2,"enemies":"2 Louse","floor":1,"turns":3},{"damage":0,"enemies":"Small Slimes","floor":8,"turns":3},{"damage":12,"enemies":"Jaw Worm","floor":11,"turns":2},{"damage":5,"enemies":"Red Slaver","floor":14,"turns":3},{"damage":52,"enemies":"The Guardian","floor":16,"turns":11}],"seed_played":"-2767980332103512831","potions_obtained":[{"floor":8,"key":"Energy Potion"},{"floor":11,"key":"Explosive Potion"}],"is_trial":false,"path_per_floor":["M","?","?","$","?","R","T","M","T","R","M","R","$","M","R","B"],"character_chosen":"DEFECT","items_purchased":["ClockworkSouvenir","Streamline","Electrodynamics"],"campfire_rested":2,"item_purchase_floors":[4,4,13],"current_hp_per_floor":[62,67,41,41,18,40,40,40,40,40,28,50,50,45,45,0,0],"gold":20,"neow_bonus":"HUNDRED_GOLD","is_daily":false,"chose_seed":false,"campfire_upgraded":2,"win_rate":0.0,"timestamp":1611626431,"path_taken":["M","?","?","$","?","R","?","M","T","R","M","R","$","M","R","BOSS"],"items_purchased_type":["Relic","Card","Card"],"build_version":"2020-12-22","purchased_purges":0,"victory":false,"max_hp_per_floor":[71,76,76,76,76,76,76,76,76,76,76,76,76,76,76,76,76],"relic_stats":{"counters":[5,22],"Dead Branch":[1],"Boot":[0],"obtain_stats":[{"Dead Branch":9,"Toxic Egg 2":3,"Cracked Core":0,"Boot":7,"ClockworkSouvenir":4},{"Dead Branch":2,"Toxic Egg 2":1,"Cracked Core":0,"Boot":1,"ClockworkSouvenir":1},{"Dead Branch":6,"Toxic Egg 2":3,"Cracked Core":0,"Boot":3,"ClockworkSouvenir":3}]},"card_choices":[{"not_picked":["Coolheaded","Tempest"],"picked":"Redo","floor":1},{"not_picked":["Scrape","Aggregate+1"],"picked":"Stack+1","floor":8},{"not_picked":["Sweeping Beam","Streamline"],"picked":"Stack+1","floor":11},{"not_picked":["Leap+1","Rebound"],"picked":"Ball Lightning","floor":14}],"player_experience":1624657,"relics_obtained":[{"floor":7,"key":"Boot"},{"floor":9,"key":"Dead Branch"}],"event_choices":[{"damage_healed":0,"gold_gain":0,"player_choice":"Donut","damage_taken":0,"max_hp_gain":5,"max_hp_loss":0,"event_name":"Big Fish","floor":2,"gold_loss":0},{"damage_healed":0,"gold_gain":0,"player_choice":"Success","damage_taken":26,"relics_obtained":["Toxic Egg 2"],"max_hp_gain":0,"max_hp_loss":0,"event_name":"Scrap Ooze","floor":3,"gold_loss":0},{"damage_healed":0,"gold_gain":0,"player_choice":"Entered Light","damage_taken":23,"max_hp_gain":0,"max_hp_loss":0,"event_name":"Shining Light","floor":5,"gold_loss":0,"cards_upgraded":["Redo","Defend_B"]}],"is_beta":false,"boss_relics":[],"items_purged_floors":[],"is_endless":false,"potions_floor_spawned":[8,11],"killed_by":"The Guardian","ascension_level":20}}