{"host":"zqowyf7xxb4s9ib0","time":1611638401,"event":{"mods":["BaseMod","Better Note","Colored Map","Colored Powertips","Downfall","Highlight Path","Minty Spire (QoL Compilation)","Permanent Neow","Quick Restart","StSLib"],"gold_per_floor":[99,117,117,127,127,139,139,155,165,183,183,197,97,116,136,136,136,136],"floor_reached":16,"language":"ENG","playtime":448,"items_purged":[],"score":123,"play_id":"cfd8e9c5-410d-4175-b52c-680f56f10cc1","local_time":"20210125212001","is_ascension_mode":false,"campfire_choices":[{"data":"bronze:HyperBeam","floor":1,"key":"SMITH"},{"floor":11,"key":"RECALL"},{"data":"bronze:Flail","floor":13,"key":"SMITH"}],"circlet_count":0,"master_deck":["bronze:Strike","bronze:Strike","bronze:Strike","bronze:Defend","bronze:Defend","bronze:Defend","bronze:Replicate","bronze:Goto","bronze:HyperBeam+1","bronze:DelayedSlice","bronze:Flail+1","bronze:Boost","bronze:DelayedSlice","bronze:DelayedSlice","bronze:DelayedSlice","bronze:Constructor"],"relics":["bronze:BronzeCore","Slimebound:PreparedRelic","downfall:HeartBlessingRed"],"acts_visited":["Exordium"],"potions_floor_usage":[16],"damage_taken":[{"damage":10,"enemies":"Jaw Worm","floor":2,"turns":4},{"damage":0,"enemies":"Cultist","floor":4,"turns":2},{"damage":0,"enemies":"2 Louse","floor":6,"turns":2},{"damage":0,"enemies":"Gremlin Gang","floor":8,"turns":1},{"damage":0,"enemies":"Large Slime","floor":9,"turns":3},{"damage":1,"enemies":"2 Fungi Beasts","floor":10,"turns":2},{"damage":3,"enemies":"Exordium Thugs","floor":12,"turns":2},{"damage":0,"enemies":"Blue Slaver","floor":14,"turns":2},{"damage":2,"enemies":"2 Fungi Beasts","floor":15,"turns":2},{"damage":60,"enemies":"SI_SHIV_ARCHETYPE","floor":16,"turns":5}],"seed_played":"3599097592695969075","potions_obtained":[{"floor":4,"key":"champ:CounterPotion"},{"floor":8,"key":"PowerPotion"},{"floor":12,"key":"Swift Potion"},{"floor":14,"key":"SteroidPotion"}],"is_trial":false,"path_per_floor":["R","M","?","M","?","M","T","M","M","M","R","M","R","M","M","B"],"character_chosen":"THE_AUTOMATON","items_purchased":[],"campfire_rested":0,"item_purchase_floors":[],"current_hp_per_floor":[70,60,60,60,60,60,60,60,60,59,59,56,56,56,54,0,0,0],"gold":136,"neow_bonus":"ONE_RANDOM_RARE_CARD","is_daily":false,"chose_seed":false,"campfire_upgraded":2,"win_rate":0.0,"timestamp":1611638401,"path_taken":["R","M","?","?","?","M","T","?","M","M","R","M","R","M","M","BOSS"],"items_purchased_type":[],"build_version":"2020-12-22","purchased_purges":0,"victory":false,"max_hp_per_floor":[70,70,70,70,70,70,70,70,70,70,70,70,70,70,70,70,70,70],"card_choices":[{"not_picked":["bronze:Invalidate","bronze:Fortify"],"picked":"bronze:DelayedSlice","floor":2},{"not_picked":["bronze:BuggyMess","bronze:WildBeam"],"picked":"bronze:Boost","floor":4},{"not_picked":["bronze:Refactor","bronze:WhirlingStrike"],"picked":"bronze:DelayedSlice","floor":6},{"not_picked":["bronze:NullPointer","bronze:Overload","bronze:DelayedGuard"],"picked":"SKIP","floor":8},{"not_picked":["bronze:WhirlingStrike","bronze:Overheat"],"picked":"bronze:DelayedSlice","floor":9},{"not_picked":["bronze:BuggyMess","bronze:HardenedForm","bronze:BitShift"],"picked":"SKIP","floor":10},{"not_picked":["bronze:Repulsor","bronze:Separator"],"picked":"bronze:DelayedSlice","floor":12},{"not_picked":["bronze:BugBarrage","bronze:Frontload"],"picked":"bronze:Constructor","floor":14},{"not_picked":["bronze:Allocate","bronze:GetLatest","bronze:InfiniteBeams"],"picked":"SKIP","floor":15}],"player_experience":514765,"relics_obtained":[{"floor":7,"key":"Slimebound:PreparedRelic"}],"event_choices":[{"cards_removed":["bronze:Defend"],"damage_healed":0,"gold_gain":0,"player_choice":"Offered Basic","damage_taken":0,"max_hp_gain":0,"max_hp_loss":0,"event_name":"Bonfire Elementals","floor":5,"gold_loss":0}],"is_beta":false,"boss_relics":[],"items_purged_floors":[],"is_endless":false,"potions_floor_spawned":[4,8,12,14],"killed_by":"SI_SHIV_ARCHETYPE","ascension_level":0}}