{"host":"9d9dhukr2jywmy0f","time":1611693032,"event":{"mods":["2.2 Compatiblity","Alarm Clock","BaseMod","Bestiary","Block Reminder","Colored Map","Colored Powertips","Curses Come First","DeckTracker","Displayed Cursed Tome","Highlight Path","Key Reminder","Minty Spire (QoL Compilation)","Quick Restart","Rare Cards Sparkle","Relic Sorter","Relic Stats","Reliquary","Spire Birthday Party","StSLib","SuperFastMode","Synergy Search","Unceasing Turn Reminder","Unknown Chances"],"gold_per_floor":[117,42,42,59,59,59,86,86,141,141,169,2,2,21,21,21,21],"floor_reached":16,"language":"ZHS","playtime":195,"items_purged":["Strike_R"],"score":262,"play_id":"35ce5338-7020-4157-9cde-a2f5f4554392","local_time":"20210127043032","is_ascension_mode":true,"campfire_choices":[{"data":"Body Slam","floor":6,"key":"SMITH"},{"data":"Body Slam","floor":8,"key":"SMITH"},{"data":"Bash","floor":10,"key":"SMITH"},{"floor":15,"key":"REST"}],"circlet_count":0,"master_deck":["AscendersBane","Strike_R","Strike_R","Defend_R","Defend_R","Defend_R","Defend_R","Bash+1","Body Slam+1","Body Slam+1","Offering","Pommel Strike","Evolve"],"relics":["Burning Blood","NeowsBlessing","Pear","keyreminder:keyreminder","Dream Catcher","TheAbacus"],"acts_visited":["Exordium"],"potions_floor_usage":[],"damage_taken":[{"damage":0,"enemies":"2 Louse","floor":1,"turns":2},{"damage":0,"enemies":"Small Slimes","floor":4,"turns":1},{"damage":0,"enemies":"Gremlin Nob","floor":7,"turns":1},{"damage":48,"enemies":"Lagavulin","floor":11,"turns":7},{"damage":0,"enemies":"Cultist","floor":14,"turns":3},{"damage":0,"enemies":"The Guardian","floor":16,"turns":1}],"seed_played":"-7718709747616025307","potions_obtained":[{"floor":7,"key":"Swift Potion"},{"floor":11,"key":"SpeedPotion"},{"floor":14,"key":"EssenceOfSteel"}],"is_trial":false,"path_per_floor":["M","$","?","M","$","R","E","R","T","R","E","$","?","M","R","B"],"character_chosen":"IRONCLAD","items_purchased":["TheAbacus"],"campfire_rested":1,"item_purchase_floors":[12],"current_hp_per_floor":[74,74,67,73,73,73,85,85,85,85,43,43,43,49,74,74,74],"gold":21,"neow_bonus":"THREE_ENEMY_KILL","is_daily":false,"chose_seed":false,"campfire_upgraded":3,"win_rate":0.0,"timestamp":1611693032,"path_taken":["M","$","?","M","$","R","E","R","T","R","E","$","?","M","R","BOSS"],"items_purchased_type":["Relic"],"build_version":"2020-11-30","purchased_purges":1,"victory":false,"max_hp_per_floor":[75,75,75,75,75,75,85,85,85,85,85,85,85,85,85,85,85],"relic_stats":{"Dream Catcher":1,"TheAbacus":[6],"counters":[6,14],"obtain_stats":[{"keyreminder:keyreminder":9,"Dream Catcher":11,"Pear":7,"TheAbacus":12,"NeowsBlessing":0,"Burning Blood":0},{"keyreminder:keyreminder":3,"Dream Catcher":4,"Pear":3,"TheAbacus":4,"NeowsBlessing":0,"Burning Blood":0},{"keyreminder:keyreminder":4,"Dream Catcher":11,"Pear":4,"TheAbacus":11,"NeowsBlessing":0,"Burning Blood":0}],"Burning Blood":26},"card_choices":[{"not_picked":["Pommel Strike","Rupture"],"picked":"Body Slam","floor":1},{"not_picked":["Shockwave","Wild Strike","Perfected Strike"],"picked":"SKIP","floor":4},{"not_picked":["Seeing Red","Sword Boomerang"],"picked":"Body Slam","floor":7},{"not_picked":["Clothesline","Sword Boomerang"],"picked":"Offering","floor":11},{"not_picked":["Headbutt","Metallicize","Inflame"],"picked":"SKIP","floor":14},{"not_picked":["Twin Strike","Iron Wave"],"picked":"Evolve","floor":15}],"player_experience":861104,"relics_obtained":[{"floor":7,"key":"Pear"},{"floor":11,"key":"Dream Catcher"}],"event_choices":[{"cards_removed":["Strike_R"],"damage_healed":0,"gold_gain":0,"player_choice":"Card Removal","damage_taken":7,"max_hp_gain":0,"max_hp_loss":0,"event_name":"Golden Wing","floor":3,"gold_loss":0},{"damage_healed":0,"gold_gain":0,"cards_transformed":["Strike_R"],"player_choice":"Transformed","damage_taken":0,"max_hp_gain":0,"max_hp_loss":0,"event_name":"Transmorgrifier","floor":13,"gold_loss":0,"cards_obtained":["Pommel Strike"]}],"is_beta":false,"boss_relics":[],"items_purged_floors":[2],"is_endless":false,"potions_floor_spawned":[7,11,14],"killed_by":"The Guardian","ascension_level":20}}