{"host":"mi0eibewekhugwl1","time":1611672942,"event":{"mods":["AchievementEnabler","BaseMod","Colored Map","Colored Powertips","DeckTracker","Keyboard Shortcuts","Minty Spire (QoL Compilation)","Quick Restart","Rare Cards Sparkle","Relic Stats","StSLib","SuperFastMode","everything is the same but u backflip on backflip"],"gold_per_floor":[111,127,127,127,52,52,52,52,102,102,116,156,156,169,169,169,169],"floor_reached":16,"language":"KOR","playtime":321,"items_purged":["Defend_G"],"score":196,"play_id":"2d8d3455-91ad-4ba9-8609-f3943e14dcc1","local_time":"20210126235542","is_ascension_mode":true,"campfire_choices":[{"data":"Dagger Spray","floor":6,"key":"SMITH"},{"data":"Dagger Throw","floor":8,"key":"SMITH"},{"data":"Well Laid Plans","floor":13,"key":"SMITH"},{"data":"Acrobatics","floor":15,"key":"SMITH"}],"circlet_count":0,"master_deck":["AscendersBane","Strike_G","Strike_G","Strike_G","Strike_G","Defend_G","Defend_G","Defend_G","Defend_G","Survivor","Neutralize","Grand Finale","Dagger Throw+1","Dagger Spray+1","Dodge and Roll","Well Laid Plans+1","Acrobatics+1"],"relics":["Ring of the Snake","Golden Idol","InkBottle","Oddly Smooth Stone","Juzu Bracelet"],"acts_visited":["Exordium"],"potions_floor_usage":[16,16],"damage_taken":[{"damage":2,"enemies":"2 Louse","floor":1,"turns":4},{"damage":14,"enemies":"Small Slimes","floor":2,"turns":4},{"damage":0,"enemies":"Jaw Worm","floor":11,"turns":3},{"damage":10,"enemies":"3 Sentries","floor":12,"turns":9},{"damage":4,"enemies":"Large Slime","floor":14,"turns":5},{"damage":26,"enemies":"Hexaghost","floor":16,"turns":11}],"seed_played":"-7081739683468352409","potions_obtained":[{"floor":1,"key":"Explosive Potion"},{"floor":11,"key":"LiquidMemories"}],"is_trial":false,"path_per_floor":["M","M","?","?","$","R","T","R","T","?","M","E","R","M","R","B"],"character_chosen":"THE_SILENT","items_purchased":[],"campfire_rested":0,"item_purchase_floors":[],"current_hp_per_floor":[57,43,36,36,36,36,36,36,36,36,36,26,26,22,22,0,0],"gold":169,"neow_bonus":"ONE_RANDOM_RARE_CARD","is_daily":false,"chose_seed":false,"campfire_upgraded":4,"win_rate":0.0,"timestamp":1611672942,"path_taken":["M","M","?","?","$","R","?","R","T","?","M","E","R","M","R","BOSS"],"items_purchased_type":[],"build_version":"2020-12-22","purchased_purges":1,"victory":false,"max_hp_per_floor":[66,66,66,60,60,60,60,60,60,60,60,60,60,60,60,60,60],"relic_stats":{"counters":[6,36],"Golden Idol":14,"Juzu Bracelet":0,"obtain_stats":[{"Golden Idol":4,"Oddly Smooth Stone":9,"Juzu Bracelet":12,"InkBottle":7,"Ring of the Snake":0},{"Golden Idol":2,"Oddly Smooth Stone":2,"Juzu Bracelet":4,"InkBottle":2,"Ring of the Snake":0},{"Golden Idol":8,"Oddly Smooth Stone":8,"Juzu Bracelet":20,"InkBottle":8,"Ring of the Snake":0}],"InkBottle":[8],"Ring of the Snake":[12]},"card_choices":[{"not_picked":["Heel Hook","Cloak And Dagger"],"picked":"Dagger Throw","floor":1},{"not_picked":["Deflect","Slice"],"picked":"Dagger Spray","floor":2},{"not_picked":["Outmaneuver","PiercingWail"],"picked":"Dodge and Roll","floor":11},{"not_picked":["Tactician","Wraith Form v2"],"picked":"Well Laid Plans","floor":12},{"not_picked":["Underhanded Strike","Dash"],"picked":"Acrobatics","floor":14}],"player_experience":1760937,"relics_obtained":[{"floor":7,"key":"InkBottle"},{"floor":9,"key":"Oddly Smooth Stone"},{"floor":12,"key":"Juzu Bracelet"}],"event_choices":[{"cards_removed":["Strike_G"],"damage_healed":0,"gold_gain":0,"player_choice":"Card Removal","damage_taken":7,"max_hp_gain":0,"max_hp_loss":0,"event_name":"Golden Wing","floor":3,"gold_loss":0},{"damage_healed":0,"gold_gain":0,"player_choice":"Lose Max HP","damage_taken":0,"relics_obtained":["Golden Idol"],"max_hp_gain":0,"max_hp_loss":6,"event_name":"Golden Idol","floor":4,"gold_loss":0},{"damage_healed":0,"gold_gain":0,"player_choice":"Ignored","damage_taken":0,"max_hp_gain":0,"max_hp_loss":0,"event_name":"Shining Light","floor":10,"gold_loss":0}],"is_beta":false,"boss_relics":[],"items_purged_floors":[5],"is_endless":false,"potions_floor_spawned":[1,11,14],"killed_by":"Hexaghost","ascension_level":20}}