{"host":"dcj2yvrgcvh5dl2s","time":1611666832,"event":{"mods":["BaseMod","Bestiary","Better Note","Block Reminder","Colored Powertips","Curses Come First","DeckTracker","Minty Spire (QoL Compilation)","Quick Restart","Rare Cards Sparkle","Relic Stats","StSLib"],"gold_per_floor":[109,128,53,70,70,102,102,131,131,131,131,131],"floor_reached":11,"language":"ENG","playtime":322,"items_purged":["Strike_R"],"score":158,"play_id":"215da146-3e8a-4682-861c-58845baa8379","local_time":"20210126231352","is_ascension_mode":true,"campfire_choices":[{"data":"Flex","floor":7,"key":"SMITH"}],"circlet_count":0,"master_deck":["AscendersBane","Strike_R","Strike_R","Strike_R","Strike_R+1","Defend_R","Defend_R","Defend_R","Defend_R+1","Bash","Clothesline","Searing Blow","Shrug It Off","Flex+1","Battle Trance","Blood for Blood"],"relics":["Burning Blood","NeowsBlessing","Ornamental Fan","Question Card","Singing Bowl"],"acts_visited":[],"potions_floor_usage":[6,6],"damage_taken":[{"damage":0,"enemies":"Cultist","floor":1,"turns":1},{"damage":0,"enemies":"Small Slimes","floor":2,"turns":1},{"damage":0,"enemies":"2 Louse","floor":4,"turns":1},{"damage":10,"enemies":"3 Sentries","floor":6,"turns":4},{"damage":44,"enemies":"Gremlin Nob","floor":8,"turns":5},{"damage":12,"enemies":"Lagavulin","floor":11,"turns":4}],"seed_played":"8106392020803134558","potions_obtained":[{"floor":1,"key":"Fire Potion"},{"floor":4,"key":"AttackPotion"}],"is_trial":false,"path_per_floor":["M","M","$","M","?","E","R","E","T","?","E"],"character_chosen":"IRONCLAD","items_purchased":[],"campfire_rested":0,"item_purchase_floors":[],"current_hp_per_floor":[74,75,75,75,52,48,48,10,10,10,0,0],"gold":131,"neow_bonus":"THREE_ENEMY_KILL","is_daily":false,"chose_seed":false,"campfire_upgraded":1,"win_rate":0.0,"timestamp":1611666832,"path_taken":["M","M","$","?","?","E","R","E","T","?","E"],"items_purchased_type":[],"build_version":"2020-12-22","purchased_purges":1,"victory":false,"max_hp_per_floor":[75,75,75,75,75,75,75,75,75,75,75,75],"relic_stats":{"Singing Bowl":0,"counters":[6,16],"Ornamental Fan":[8],"Question Card":0,"obtain_stats":[{"NeowsBlessing":0,"Singing Bowl":9,"Ornamental Fan":6,"Question Card":8,"Burning Blood":0},{"NeowsBlessing":0,"Singing Bowl":5,"Ornamental Fan":4,"Question Card":5,"Burning Blood":0},{"NeowsBlessing":0,"Singing Bowl":12,"Ornamental Fan":7,"Question Card":12,"Burning Blood":0}],"Burning Blood":19},"card_choices":[{"not_picked":["Sever Soul","Intimidate"],"picked":"Clothesline","floor":1},{"not_picked":["Reckless Charge","Dark Embrace"],"picked":"Searing Blow","floor":2},{"not_picked":["Thunderclap","Warcry"],"picked":"Shrug It Off","floor":4},{"not_picked":["Headbutt","Thunderclap"],"picked":"Flex","floor":6},{"not_picked":["Ghostly Armor","Blood for Blood"],"picked":"Battle Trance","floor":8}],"player_experience":2267735,"relics_obtained":[{"floor":6,"key":"Ornamental Fan"},{"floor":8,"key":"Question Card"},{"floor":9,"key":"Singing Bowl"}],"event_choices":[{"damage_healed":0,"gold_gain":0,"player_choice":"Entered Light","damage_taken":23,"max_hp_gain":0,"max_hp_loss":0,"event_name":"Shining Light","floor":5,"gold_loss":0,"cards_upgraded":["Strike_R","Defend_R"]},{"damage_healed":0,"gold_gain":0,"player_choice":"1 cards matched","damage_taken":0,"max_hp_gain":0,"max_hp_loss":0,"event_name":"Match and Keep!","floor":10,"gold_loss":0,"cards_obtained":["Blood for Blood"]}],"is_beta":false,"boss_relics":[],"items_purged_floors":[3],"is_endless":false,"potions_floor_spawned":[1,4],"killed_by":"Lagavulin","ascension_level":19}}