{"host":"2ryabvayt7pqghlx","time":1611635022,"event":{"mods":["AchievementEnabler","BaseMod","Colored Map","Hermit","Highlight Path","Minty Spire (QoL Compilation)","Rare Cards Sparkle","Relic Stats","StSLib","SuperFastMode"],"gold_per_floor":[111,111,123,298,298,298,337,350,350,368,403,228,263,288,288,418,418,443,463,538,554,3,39,39,73,99,139,173,187,208,243,243,368,368,392,73,141,157,175,175,209,209,257,32,95,134,134,159,159,159],"floor_reached":51,"language":"ENG","playtime":5104,"items_purged":[],"score":1097,"play_id":"c5272bfe-c48c-465a-9e3b-1916ca73ac4e","local_time":"20210125232342","daily_mods":["Draft","Heirloom","DeadlyEvents","Elite Swarm","Lethality"],"is_ascension_mode":true,"campfire_choices":[{"data":"BowlingBash","floor":6,"key":"SMITH"},{"data":"Apotheosis","floor":15,"key":"SMITH"},{"data":"Judgement","floor":24,"key":"SMITH"},{"data":"Ragnarok","floor":32,"key":"SMITH"},{"data":"ForeignInfluence","floor":40,"key":"SMITH"},{"data":"Scrawl","floor":42,"key":"SMITH"},{"data":"Perseverance","floor":47,"key":"SMITH"},{"data":"Halt","floor":49,"key":"SMITH"}],"circlet_count":0,"master_deck":["Perseverance+1","Tantrum","JustLucky","Wallop","CutThroughFate+1","Evaluate","EmptyFist","Consecrate","JustLucky","CarveReality+1","Halt+1","FollowUp","Prostrate","FollowUp+1","BowlingBash+1","FlurryOfBlows","Wallop","Doubt","Ragnarok+1","Indignation","SashWhip","Judgement+1","Apotheosis+1","ClearTheMind+1","Devotion+1","LessonLearned","Crescendo+1","DeusExMachina+1","Scrawl+1","ForeignInfluence+1","Thinking Ahead+1","ThirdEye","Evaluate+1","MentalFortress+1"],"relics":["PureWater","Pocketwatch","Golden Idol","Sundial","Anchor","Smiling Mask","Bronze Scales","Coffee Dripper","Ornamental Fan","Whetstone","HandDrill","GoldenEye","TungstenRod","Strawberry","Toy Ornithopter","CaptainsWheel","Potion Belt","Philosopher\u0027s Stone","Nunchaku","FossilizedHelix","Mercury Hourglass","Regal Pillow","Orichalcum","Lizard Tail","Frozen Egg 2"],"acts_visited":["Exordium","TheCity","TheBeyond"],"potions_floor_usage":[21,27,33,35,35,35,45,50],"damage_taken":[{"damage":0,"enemies":"2 Louse","floor":1,"turns":1},{"damage":0,"enemies":"Small Slimes","floor":3,"turns":1},{"damage":6,"enemies":"Gremlin Nob","floor":7,"turns":3},{"damage":2,"enemies":"Jaw Worm","floor":8,"turns":2},{"damage":0,"enemies":"Lots of Slimes","floor":10,"turns":2},{"damage":0,"enemies":"Lagavulin","floor":11,"turns":2},{"damage":0,"enemies":"3 Sentries","floor":13,"turns":2},{"damage":0,"enemies":"Blue Slaver","floor":14,"turns":2},{"damage":17,"enemies":"The Guardian","floor":16,"turns":5},{"damage":0,"enemies":"Chosen","floor":18,"turns":2},{"damage":0,"enemies":"2 Thieves","floor":19,"turns":2},{"damage":4,"enemies":"Chosen and Byrds","floor":21,"turns":3},{"damage":0,"enemies":"Slavers","floor":23,"turns":1},{"damage":17,"enemies":"Book of Stabbing","floor":25,"turns":3},{"damage":26,"enemies":"Gremlin Leader","floor":27,"turns":4},{"damage":3,"enemies":"Book of Stabbing","floor":28,"turns":2},{"damage":13,"enemies":"Centurion and Healer","floor":29,"turns":2},{"damage":0,"enemies":"Shelled Parasite and Fungi","floor":30,"turns":1},{"damage":0,"enemies":"Gremlin Leader","floor":31,"turns":3},{"damage":0,"enemies":"Collector","floor":33,"turns":4},{"damage":0,"enemies":"3 Darklings","floor":35,"turns":2},{"damage":16,"enemies":"2 Orb Walkers","floor":37,"turns":2},{"damage":0,"enemies":"Orb Walker","floor":38,"turns":2},{"damage":0,"enemies":"Transient","floor":39,"turns":5},{"damage":0,"enemies":"Nemesis","floor":41,"turns":3},{"damage":0,"enemies":"Mind Bloom Boss Battle","floor":45,"turns":2},{"damage":0,"enemies":"Giant Head","floor":46,"turns":4},{"damage":0,"enemies":"Sphere and 2 Shapes","floor":48,"turns":2},{"damage":52,"enemies":"Time Eater","floor":50,"turns":4}],"seed_played":"-4624553748902855629","potions_obtained":[{"floor":1,"key":"BottledMiracle"},{"floor":3,"key":"Block Potion"},{"floor":10,"key":"Ambrosia"},{"floor":23,"key":"Dexterity Potion"},{"floor":25,"key":"SteroidPotion"},{"floor":27,"key":"Fire Potion"},{"floor":31,"key":"SneckoOil"},{"floor":33,"key":"GamblersBrew"},{"floor":35,"key":"SmokeBomb"},{"floor":38,"key":"Ancient Potion"},{"floor":48,"key":"Fire Potion"}],"is_trial":true,"path_per_floor":["M","?","M","?","?","R","E","M","T","M","E","$","E","M","R","B",null,"M","M","?","M","$","E","R","E","T","E","E","M","M","E","R","B",null,"M","$","?","M","M","R","E","R","T","$","?","E","R","M","R","B",null],"character_chosen":"WATCHER","items_purchased":["Apotheosis","Ornamental Fan","Whetstone","HandDrill","Nunchaku","Thinking Ahead","Orichalcum","LiquidMemories"],"campfire_rested":0,"item_purchase_floors":[12,22,22,22,36,36,44,44],"current_hp_per_floor":[72,72,72,72,54,54,48,46,46,46,46,46,46,46,46,29,72,72,72,65,61,61,61,61,44,51,25,22,9,9,9,9,14,79,79,79,63,63,63,63,63,63,63,63,68,68,68,68,68,21],"gold":159,"neow_bonus":"","is_daily":false,"chose_seed":false,"campfire_upgraded":8,"win_rate":0.0,"timestamp":1611635022,"path_taken":["M","?","M","?","?","R","E","M","T","M","E","$","E","M","R","BOSS","M","M","?","M","$","E","R","E","T","E","?","M","M","E","R","BOSS","M","$","?","M","?","R","E","R","T","$","?","?","R","M","R","BOSS"],"items_purchased_type":["Card","Relic","Relic","Relic","Relic","Card","Relic","Potion"],"build_version":"2020-12-22","purchased_purges":0,"victory":true,"max_hp_per_floor":[72,72,72,72,72,72,72,72,72,72,72,72,72,72,72,72,72,72,72,72,72,72,72,72,72,79,79,79,79,79,79,79,79,79,79,79,79,79,79,79,79,79,79,79,79,79,79,79,79,79],"relic_stats":{"Regal Pillow":0,"counters":[29,73],"Golden Idol":225,"Whetstone":["CutThroughFate","FollowUp"],"Orichalcum":[6],"Smiling Mask":0,"GoldenEye":[46],"Mercury Hourglass":[42],"Nunchaku":[7],"Lizard Tail":0,"Sundial":[0],"Ornamental Fan":[128],"Bronze Scales":[139],"HandDrill":[10],"obtain_stats":[{"Regal Pillow":43,"Whetstone":22,"Smiling Mask":11,"Nunchaku":36,"Lizard Tail":45,"Sundial":7,"Strawberry":26,"Philosopher\u0027s Stone":34,"HandDrill":22,"Potion Belt":31,"Golden Idol":5,"Orichalcum":44,"Frozen Egg 2":46,"GoldenEye":23,"Mercury Hourglass":41,"Anchor":9,"CaptainsWheel":28,"Ornamental Fan":22,"Bronze Scales":13,"Coffee Dripper":17,"PureWater":0,"TungstenRod":25,"Toy Ornithopter":27,"FossilizedHelix":37,"Pocketwatch":0},{"Regal Pillow":25,"Whetstone":12,"Smiling Mask":6,"Nunchaku":21,"Lizard Tail":26,"Sundial":3,"Strawberry":14,"Philosopher\u0027s Stone":20,"HandDrill":12,"Potion Belt":19,"Golden Idol":2,"Orichalcum":25,"Frozen Egg 2":27,"GoldenEye":13,"Mercury Hourglass":25,"Anchor":4,"CaptainsWheel":16,"Ornamental Fan":12,"Bronze Scales":7,"Coffee Dripper":9,"PureWater":0,"TungstenRod":14,"Toy Ornithopter":15,"FossilizedHelix":22,"Pocketwatch":0},{"Regal Pillow":61,"Whetstone":27,"Smiling Mask":11,"Nunchaku":49,"Lizard Tail":63,"Sundial":5,"Strawberry":31,"Philosopher\u0027s Stone":47,"HandDrill":27,"Potion Belt":43,"Golden Idol":2,"Orichalcum":61,"Frozen Egg 2":67,"GoldenEye":28,"Mercury Hourglass":61,"Anchor":7,"CaptainsWheel":37,"Ornamental Fan":27,"Bronze Scales":13,"Coffee Dripper":20,"PureWater":0,"TungstenRod":31,"Toy Ornithopter":35,"FossilizedHelix":51,"Pocketwatch":0}],"TungstenRod":10,"Toy Ornithopter":15,"Pocketwatch":[21]},"card_choices":[{"not_picked":["SignatureMove","BowlingBash"],"picked":"Perseverance","floor":0},{"not_picked":["Nirvana","BowlingBash"],"picked":"Tantrum","floor":0},{"not_picked":["Swivel","Pray"],"picked":"JustLucky","floor":0},{"not_picked":["SashWhip","FlyingSleeves"],"picked":"Wallop","floor":0},{"not_picked":["FlyingSleeves","EmptyFist"],"picked":"CutThroughFate","floor":0},{"not_picked":["Protect","WheelKick"],"picked":"Evaluate","floor":0},{"not_picked":["Conclude","SignatureMove"],"picked":"EmptyFist","floor":0},{"not_picked":["CrushJoints","EmptyBody"],"picked":"Consecrate","floor":0},{"not_picked":["Perseverance","EmptyFist"],"picked":"JustLucky","floor":0},{"not_picked":["ThirdEye","CutThroughFate"],"picked":"CarveReality","floor":0},{"not_picked":["Swivel","EmptyFist"],"picked":"Halt","floor":0},{"not_picked":["CutThroughFate","EmptyMind"],"picked":"FollowUp","floor":0},{"not_picked":["Worship","MentalFortress"],"picked":"Prostrate","floor":0},{"not_picked":["Meditate","ClearTheMind"],"picked":"FollowUp","floor":0},{"not_picked":["JustLucky","Evaluate"],"picked":"BowlingBash","floor":0},{"not_picked":["Crescendo","WaveOfTheHand"],"picked":"FlurryOfBlows","floor":1},{"not_picked":["Meditate","JustLucky"],"picked":"Wallop","floor":3},{"not_picked":["ConjureBlade","DevaForm"],"picked":"Ragnarok","floor":7},{"not_picked":["Collect","CarveReality"],"picked":"Indignation","floor":8},{"not_picked":["ThirdEye","EmptyFist"],"picked":"SashWhip","floor":10},{"not_picked":["Brilliance","ConjureBlade"],"picked":"Judgement","floor":11},{"not_picked":["ConjureBlade","SpiritShield","MasterReality"],"picked":"SKIP","floor":13},{"not_picked":["Halt","BowlingBash"],"picked":"ClearTheMind","floor":14},{"not_picked":["Evaluate","Protect","FollowUp"],"picked":"SKIP","floor":18},{"not_picked":["JustLucky","BattleHymn+1","Protect+1"],"picked":"SKIP","floor":19},{"not_picked":["Halt","Swivel","Consecrate"],"picked":"SKIP","floor":21},{"not_picked":["Blasphemy","DevaForm","MasterReality"],"picked":"SKIP","floor":23},{"not_picked":["Vault","Brilliance"],"picked":"Devotion","floor":25},{"not_picked":["MasterReality","Judgement"],"picked":"LessonLearned","floor":27},{"not_picked":["Wish","Ragnarok","Vault"],"picked":"SKIP","floor":28},{"not_picked":["ForeignInfluence+1","FlyingSleeves"],"picked":"Crescendo+1","floor":29},{"not_picked":["PathToVictory","Crescendo+1","SashWhip"],"picked":"SKIP","floor":30},{"not_picked":["MasterReality","Establishment"],"picked":"DeusExMachina","floor":31},{"not_picked":["MasterReality","Judgement"],"picked":"Scrawl","floor":33},{"not_picked":["InnerPeace","Weave"],"picked":"ForeignInfluence","floor":35},{"not_picked":["EmptyFist","FlyingSleeves"],"picked":"ThirdEye","floor":37},{"not_picked":["Meditate","Adaptation","Sanctity"],"picked":"SKIP","floor":38},{"not_picked":["Crescendo+1","BowlingBash","ReachHeaven+1"],"picked":"SKIP","floor":39},{"not_picked":["Scrawl","ConjureBlade","Vault"],"picked":"SKIP","floor":41},{"not_picked":["Prostrate+1","Protect+1"],"picked":"Evaluate+1","floor":45},{"not_picked":["Ragnarok","Alpha","ConjureBlade"],"picked":"SKIP","floor":46},{"not_picked":["ReachHeaven+1","BowlingBash+1"],"picked":"MentalFortress+1","floor":48}],"player_experience":138435,"relics_obtained":[{"floor":7,"key":"Sundial"},{"floor":9,"key":"Anchor"},{"floor":11,"key":"Smiling Mask"},{"floor":13,"key":"Bronze Scales"},{"floor":23,"key":"GoldenEye"},{"floor":25,"key":"TungstenRod"},{"floor":26,"key":"Strawberry"},{"floor":27,"key":"Toy Ornithopter"},{"floor":28,"key":"CaptainsWheel"},{"floor":31,"key":"Potion Belt"},{"floor":37,"key":"FossilizedHelix"},{"floor":41,"key":"Mercury Hourglass"},{"floor":43,"key":"Regal Pillow"},{"floor":45,"key":"Lizard Tail"},{"floor":46,"key":"Frozen Egg 2"}],"event_choices":[{"damage_healed":0,"gold_gain":0,"player_choice":"Leave","damage_taken":0,"max_hp_gain":0,"max_hp_loss":0,"event_name":"The Cleric","floor":2,"gold_loss":0},{"damage_healed":0,"gold_gain":175,"player_choice":"AGREE","damage_taken":0,"max_hp_gain":0,"max_hp_loss":0,"event_name":"Liars Game","floor":4,"gold_loss":0,"cards_obtained":["Doubt"]},{"damage_healed":0,"gold_gain":0,"player_choice":"Take Damage","damage_taken":18,"relics_obtained":["Golden Idol"],"max_hp_gain":0,"max_hp_loss":0,"event_name":"Golden Idol","floor":5,"gold_loss":0},{"damage_healed":0,"gold_gain":75,"player_choice":"Touch","damage_taken":7,"max_hp_gain":0,"max_hp_loss":0,"event_name":"FaceTrader","floor":20,"gold_loss":0},{"damage_healed":0,"gold_gain":0,"player_choice":"Fight","damage_taken":0,"max_hp_gain":0,"max_hp_loss":0,"event_name":"Mysterious Sphere","floor":37,"gold_loss":0},{"damage_healed":0,"gold_gain":0,"player_choice":"Fight","damage_taken":0,"max_hp_gain":0,"max_hp_loss":0,"event_name":"MindBloom","floor":45,"gold_loss":0}],"is_beta":false,"boss_relics":[{"not_picked":["Fusion Hammer","Busted Crown"],"picked":"Coffee Dripper"},{"not_picked":["SlaversCollar","Runic Dome"],"picked":"Philosopher\u0027s Stone"}],"items_purged_floors":[],"is_endless":false,"potions_floor_spawned":[1,3,10,13,18,23,25,27,29,31,33,35,38,48],"ascension_level":1}}