{"host":"6xsbn6ynqlzwllfm","time":1611672986,"event":{"mods":["2.2 Compatiblity","BaseMod","Bestiary","Colored Map","Colored Powertips","Curses Come First","Highlight Path","Keyboard Shortcuts","Minty Spire (QoL Compilation)","Relic Stats","Slay the Relics Exporter","StSLib","SuperFastMode"],"gold_per_floor":[118,118,268,139,159,191,161,193,220,246,246,246,264,284,284,360,360,376,2,16,44,44,44,77,77,77],"floor_reached":25,"language":"ENG","playtime":1800,"items_purged":["Doubt","Strike_R"],"score":578,"play_id":"bebf4504-842b-4c32-9819-c656571554fe","local_time":"20210126095626","is_ascension_mode":true,"campfire_choices":[{"data":"Sever Soul","floor":11,"key":"SMITH"},{"floor":15,"key":"REST"},{"floor":23,"key":"REST"}],"circlet_count":0,"master_deck":["AscendersBane","Strike_R","Strike_R","Strike_R","Strike_R","Defend_R","Defend_R","Defend_R","Defend_R","Bash","Flame Barrier","Sever Soul+1","Inflame","Evolve","Uppercut","Armaments","Sword Boomerang","Corruption","Dark Embrace","Spot Weakness","Battle Trance","Clothesline","Shrug It Off","Shrug It Off","Shrug It Off"],"relics":["SacredBark","Question Card","Pen Nib","PreservedInsect","Art of War","Blood Vial","Philosopher\u0027s Stone","Membership Card","Red Mask","Mercury Hourglass"],"acts_visited":["Exordium","TheCity"],"potions_floor_usage":[6,8,10,12,13,16,21,21,24],"damage_taken":[{"damage":7,"enemies":"Cultist","floor":1,"turns":4},{"damage":0,"enemies":"Jaw Worm","floor":5,"turns":4},{"damage":20,"enemies":"Lagavulin","floor":6,"turns":6},{"damage":8,"enemies":"Gremlin Nob","floor":8,"turns":3},{"damage":10,"enemies":"3 Sentries","floor":10,"turns":6},{"damage":0,"enemies":"2 Louse","floor":12,"turns":1},{"damage":14,"enemies":"Lots of Slimes","floor":13,"turns":8},{"damage":8,"enemies":"Red Slaver","floor":14,"turns":5},{"damage":0,"enemies":"Slime Boss","floor":16,"turns":3},{"damage":29,"enemies":"Spheric Guardian","floor":18,"turns":5},{"damage":18,"enemies":"Shell Parasite","floor":20,"turns":4},{"damage":15,"enemies":"Masked Bandits","floor":21,"turns":5},{"damage":43,"enemies":"Slavers","floor":24,"turns":5},{"damage":13,"enemies":"Cultist and Chosen","floor":25,"turns":3}],"seed_played":"-2622811668767464262","potions_obtained":[{"floor":1,"key":"DuplicationPotion"},{"floor":7,"key":"Fire Potion"},{"floor":8,"key":"SmokeBomb"},{"floor":10,"key":"BlessingOfTheForge"},{"floor":13,"key":"PowerPotion"},{"floor":16,"key":"GamblersBrew"},{"floor":21,"key":"BlessingOfTheForge"}],"is_trial":false,"path_per_floor":["M","T","?","$","M","E","?","E","T","E","R","M","M","M","R","B",null,"M","$","M","?","?","R","E","M"],"character_chosen":"IRONCLAD","items_purchased":["AttackPotion","Membership Card","Spot Weakness","Battle Trance","Dexterity Potion","ColorlessPotion","Clothesline"],"campfire_rested":2,"item_purchase_floors":[4,19,19,19,19,19,19],"current_hp_per_floor":[61,61,61,61,61,41,41,33,33,23,23,25,13,7,29,31,64,37,37,21,8,23,45,4,0,0],"gold":77,"neow_bonus":"BOSS_RELIC","is_daily":false,"chose_seed":false,"campfire_upgraded":1,"win_rate":0.0,"timestamp":1611672986,"path_taken":["M","?","?","$","M","E","?","E","T","E","R","?","M","M","R","BOSS","M","$","M","?","?","R","E","M"],"items_purchased_type":["Potion","Relic","Card","Card","Potion","Potion","Card"],"build_version":"2020-12-22","purchased_purges":2,"victory":false,"max_hp_per_floor":[75,75,75,75,75,75,75,75,75,75,75,75,75,75,75,75,75,75,75,75,75,75,75,75,75,75],"relic_stats":{"Blood Vial":18,"counters":[14,62],"Pen Nib":[6],"PreservedInsect":75,"Art of War":[10],"Question Card":11,"obtain_stats":[{"Blood Vial":10,"SacredBark":0,"Philosopher\u0027s Stone":17,"Pen Nib":6,"PreservedInsect":8,"Art of War":9,"Red Mask":21,"Membership Card":19,"Question Card":2,"Burning Blood":0,"Mercury Hourglass":24},{"Blood Vial":5,"SacredBark":0,"Philosopher\u0027s Stone":9,"Pen Nib":3,"PreservedInsect":4,"Art of War":4,"Red Mask":12,"Membership Card":10,"Question Card":1,"Burning Blood":0,"Mercury Hourglass":13},{"Blood Vial":23,"SacredBark":0,"Philosopher\u0027s Stone":40,"Pen Nib":14,"PreservedInsect":17,"Art of War":17,"Red Mask":54,"Membership Card":45,"Question Card":4,"Burning Blood":0,"Mercury Hourglass":59}],"Mercury Hourglass":[18]},"card_choices":[{"not_picked":["Heavy Blade","Power Through"],"picked":"Flame Barrier","floor":1},{"not_picked":["Wild Strike","Clothesline","Warcry"],"picked":"Sever Soul","floor":5},{"not_picked":["Rampage","Corruption","Warcry"],"picked":"Inflame","floor":6},{"not_picked":["Anger","Wild Strike","Power Through"],"picked":"Evolve","floor":8},{"not_picked":["Havoc","Perfected Strike","Flame Barrier"],"picked":"Uppercut","floor":10},{"not_picked":["Warcry","Uppercut","Flex"],"picked":"Armaments","floor":13},{"not_picked":["Pommel Strike","Havoc","Thunderclap"],"picked":"Sword Boomerang","floor":14},{"not_picked":["Exhume","Bludgeon","Berserk"],"picked":"Corruption","floor":16},{"not_picked":["Battle Trance","Body Slam","Burning Pact"],"picked":"Dark Embrace","floor":18},{"not_picked":["Perfected Strike","Inflame+1","Whirlwind"],"picked":"Shrug It Off","floor":20},{"not_picked":["Ghostly Armor","Iron Wave+1","Pommel Strike"],"picked":"Shrug It Off","floor":21},{"not_picked":["Inflame","Clash","Clothesline"],"picked":"Shrug It Off","floor":24}],"player_experience":1118979,"relics_obtained":[{"floor":2,"key":"Question Card"},{"floor":6,"key":"Pen Nib"},{"floor":8,"key":"PreservedInsect"},{"floor":9,"key":"Art of War"},{"floor":10,"key":"Blood Vial"},{"floor":21,"key":"Red Mask"},{"floor":24,"key":"Mercury Hourglass"}],"event_choices":[{"damage_healed":0,"gold_gain":150,"player_choice":"AGREE","damage_taken":0,"max_hp_gain":0,"max_hp_loss":0,"event_name":"Liars Game","floor":3,"gold_loss":0,"cards_obtained":["Doubt"]},{"damage_healed":0,"gold_gain":0,"player_choice":"Bought 2 Potions","damage_taken":0,"max_hp_gain":0,"max_hp_loss":0,"event_name":"The Woman in Blue","floor":7,"gold_loss":0},{"damage_healed":0,"gold_gain":0,"player_choice":"Fought Bandits","damage_taken":0,"max_hp_gain":0,"max_hp_loss":0,"event_name":"Masked Bandits","floor":21,"gold_loss":0},{"damage_healed":15,"gold_gain":0,"player_choice":"Heal","damage_taken":0,"max_hp_gain":0,"max_hp_loss":0,"event_name":"The Library","floor":22,"gold_loss":0}],"is_beta":false,"boss_relics":[{"not_picked":["Ectoplasm","Sozu"],"picked":"Philosopher\u0027s Stone"}],"items_purged_floors":[4,19],"is_endless":false,"potions_floor_spawned":[1,8,10,13,16,21],"killed_by":"Cultist and Chosen","ascension_level":20}}