{"host":"ws1rigs6jhqnf67d","time":1611662819,"event":{"mods":["100% Spire Juice","BaseMod","Friendly Minions","KinomotoSakuraMod(ƒæ÷Æ±æ”£)","Kiyohime£®«Âºß£©","Lobotomy","LobotomyExtend","Marisa£®ÏF”Í°°ƒß¿Ì…≥£©","Minty Spire (QoL Compilation)","Remilia£®¿Ÿ√◊¿Ú—«£©","StSLib","The Bug Knight","The Senshi","Youmu£®ªÍ∆«—˝√Œ£©","[IsaacMod]“‘»ˆº‚À˛"],"gold_per_floor":[113,113,128,144,162,192,192,222,222,222,250,81,110,130,130,130,130],"floor_reached":16,"language":"ZHS","playtime":498,"items_purged":[],"score":379,"play_id":"c404c312-b1a9-40fa-ac42-601a375644a7","local_time":"20210126200659","is_ascension_mode":true,"campfire_choices":[{"data":"SpellCardSeal","floor":7,"key":"SMITH"},{"data":"ClowCardTheSword","floor":15,"key":"SMITH"}],"circlet_count":0,"master_deck":["SakuraCardTheShield+","AscendersBane","ClowCardTheSword","ClowCardTheSword","ClowCardTheSword+1","ClowCardTheSword","ClowCardTheShield","ClowCardTheShield","ClowCardTheShield","SpellCardSeal+1","SpellCardRelease","ClowCardTheStorm+1"],"relics":["KSMOD_SealedBook","KSMOD_SealedWand","HushsDoor","NeowsBlessing","BloodDonationMachine","LetterFromLob","FossilizedHelix","theSenshi:SailorFukuRelic","HollowMod:StagPassRelic","GnawedLeaf","Membership Card","Strawberry","Frozen Egg 2"],"acts_visited":["Exordium"],"potions_floor_usage":[13],"damage_taken":[{"damage":0,"enemies":"Cultist","floor":1,"turns":1},{"damage":0,"enemies":"2 Louse","floor":3,"turns":3},{"damage":0,"enemies":"Small Slimes","floor":4,"turns":2},{"damage":4,"enemies":"Red Slaver","floor":5,"turns":3},{"damage":0,"enemies":"Gremlin Nob","floor":6,"turns":2},{"damage":15,"enemies":"Lagavulin","floor":8,"turns":4},{"damage":0,"enemies":"3 Sentries","floor":11,"turns":4},{"damage":0,"enemies":"Lagavulin","floor":13,"turns":4},{"damage":8,"enemies":"Exordium Thugs","floor":14,"turns":6},{"damage":40,"enemies":"Hexaghost","floor":16,"turns":9}],"seed_played":"-4359349678485522989","potions_obtained":[{"floor":3,"key":"Ancient Potion"},{"floor":8,"key":"FearPotion"},{"floor":14,"key":"Swift Potion"}],"is_trial":false,"path_per_floor":["M","?","M","M","M","E","R","E","T","?","E","$","E","M","R","B"],"character_chosen":"KINOMOTOSAKURA","items_purchased":["Membership Card"],"campfire_rested":0,"item_purchase_floors":[12],"current_hp_per_floor":[59,59,59,59,55,55,55,40,40,40,40,40,47,39,39,0,0],"gold":130,"neow_bonus":"THREE_ENEMY_KILL","is_daily":false,"chose_seed":false,"campfire_upgraded":2,"win_rate":0.0,"timestamp":1611662819,"path_taken":["M","?","M","M","M","E","R","E","T","?","E","$","E","M","R","BOSS"],"items_purchased_type":["Relic"],"build_version":"2020-12-22","purchased_purges":0,"victory":false,"max_hp_per_floor":[65,65,65,65,65,65,65,65,65,65,65,65,72,72,72,72,72],"card_choices":[{"not_picked":["ClowCardTheMist","ClowCardTheWindy"],"picked":"ClowCardTheStorm","floor":1},{"not_picked":["ClowCardTheBubbles","ClowCardTheShadow","ClowCardThePower"],"picked":"SKIP","floor":3},{"not_picked":["ClowCardTheSnow","ClowCardTheLock","ClowCardTheThunder"],"picked":"SKIP","floor":4},{"not_picked":["ClowCardTheDream","ClowCardTheMove"],"picked":"Bomb","floor":5},{"not_picked":["ClowCardTheShot","ClowCardTheShadow","ClowCardTheWatery"],"picked":"SKIP","floor":6},{"not_picked":["ClowCardTheWood","ClowCardTheArrow"],"picked":"Bomb","floor":8},{"not_picked":["ClowCardTheCloud","ClowCardTheChange","ClowCardTheSnow"],"picked":"SKIP","floor":11},{"not_picked":["ClowCardTheThunder","ClowCardTheShot"],"picked":"ClowCardTheCreate","floor":13},{"not_picked":["ClowCardTheLittle+1","ClowCardTheFlower","ClowCardThePower"],"picked":"SKIP","floor":14}],"player_experience":886217,"relics_obtained":[{"floor":1,"key":"LetterFromLob"},{"floor":6,"key":"FossilizedHelix"},{"floor":8,"key":"theSenshi:SailorFukuRelic"},{"floor":9,"key":"HollowMod:StagPassRelic"},{"floor":11,"key":"GnawedLeaf"},{"floor":13,"key":"Strawberry"},{"floor":14,"key":"Frozen Egg 2"}],"event_choices":[{"damage_healed":0,"gold_gain":0,"player_choice":"Grow","damage_taken":0,"max_hp_gain":0,"max_hp_loss":0,"event_name":"Living Wall","floor":2,"gold_loss":0,"cards_upgraded":["ClowCardTheStorm"]}],"is_beta":false,"boss_relics":[],"items_purged_floors":[],"is_endless":false,"potions_floor_spawned":[3,8,14],"killed_by":"Hexaghost","ascension_level":17}}