{"host":"lnt5dzsuhru0aonl","time":1611671408,"event":{"mods":["2.2 Compatiblity","BaseMod","Colored Map","Colored Powertips","DeckTracker","Keyboard Shortcuts","Minty Spire (QoL Compilation)","Permanent Neow","Rare Cards Sparkle","StSLib","SuperFastMode","everything is the same but u backflip on backflip"],"gold_per_floor":[119,119,269,141,161,161,161,180,180,180,180,198,216,57,57,57,57],"floor_reached":16,"language":"KOR","playtime":269,"items_purged":["Doubt","Strike_B"],"score":180,"play_id":"bff7ae8b-49d4-4445-9203-e9352d9e3d62","local_time":"20210126233008","is_ascension_mode":true,"campfire_choices":[{"data":"Chaos","floor":7.0,"key":"SMITH"},{"data":"Dualcast","floor":10.0,"key":"SMITH"},{"floor":15.0,"key":"REST"}],"circlet_count":0,"master_deck":["AscendersBane","Strike_B","Strike_B","Strike_B","Defend_B","Defend_B","Defend_B","Defend_B","Zap","Dualcast+1","Beam Cell+1","Ball Lightning","Cold Snap","Chaos+1","Auto Shields","Conserve Battery"],"relics":["Cracked Core","TungstenRod","Blood Vial","Golden Idol"],"acts_visited":["Exordium"],"potions_floor_usage":[],"damage_taken":[{"damage":0.0,"enemies":"2 Louse","floor":1.0,"turns":3.0},{"damage":0.0,"enemies":"Jaw Worm","floor":5.0,"turns":2.0},{"damage":4.0,"enemies":"Small Slimes","floor":8.0,"turns":3.0},{"damage":3.0,"enemies":"Exordium Wildlife","floor":12.0,"turns":2.0},{"damage":10.0,"enemies":"Exordium Thugs","floor":13.0,"turns":4.0},{"damage":44,"enemies":"Slime Boss","floor":16,"turns":8}],"seed_played":"-218602901380174496","potions_obtained":[{"floor":8.0,"key":"SpeedPotion"}],"is_trial":false,"path_per_floor":["M","?","?","$","M","?","R","M","T","R","?","M","M","$","R","B"],"character_chosen":"DEFECT","items_purchased":["Cold Snap","Conserve Battery"],"campfire_rested":1,"item_purchase_floors":[4,14],"current_hp_per_floor":[64,64,64,64,64,29,29,25,25,25,25,24,16,16,35,0,0],"gold":57,"neow_bonus":"THREE_CARDS","is_daily":false,"chose_seed":false,"campfire_upgraded":2,"win_rate":0.0,"timestamp":1611671408,"path_taken":["M","?","?","$","M","?","R","M","T","R","?","?","M","$","R","BOSS"],"items_purchased_type":["Card","Card"],"build_version":"2020-12-22","purchased_purges":2,"victory":false,"max_hp_per_floor":[71,71,71,71,71,71,71,71,71,71,64,64,64,64,64,64,64],"card_choices":[{"not_picked":["Self Repair","Double Energy"],"picked":"Beam Cell","floor":0.0},{"not_picked":["Gash","Genetic Algorithm"],"picked":"Ball Lightning","floor":1.0},{"not_picked":["Go for the Eyes","Tempest"],"picked":"Chaos","floor":5.0},{"not_picked":["Beam Cell","Hologram","Steam"],"picked":"SKIP","floor":8.0},{"not_picked":["Compile Driver","Turbo"],"picked":"Auto Shields","floor":12.0},{"not_picked":["Ball Lightning","Auto Shields","Force Field"],"picked":"SKIP","floor":13.0}],"player_experience":770829,"relics_obtained":[{"floor":9.0,"key":"Blood Vial"}],"event_choices":[{"damage_healed":0.0,"max_hp_gain":0.0,"max_hp_loss":0.0,"gold_gain":0.0,"event_name":"Living Wall","player_choice":"Grow","floor":2.0,"gold_loss":0.0,"damage_taken":0.0,"cards_upgraded":["Beam Cell"]},{"damage_healed":0.0,"max_hp_gain":0.0,"max_hp_loss":0.0,"gold_gain":150.0,"event_name":"Liars Game","player_choice":"AGREE","floor":3.0,"gold_loss":0.0,"damage_taken":0.0,"cards_obtained":["Doubt"]},{"damage_healed":0.0,"max_hp_gain":0.0,"max_hp_loss":0.0,"gold_gain":0.0,"event_name":"Scrap Ooze","player_choice":"Success","floor":6.0,"gold_loss":0.0,"damage_taken":35.0,"relics_obtained":["TungstenRod"]},{"damage_healed":0.0,"max_hp_gain":0.0,"max_hp_loss":7.0,"gold_gain":0.0,"event_name":"Golden Idol","player_choice":"Lose Max HP","floor":11.0,"gold_loss":0.0,"damage_taken":0.0,"relics_obtained":["Golden Idol"]}],"is_beta":false,"boss_relics":[],"items_purged_floors":[4,14],"is_endless":false,"potions_floor_spawned":[8],"killed_by":"Slime Boss","ascension_level":20}}