{"host":"dvpvhz1t6etneyb3","time":1611699449,"event":{"mods":["AchievementEnabler","BaseMod","Colored Map","Highlight Path","Minty Spire (QoL Compilation)","Permanent Neow","Quick Restart"],"gold_per_floor":[118,135,285,297,53,87,87,115,141,151,166,79,79,114,114,190,190,201,212,48,63,63,98,98,124,192,192,225,225,225,250,250,323,323,336,361,379,397,397,425,38,38,38,68,80,80,80,134,134,134,134,134,134,34,68,68],"floor_reached":57,"language":"ENG","playtime":3436,"items_purged":["Doubt","Regret"],"score":3008,"play_id":"a5f2c0a8-0cbb-4667-99dc-78e9f9d3035c","local_time":"20210126171729","is_ascension_mode":true,"campfire_choices":[{"data":"Defragment","floor":7.0,"key":"SMITH"},{"floor":15.0,"key":"DIG"},{"data":"Defragment","floor":24.0,"key":"SMITH"},{"floor":27.0,"key":"REST"},{"floor":32.0,"key":"DIG"},{"floor":42,"key":"DIG"},{"floor":47,"key":"RECALL"},{"floor":49,"key":"DIG"},{"floor":53,"key":"DIG"}],"circlet_count":0,"master_deck":["AscendersBane","Strike_B","Strike_B","Defend_B","Defend_B","Defend_B","Defend_B","Zap","Dualcast","Ball Lightning","Defragment+1","Undo","Glacier","Rip and Tear","Fusion","Compile Driver","Hyperbeam","Recycle","Glacier","Ball Lightning","Echo Form","Coolheaded","Glacier","Defragment+1","Coolheaded","Echo Form","Recycle","Force Field","Hologram","Electrodynamics","Sunder+1","Capacitor","Meteor Strike+1","Doom and Gloom+1","Core Surge+1","Capacitor"],"relics":["Snecko Eye","DataDisk","Bag of Preparation","Dream Catcher","Shovel","Emotion Chip","Cursed Key","Runic Capacitor","White Beast Statue","Girya","Mercury Hourglass","Ancient Tea Set","Molten Egg 2","MealTicket","SacredBark","Turnip","Shuriken","TungstenRod","Gremlin Horn","Calipers","Ginger","Centennial Puzzle","Ornamental Fan","Orichalcum"],"acts_visited":["Exordium","TheCity","TheBeyond","TheEnding"],"potions_floor_usage":[40,48,56],"damage_taken":[{"damage":12.0,"enemies":"Small Slimes","floor":1.0,"turns":3.0},{"damage":1.0,"enemies":"Cultist","floor":2.0,"turns":3.0},{"damage":11.0,"enemies":"Jaw Worm","floor":4.0,"turns":6.0},{"damage":0.0,"enemies":"Lagavulin","floor":6.0,"turns":8.0},{"damage":7.0,"enemies":"Gremlin Nob","floor":8.0,"turns":4.0},{"damage":0.0,"enemies":"Large Slime","floor":10.0,"turns":6.0},{"damage":1.0,"enemies":"Looter","floor":11.0,"turns":3.0},{"damage":0.0,"enemies":"3 Sentries","floor":14.0,"turns":2.0},{"damage":22.0,"enemies":"Hexaghost","floor":16.0,"turns":13.0},{"damage":0.0,"enemies":"Spheric Guardian","floor":18.0,"turns":4.0},{"damage":0.0,"enemies":"Chosen","floor":19.0,"turns":4.0},{"damage":0.0,"enemies":"Snake Plant","floor":21.0,"turns":4.0},{"damage":6.0,"enemies":"Gremlin Leader","floor":23.0,"turns":6.0},{"damage":7.0,"enemies":"Slavers","floor":25.0,"turns":7.0},{"damage":6.0,"enemies":"Book of Stabbing","floor":28.0,"turns":6.0},{"damage":8.0,"enemies":"Slavers","floor":31.0,"turns":4.0},{"damage":18.0,"enemies":"Collector","floor":33.0,"turns":8.0},{"damage":0.0,"enemies":"3 Shapes","floor":35.0,"turns":1.0},{"damage":0.0,"enemies":"Mind Bloom Boss Battle","floor":36.0,"turns":4.0},{"damage":0.0,"enemies":"Orb Walker","floor":37.0,"turns":3.0},{"damage":0.0,"enemies":"3 Darklings","floor":38.0,"turns":2.0},{"damage":0,"enemies":"Giant Head","floor":40,"turns":10},{"damage":3,"enemies":"Reptomancer","floor":44,"turns":4},{"damage":5,"enemies":"Spire Growth","floor":45,"turns":4},{"damage":3,"enemies":"2 Orb Walkers","floor":48,"turns":4},{"damage":1,"enemies":"Time Eater","floor":50,"turns":10},{"damage":17,"enemies":"Donu and Deca","floor":51,"turns":7},{"damage":0,"enemies":"Shield and Spear","floor":55,"turns":5},{"damage":13,"enemies":"The Heart","floor":56,"turns":9}],"seed_played":"636656772718696001","potions_obtained":[{"floor":2.0,"key":"Block Potion"},{"floor":4.0,"key":"FearPotion"},{"floor":8.0,"key":"Strength Potion"},{"floor":21.0,"key":"PowerPotion"},{"floor":23.0,"key":"Dexterity Potion"},{"floor":25.0,"key":"Swift Potion"},{"floor":31.0,"key":"Regen Potion"},{"floor":33.0,"key":"DistilledChaos"},{"floor":36.0,"key":"Fire Potion"},{"floor":37.0,"key":"Weak Potion"},{"floor":40,"key":"Regen Potion"},{"floor":45,"key":"FocusPotion"},{"floor":48,"key":"FearPotion"}],"is_trial":false,"path_per_floor":["M","M","?","M","$","E","R","E","T","M","M","$","?","E","R","B",null,"M","M","$","M","?","E","R","E","T","R","E","?","?","E","R","B",null,"M","?","M","M","?","E","$","R","T","E","M","?","R","?","R","B","B",null,"R","$","E","B",null],"character_chosen":"DEFECT","items_purchased":["Glacier","Rip and Tear","Glacier","Runic Capacitor","TungstenRod","Doom and Gloom+1"],"campfire_rested":1,"item_purchase_floors":[5,5,12,20,41,41],"current_hp_per_floor":[52,51,51,40,40,40,40,33,33,33,32,32,32,32,32,10,56,56,56,56,56,56,50,50,43,43,64,58,58,58,50,50,32,61,61,61,61,61,61,61,71,71,71,68,63,63,63,67,67,66,49,63,63,67,67,54],"gold":68,"neow_bonus":"BOSS_RELIC","is_daily":false,"chose_seed":false,"campfire_upgraded":2,"win_rate":0.0,"timestamp":1611699449,"path_taken":["M","M","?","M","$","E","R","E","T","M","M","$","?","E","R","BOSS","M","M","$","M","?","E","R","E","T","R","E","?","?","E","R","BOSS","M","?","M","M","?","E","$","R","T","E","M","?","R","?","R","BOSS","BOSS","R","$","E","BOSS"],"items_purchased_type":["Card","Card","Card","Relic","Relic","Card"],"build_version":"2020-12-22","purchased_purges":2,"victory":true,"max_hp_per_floor":[71,71,71,71,71,71,71,71,71,71,71,71,71,71,71,71,71,71,71,71,71,71,71,71,71,71,71,71,71,71,71,71,71,71,71,71,71,71,71,71,71,71,71,71,71,67,67,67,67,67,67,67,67,67,67,67],"card_choices":[{"not_picked":["Leap","Streamline"],"picked":"Ball Lightning","floor":1.0},{"not_picked":["Ball Lightning","Genetic Algorithm"],"picked":"Defragment","floor":2.0},{"not_picked":["Sweeping Beam","Beam Cell"],"picked":"Undo","floor":4.0},{"not_picked":["Leap","Go for the Eyes"],"picked":"Fusion","floor":6.0},{"not_picked":["Go for the Eyes","Steam"],"picked":"Compile Driver","floor":8.0},{"not_picked":["Leap","Ball Lightning"],"picked":"Hyperbeam","floor":10.0},{"not_picked":["Ball Lightning","Redo"],"picked":"Recycle","floor":11.0},{"not_picked":["Ball Lightning","Blizzard","Barrage"],"picked":"SKIP","floor":14.0},{"not_picked":["Blizzard","Barrage"],"picked":"Ball Lightning","floor":14.0},{"not_picked":["All For One","Buffer"],"picked":"Echo Form","floor":16.0},{"not_picked":["Compile Driver","Redo","Beam Cell"],"picked":"SKIP","floor":18.0},{"not_picked":["Stack","Auto Shields","Aggregate"],"picked":"SKIP","floor":19.0},{"not_picked":["Cold Snap","Stack"],"picked":"Coolheaded","floor":21.0},{"not_picked":["Hyperbeam","Turbo"],"picked":"Coolheaded","floor":23.0},{"not_picked":["Static Discharge","Gash"],"picked":"Echo Form","floor":25.0},{"not_picked":["Barrage","Steam"],"picked":"Recycle","floor":27.0},{"not_picked":["Melter","Ball Lightning","Gash"],"picked":"SKIP","floor":28.0},{"not_picked":["Go for the Eyes+1","Aggregate"],"picked":"Hologram","floor":31.0},{"not_picked":["Biased Cognition","Thunder Strike+1"],"picked":"Electrodynamics","floor":33.0},{"not_picked":["Conserve Battery","Ball Lightning+1"],"picked":"Sunder+1","floor":35.0},{"not_picked":["Genetic Algorithm","Barrage+1","Streamline+1"],"picked":"SKIP","floor":37.0},{"not_picked":["Redo","Ball Lightning+1"],"picked":"Capacitor","floor":38.0},{"not_picked":["Genetic Algorithm","Barrage+1"],"picked":"Meteor Strike+1","floor":40},{"not_picked":["Ball Lightning+1","FTL+1"],"picked":"Core Surge+1","floor":44},{"not_picked":["Gash+1","Rip and Tear+1","Rebound+1"],"picked":"SKIP","floor":45},{"not_picked":["Loop","Tempest"],"picked":"Capacitor","floor":55}],"player_experience":2077893,"relics_obtained":[{"floor":6.0,"key":"DataDisk"},{"floor":8.0,"key":"Bag of Preparation"},{"floor":9.0,"key":"Dream Catcher"},{"floor":14.0,"key":"Shovel"},{"floor":15.0,"key":"Emotion Chip"},{"floor":23.0,"key":"White Beast Statue"},{"floor":25.0,"key":"Girya"},{"floor":26.0,"key":"Mercury Hourglass"},{"floor":28.0,"key":"Ancient Tea Set"},{"floor":31.0,"key":"Molten Egg 2"},{"floor":32.0,"key":"MealTicket"},{"floor":36.0,"key":"Turnip"},{"floor":40,"key":"Shuriken"},{"floor":42,"key":"Gremlin Horn"},{"floor":44,"key":"Calipers"},{"floor":48,"key":"Ginger"},{"floor":49,"key":"Centennial Puzzle"},{"floor":53,"key":"Ornamental Fan"},{"floor":55,"key":"Orichalcum"}],"event_choices":[{"damage_healed":0.0,"max_hp_gain":0.0,"max_hp_loss":0.0,"gold_gain":150.0,"event_name":"Liars Game","player_choice":"AGREE","floor":3.0,"gold_loss":0.0,"damage_taken":0.0,"cards_obtained":["Doubt"]},{"damage_healed":0.0,"max_hp_gain":0.0,"max_hp_loss":0.0,"gold_gain":0.0,"event_name":"FaceTrader","player_choice":"Leave","floor":13.0,"gold_loss":0.0,"damage_taken":0.0},{"damage_healed":0.0,"max_hp_gain":0.0,"max_hp_loss":0.0,"gold_gain":0.0,"cards_transformed":["Strike_B","Strike_B"],"event_name":"Drug Dealer","player_choice":"Became Test Subject","floor":22.0,"gold_loss":0.0,"damage_taken":0.0,"cards_obtained":["Glacier","Defragment"]},{"cards_removed":["Doubt"],"damage_healed":0.0,"max_hp_gain":0.0,"max_hp_loss":0.0,"gold_gain":0.0,"event_name":"Back to Basics","player_choice":"Elegance","floor":29.0,"gold_loss":0.0,"damage_taken":0.0},{"damage_healed":0.0,"max_hp_gain":0.0,"max_hp_loss":0.0,"gold_gain":0.0,"event_name":"The Library","player_choice":"Read","floor":30.0,"gold_loss":0.0,"damage_taken":0.0,"cards_obtained":["Force Field"]},{"damage_healed":0.0,"max_hp_gain":0.0,"max_hp_loss":0.0,"gold_gain":0.0,"event_name":"MindBloom","player_choice":"Fight","floor":36.0,"gold_loss":0.0,"damage_taken":0.0},{"damage_healed":0,"gold_gain":0,"player_choice":"Memory 1","damage_taken":0,"max_hp_gain":0,"max_hp_loss":0,"event_name":"SensoryStone","floor":39,"gold_loss":0},{"damage_healed":0,"gold_gain":0,"player_choice":"Max HP","damage_taken":0,"max_hp_gain":0,"max_hp_loss":4,"event_name":"Winding Halls","floor":46,"gold_loss":0},{"damage_healed":0,"gold_gain":0,"player_choice":"Fight","damage_taken":0,"max_hp_gain":0,"max_hp_loss":0,"event_name":"Mysterious Sphere","floor":48,"gold_loss":0}],"is_beta":false,"boss_relics":[{"not_picked":["Nuclear Battery","Inserter"],"picked":"Cursed Key"},{"not_picked":["Coffee Dripper","Tiny House"],"picked":"SacredBark"}],"items_purged_floors":[5,54],"is_endless":false,"potions_floor_spawned":[2,4,8,11,21,23,25,28,31,33,35,36,37,38,40,44,45,48,55],"ascension_level":20}}