{"host":"qbvxbacgnxuisbbe","time":1611675727,"event":{"mods":["Alarm Clock","BaseMod","Humility","Minty Spire (QoL Compilation)","StSLib"],"gold_per_floor":[99,55,55,55,35,35,35,35,35,35,35,35,35,35,35,35,35,35,35,35,35,35,35,35,5,5,5,5,5,5,5,5,5,5],"floor_reached":33,"language":"ENG","playtime":1563,"items_purged":[],"score":788,"play_id":"27c64f1e-8ba0-4432-8ccb-da23529bd0eb","local_time":"20210126154207","is_ascension_mode":true,"campfire_choices":[{"data":"BattleHymn","floor":12.0,"key":"SMITH"},{"data":"Eruption","floor":15.0,"key":"SMITH"},{"data":"Ghostly","floor":30.0,"key":"SMITH"},{"data":"Ghostly","floor":32.0,"key":"SMITH"}],"circlet_count":0,"master_deck":["AscendersBane","Strike_P","Strike_P","Strike_P","Strike_P","Defend_P+1","Defend_P","Defend_P","Defend_P+1","Eruption+1","Vigilance","ReachHeaven","Scrawl","CutThroughFate","SandsOfTime","ReachHeaven","LikeWater","BattleHymn+1","DeusExMachina","Adaptation","Ghostly","Ghostly+1","Ghostly+1","Vengeance","ClearTheMind+1","Adaptation"],"relics":["Ectoplasm","CloakClasp","Mummified Hand","War Paint","Sozu","Mercury Hourglass","Mango","Akabeko","Letter Opener"],"acts_visited":["Exordium","TheCity"],"potions_floor_usage":[],"damage_taken":[{"damage":2.0,"enemies":"2 Louse","floor":1.0,"turns":2.0},{"damage":0.0,"enemies":"Cultist","floor":3.0,"turns":2.0},{"damage":0.0,"enemies":"Jaw Worm","floor":4.0,"turns":3.0},{"damage":0.0,"enemies":"Gremlin Nob","floor":6.0,"turns":2.0},{"damage":1.0,"enemies":"2 Fungi Beasts","floor":7.0,"turns":2.0},{"damage":15.0,"enemies":"Exordium Wildlife","floor":8.0,"turns":3.0},{"damage":0.0,"enemies":"Looter","floor":10.0,"turns":1.0},{"damage":3.0,"enemies":"Large Slime","floor":11.0,"turns":4.0},{"damage":0.0,"enemies":"Lagavulin","floor":13.0,"turns":3.0},{"damage":8.0,"enemies":"Hexaghost","floor":16.0,"turns":5.0},{"damage":4.0,"enemies":"Shell Parasite","floor":18.0,"turns":3.0},{"damage":0.0,"enemies":"Slavers","floor":23.0,"turns":4.0},{"damage":0.0,"enemies":"Spheric Guardian","floor":24.0,"turns":5.0},{"damage":15.0,"enemies":"Gremlin Leader","floor":25.0,"turns":7.0},{"damage":0.0,"enemies":"Snake Plant","floor":27.0,"turns":3.0},{"damage":0.0,"enemies":"Snecko","floor":28.0,"turns":2.0},{"damage":8.0,"enemies":"Book of Stabbing","floor":29.0,"turns":4.0},{"damage":0.0,"enemies":"Sentry and Sphere","floor":31.0,"turns":3.0},{"damage":29,"enemies":"Collector","floor":33,"turns":6}],"seed_played":"266393200967950116","potions_obtained":[{"floor":3.0,"key":"BlessingOfTheForge"},{"floor":5.0,"key":"ColorlessPotion"},{"floor":8.0,"key":"FearPotion"},{"floor":11.0,"key":"StancePotion"},{"floor":13.0,"key":"FearPotion"}],"is_trial":false,"path_per_floor":["M","?","M","M","?","E","M","M","T","M","M","R","E","?","R","B",null,"M","?","?","$","?","E","M","E","T","M","M","E","R","M","R","B"],"character_chosen":"WATCHER","items_purchased":[],"campfire_rested":0,"item_purchase_floors":[],"current_hp_per_floor":[59,59,59,59,59,59,58,43,43,43,40,40,40,40,40,32,59,55,36,36,36,36,36,36,35,35,35,35,27,27,27,27,0,0],"gold":5,"neow_bonus":"BOSS_RELIC","is_daily":false,"chose_seed":false,"campfire_upgraded":4,"win_rate":0.0,"timestamp":1611675727,"path_taken":["M","?","M","M","?","E","M","M","T","?","M","R","E","?","R","BOSS","M","?","?","?","?","E","M","E","T","M","M","E","R","M","R","BOSS"],"items_purchased_type":[],"build_version":"2020-12-22","purchased_purges":0,"victory":false,"max_hp_per_floor":[68,68,68,68,68,68,68,68,68,68,68,68,68,68,68,68,68,68,73,73,73,36,36,36,50,50,50,50,50,50,50,50,50,50],"card_choices":[{"not_picked":["ThirdEye","BowlingBash"],"picked":"ReachHeaven","floor":1.0},{"not_picked":["PathToVictory","Crescendo"],"picked":"Scrawl","floor":3.0},{"not_picked":["Protect","Weave"],"picked":"CutThroughFate","floor":4.0},{"not_picked":["Establishment","FollowUp"],"picked":"SandsOfTime","floor":6.0},{"not_picked":["BowlingBash","FollowUp"],"picked":"ReachHeaven","floor":7.0},{"not_picked":["FollowUp","Halt","FlurryOfBlows"],"picked":"SKIP","floor":8.0},{"not_picked":["PathToVictory","SandsOfTime"],"picked":"LikeWater","floor":10.0},{"not_picked":["LikeWater","InnerPeace"],"picked":"BattleHymn","floor":11.0},{"not_picked":["EmptyMind","Consecrate","Prostrate"],"picked":"SKIP","floor":13.0},{"not_picked":["Blasphemy","LessonLearned"],"picked":"DeusExMachina","floor":16.0},{"not_picked":["ClearTheMind","Vengeance"],"picked":"Adaptation","floor":18.0},{"not_picked":["Conclude","Protect+1"],"picked":"Vengeance","floor":23.0},{"not_picked":["FlyingSleeves","Swivel","Prostrate"],"picked":"SKIP","floor":24.0},{"not_picked":["FollowUp","Conclude","Worship"],"picked":"SKIP","floor":25.0},{"not_picked":["Meditate","Weave"],"picked":"ClearTheMind+1","floor":27.0},{"not_picked":["InnerPeace","SandsOfTime"],"picked":"Adaptation","floor":28.0},{"not_picked":["ThirdEye","Weave","Pray"],"picked":"SKIP","floor":29.0},{"not_picked":["Collect","ClearTheMind","PathToVictory"],"picked":"SKIP","floor":31.0}],"player_experience":133344,"relics_obtained":[{"floor":6.0,"key":"CloakClasp"},{"floor":9.0,"key":"Mummified Hand"},{"floor":13.0,"key":"War Paint"},{"floor":23.0,"key":"Mercury Hourglass"},{"floor":25.0,"key":"Mango"},{"floor":26.0,"key":"Akabeko"},{"floor":29.0,"key":"Letter Opener"}],"event_choices":[{"damage_healed":0.0,"max_hp_gain":0.0,"max_hp_loss":0.0,"gold_gain":0.0,"event_name":"World of Goop","player_choice":"Left Gold","floor":2.0,"gold_loss":44.0,"damage_taken":0.0},{"damage_healed":0.0,"max_hp_gain":0.0,"max_hp_loss":0.0,"gold_gain":0.0,"event_name":"The Woman in Blue","player_choice":"Bought 1 Potion","floor":5.0,"gold_loss":0.0,"damage_taken":0.0},{"damage_healed":0.0,"max_hp_gain":0.0,"max_hp_loss":0.0,"gold_gain":0.0,"event_name":"Golden Idol","player_choice":"Ignored","floor":14.0,"gold_loss":0.0,"damage_taken":0.0},{"damage_healed":0.0,"max_hp_gain":5.0,"max_hp_loss":0.0,"gold_gain":0.0,"event_name":"Forgotten Altar","player_choice":"Shed Blood","floor":19.0,"gold_loss":0.0,"damage_taken":24.0},{"damage_healed":0.0,"max_hp_gain":0.0,"max_hp_loss":0.0,"gold_gain":50.0,"event_name":"Nest","player_choice":"Stole From Cult","floor":20.0,"gold_loss":0.0,"damage_taken":0.0},{"damage_healed":0.0,"max_hp_gain":0.0,"max_hp_loss":37.0,"gold_gain":0.0,"event_name":"Ghosts","player_choice":"Became a Ghost","floor":22.0,"gold_loss":0.0,"damage_taken":0.0,"cards_obtained":["Ghostly","Ghostly","Ghostly"]}],"is_beta":false,"boss_relics":[{"not_picked":["SlaversCollar","Astrolabe"],"picked":"Sozu"}],"items_purged_floors":[],"is_endless":false,"potions_floor_spawned":[3,8,11,13,18,25,31],"killed_by":"Collector","ascension_level":20,"is_humility":true}}