{"host":"sxnl403xm2xmiyj1","time":1611650086,"event":{"mods":["AchievementEnabler","BaseMod","Colored Map","Keyboard Shortcuts","Minty Spire (QoL Compilation)","Quick Restart","StSLib","SuperFastMode"],"gold_per_floor":[364,8,18,32,107,107,137,152,152,164,164,176,201,28,28,100,100,111,131,131,131,141,141,155,155,180,180,191,206,236,254,254,254,254],"floor_reached":33,"language":"KOR","playtime":704,"items_purged":["Strike_G"],"score":517,"play_id":"c037828e-8ca7-48a1-b765-f26e6332abd0","local_time":"20210126173446","is_ascension_mode":true,"campfire_choices":[{"data":"Prepared","floor":6.0,"key":"SMITH"},{"floor":11.0,"key":"REST"},{"data":"1","floor":15.0,"key":"LIFT"},{"floor":23.0,"key":"REST"},{"data":"2","floor":25.0,"key":"LIFT"},{"floor":27.0,"key":"REST"},{"data":"3","floor":32.0,"key":"LIFT"}],"circlet_count":0,"master_deck":["AscendersBane","Strike_G","Strike_G","Strike_G","Strike_G","Defend_G","Defend_G","Defend_G","Defend_G","Defend_G","Survivor","Neutralize","Blade Dance","Tactician","Prepared+1","Quick Slash","Reflex","Die Die Die","Die Die Die","Masterful Stab","Underhanded Strike","Reflex","PiercingWail","Footwork","Dagger Throw","Slice","Phantasmal Killer","Eviscerate","Dodge and Roll","PiercingWail+1","Sucker Punch","Leg Sweep+1","Reflex+1","Eviscerate","Backflip+1"],"relics":["Ring of the Snake","Anchor","Matryoshka","Art of War","Girya","StrikeDummy","Runic Dome","Toxic Egg 2","Letter Opener"],"acts_visited":["Exordium","TheCity"],"potions_floor_usage":[33,33],"damage_taken":[{"damage":0.0,"enemies":"2 Louse","floor":1.0,"turns":2.0},{"damage":1.0,"enemies":"Small Slimes","floor":3.0,"turns":3.0},{"damage":0.0,"enemies":"Jaw Worm","floor":4.0,"turns":4.0},{"damage":15.0,"enemies":"Gremlin Nob","floor":7.0,"turns":5.0},{"damage":1.0,"enemies":"Exordium Thugs","floor":8.0,"turns":5.0},{"damage":0.0,"enemies":"Large Slime","floor":10.0,"turns":5.0},{"damage":0.0,"enemies":"Looter","floor":12.0,"turns":4.0},{"damage":15.0,"enemies":"Lagavulin","floor":13.0,"turns":4.0},{"damage":27.0,"enemies":"The Guardian","floor":16.0,"turns":15.0},{"damage":11.0,"enemies":"2 Thieves","floor":18.0,"turns":3.0},{"damage":0.0,"enemies":"Shell Parasite","floor":19.0,"turns":4.0},{"damage":8.0,"enemies":"Centurion and Healer","floor":22.0,"turns":3.0},{"damage":19.0,"enemies":"Sentry and Sphere","floor":24.0,"turns":4.0},{"damage":0.0,"enemies":"Snake Plant","floor":28.0,"turns":2.0},{"damage":5.0,"enemies":"Centurion and Healer","floor":29.0,"turns":6.0},{"damage":2.0,"enemies":"Book of Stabbing","floor":30.0,"turns":4.0},{"damage":0.0,"enemies":"Shelled Parasite and Fungi","floor":31.0,"turns":2.0},{"damage":42,"enemies":"Automaton","floor":33,"turns":6}],"seed_played":"3722212117558802685","potions_obtained":[{"floor":3.0,"key":"EssenceOfSteel"},{"floor":4.0,"key":"PowerPotion"},{"floor":10.0,"key":"Strength Potion"},{"floor":13.0,"key":"FairyPotion"},{"floor":19.0,"key":"Ancient Potion"},{"floor":29.0,"key":"Fire Potion"},{"floor":30.0,"key":"LiquidBronze"},{"floor":31.0,"key":"Dexterity Potion"}],"is_trial":false,"path_per_floor":["M","$","M","M","?","R","E","M","T","M","R","M","E","$","R","B",null,"M","M","?","?","M","R","M","R","T","R","M","M","E","M","R","B"],"character_chosen":"THE_SILENT","items_purchased":["Tactician","Prepared","Anchor","Quick Slash","Footwork","Dagger Throw","Slice"],"campfire_rested":3,"item_purchase_floors":[2,2,2,2,14,14,14],"current_hp_per_floor":[44,44,43,43,32,32,17,16,16,16,35,35,20,20,20,19,54,43,43,43,25,17,38,19,19,19,40,40,35,33,33,33,0,0],"gold":254,"neow_bonus":"TWO_FIFTY_GOLD","is_daily":false,"chose_seed":false,"campfire_upgraded":1,"win_rate":0.0,"timestamp":1611650086,"path_taken":["M","$","M","M","?","R","E","M","T","M","R","M","E","$","R","BOSS","M","M","?","?","M","R","M","R","T","R","M","M","E","M","R","BOSS"],"items_purchased_type":["Card","Card","Relic","Card","Card","Card","Card"],"build_version":"2020-12-22","purchased_purges":1,"victory":false,"max_hp_per_floor":[66,66,66,66,66,66,66,66,66,66,66,66,66,66,66,66,66,66,66,66,71,71,71,71,71,71,71,71,71,71,71,71,71,71],"card_choices":[{"not_picked":["Outmaneuver","Poisoned Stab"],"picked":"Blade Dance","floor":1.0},{"not_picked":["Flying Knee","Sucker Punch"],"picked":"Reflex","floor":3.0},{"not_picked":["Bane","Dagger Spray"],"picked":"Die Die Die","floor":4.0},{"not_picked":["Quick Slash","Deadly Poison"],"picked":"Die Die Die","floor":7.0},{"not_picked":["Deadly Poison","Catalyst"],"picked":"Masterful Stab","floor":8.0},{"not_picked":["Concentrate","Deadly Poison"],"picked":"Underhanded Strike","floor":10.0},{"not_picked":["Choke","Dagger Throw"],"picked":"Reflex","floor":12.0},{"not_picked":["Outmaneuver","Dodge and Roll"],"picked":"PiercingWail","floor":13.0},{"not_picked":["Burst","Wraith Form v2"],"picked":"Phantasmal Killer","floor":16.0},{"not_picked":["Heel Hook","Underhanded Strike"],"picked":"Eviscerate","floor":18.0},{"not_picked":["Heel Hook","Slice"],"picked":"Dodge and Roll","floor":19.0},{"not_picked":["Slice","Dagger Spray"],"picked":"PiercingWail+1","floor":22.0},{"not_picked":["Noxious Fumes","Flechettes"],"picked":"Sucker Punch","floor":24.0},{"not_picked":["Skewer","Expertise+1"],"picked":"Leg Sweep+1","floor":28.0},{"not_picked":["Choke","PiercingWail+1"],"picked":"Reflex+1","floor":29.0},{"not_picked":["Predator","Outmaneuver+1"],"picked":"Eviscerate","floor":30.0},{"not_picked":["Deadly Poison+1","Sucker Punch+1"],"picked":"Backflip+1","floor":31.0}],"player_experience":177502,"relics_obtained":[{"floor":7.0,"key":"Matryoshka"},{"floor":9.0,"key":"Art of War"},{"floor":9.0,"key":"Girya"},{"floor":13.0,"key":"StrikeDummy"},{"floor":26.0,"key":"Toxic Egg 2"},{"floor":30.0,"key":"Letter Opener"}],"event_choices":[{"damage_healed":0.0,"max_hp_gain":0.0,"max_hp_loss":0.0,"gold_gain":75.0,"event_name":"World of Goop","player_choice":"Gather Gold","floor":5.0,"gold_loss":0.0,"damage_taken":11.0},{"damage_healed":0.0,"max_hp_gain":0.0,"max_hp_loss":0.0,"gold_gain":0.0,"event_name":"Ghosts","player_choice":"Ignored","floor":20.0,"gold_loss":0.0,"damage_taken":0.0},{"damage_healed":0.0,"max_hp_gain":5.0,"max_hp_loss":0.0,"gold_gain":0.0,"event_name":"Forgotten Altar","player_choice":"Shed Blood","floor":21.0,"gold_loss":0.0,"damage_taken":23.0}],"is_beta":false,"boss_relics":[{"not_picked":["Snecko Eye","Cursed Key"],"picked":"Runic Dome"}],"items_purged_floors":[2],"is_endless":false,"potions_floor_spawned":[3,4,10,13,19,29,30,31],"killed_by":"Automaton","ascension_level":15}}