{"host":"pec1bvkeldr5yzx1","time":1611675666,"event":{"mods":["ATMod(°¢èªMod)","AchievementEnabler","Act Like it!","Aspiration","BaseMod","Better Altar","Better Match","Better Sensory Stone","Better Skull","Better Vampires","BetterRewards","Conspire","Dota2Spire","Energized Spire","Friendly Minions","GifTheSpireLib","Hubris","Minty Spire (QoL Compilation)","Replay The Spire","Spicy Shops","StSLib","Stuff the Spire","SuperFastMode","óô»ðÖ¸ÄÏ"],"gold_per_floor":[118,393,406,426,442,442,473,473,473,530,550,561,596,8,8,8,8],"floor_reached":16,"language":"ZHS","playtime":516,"items_purged":[],"score":213,"play_id":"df776e85-5191-41b1-a699-b43bda651567","local_time":"20210126234106","is_ascension_mode":true,"campfire_choices":[{"floor":6.0,"key":"RECALL"},{"floor":8.0,"key":"REST"},{"floor":15.0,"key":"DIG"}],"circlet_count":0,"master_deck":["Strike_R","Strike_R","Strike_R","Strike_R","Strike_R","Defend_R","Defend_R","Defend_R","Defend_R","Bash","AT_StudyProgram","Wild Strike","hubris:ReadiedAction","Regret","Replay:Undeath\u0027s Touch","Flex","Cleave","Sentinel","Sword Boomerang","Infernal Blade","Impervious","Dropkick","Seeing Red","AT_GerminateFire","hubris:EnhanceAbility"],"relics":["Burning Blood","AT_ATBox","Lantern","Bag of Preparation","StuffTheSpire:Wildfire","Toolbox","Replay:Baseball","PreservedInsect","Onion Ring","Blood Vial","Snack Pack"],"acts_visited":["Exordium"],"potions_floor_usage":[],"damage_taken":[{"damage":6.0,"enemies":"conspire:RoseBush","floor":1.0,"turns":2.0},{"damage":5.0,"enemies":"Cultist","floor":3.0,"turns":3.0},{"damage":6.0,"enemies":"Jaw Worm","floor":4.0,"turns":2.0},{"damage":11.0,"enemies":"Looter","floor":5.0,"turns":2.0},{"damage":8.0,"enemies":"Replay:BlueRogue","floor":7.0,"turns":2.0},{"damage":38.0,"enemies":"Lagavulin","floor":10.0,"turns":4.0},{"damage":6.0,"enemies":"Large Slime","floor":11.0,"turns":4.0},{"damage":0.0,"enemies":"Blue Slaver","floor":12.0,"turns":1.0},{"damage":0.0,"enemies":"Looter","floor":13.0,"turns":1.0},{"damage":43,"enemies":"Hexaghost","floor":16,"turns":5}],"seed_played":"-3067005733786659286","potions_obtained":[{"floor":3.0,"key":"Dota2Spire:HealingSalve"},{"floor":5.0,"key":"Reflective Coating"},{"floor":11.0,"key":"DuplicationPotion"}],"is_trial":false,"path_per_floor":["M","?","M","M","M","R","E","R","T","E","M","M","M","$","R","B"],"character_chosen":"IRONCLAD","items_purchased":["Lantern","Bag of Preparation","Wild Strike","Toolbox","Seeing Red","AT_GerminateFire","Blood Vial","hubris:EnhanceAbility"],"campfire_rested":1,"item_purchase_floors":[0,0,0,0,14,14,14,14],"current_hp_per_floor":[36,36,37,37,32,32,30,54,54,22,22,28,34,34,34,0,0],"gold":8,"neow_bonus":"","is_daily":false,"chose_seed":false,"campfire_upgraded":0,"win_rate":0.0,"timestamp":1611675666,"path_taken":["M","?","M","M","M","R","E","R","T","E","M","?","M","$","R","BOSS"],"items_purchased_type":["Relic","Relic","Card","Relic","Card","Card","Relic","Card"],"build_version":"2020-12-22","purchased_purges":0,"victory":false,"max_hp_per_floor":[80,80,80,80,80,80,80,80,80,80,80,80,80,80,80,80,80],"card_choices":[{"not_picked":["Clash","Uppercut"],"picked":"hubris:ReadiedAction","floor":1.0},{"not_picked":["True Grit","Anger"],"picked":"Replay:Undeath\u0027s Touch","floor":3.0},{"not_picked":["Iron Wave","Warcry"],"picked":"Flex","floor":4.0},{"not_picked":["Twin Strike","Armaments"],"picked":"Cleave","floor":5.0},{"not_picked":["Pummel","Hemokinesis"],"picked":"Sentinel","floor":7.0},{"not_picked":["Havoc","StuffTheSpire:RockThrow"],"picked":"Sword Boomerang","floor":10.0},{"not_picked":["Sword Boomerang","Massacre"],"picked":"Infernal Blade","floor":11.0},{"not_picked":["AT_CaressingTears","Dual Wield"],"picked":"Impervious","floor":12.0},{"not_picked":["Uppercut","Carnage"],"picked":"Dropkick","floor":13.0}],"player_experience":111239,"relics_obtained":[{"floor":7.0,"key":"Replay:Baseball"},{"floor":9.0,"key":"PreservedInsect"},{"floor":10.0,"key":"Onion Ring"},{"floor":15.0,"key":"Snack Pack"}],"event_choices":[{"damage_healed":0.0,"max_hp_gain":0.0,"max_hp_loss":0.0,"gold_gain":275.0,"event_name":"Golden Shrine","player_choice":"Desecrate","floor":2.0,"gold_loss":0.0,"damage_taken":0.0,"cards_obtained":["Regret"]}],"is_beta":false,"boss_relics":[],"items_purged_floors":[],"is_endless":false,"potions_floor_spawned":[3,5,11],"killed_by":"Hexaghost","ascension_level":6}}