{"host":"bxs3jtgw91tf0zca","time":1611628648,"event":{"mods":["AchievementEnabler","Act Like it!","BaseMod","Challenge The Spire","Colored Map","Colored Powertips","GifTheSpireLib","Hubris","Minty Spire (QoL Compilation)","Replay The Spire","StSLib","Stuff the Spire","SuperFastMode","???mod?????"],"gold_per_floor":[119,129,148,73,18,43,43,70,70,83,83,83,114,138,138,211,211,226,226,276,287,287,287,315,315,369,383,418,418,28,43,43,117,117,129,129,129,29,29,58,58,77,101,101,136,155,155,166,166,166],"floor_reached":51,"language":"ENG","playtime":3846,"items_purged":["Strike_Black","Defend_Black"],"score":1205,"play_id":"42f43147-5a46-4382-a287-34b77b2d35ac","local_time":"20210125233728","is_ascension_mode":true,"campfire_choices":[{"data":"SharpCut_Black","floor":7.0,"key":"SMITH"},{"floor":12.0,"key":"REST"},{"data":"Pot Of Greed","floor":15.0,"key":"SMITH"},{"data":"Pot Of Greed","floor":23.0,"key":"SMITH"},{"floor":25.0,"key":"REST"},{"data":"DarkRepulser_Black","floor":32.0,"key":"SMITH"},{"floor":41.0,"key":"REST"},{"data":"SunBlade_Black","floor":44.0,"key":"SMITH"},{"data":"WartimeReply_Black","floor":49.0,"key":"SMITH"}],"circlet_count":0,"master_deck":["AscendersBane","Strike_Black+1","Strike_Black+1","Defend_Black+1","Defend_Black+1","Observe_Black+1","Attacker_Black+1","SharpCut_Black+1","PrewarPrepare_Black+1","Defender_Black+1","Pot Of Greed+1","Beater_Black+1","Pot Of Greed+1","DarkRepulser_Black+1","SwordDance_Black+1","BrokenRibs_Black+1","Finesse+1","Elucidator_Black+1","PrewarPrepare_Black+1","SunBlade_Black+1","WartimeReply_Black+1","Kiriko_Black+1"],"relics":["StuffTheSpire:OccultApparatus","Aincard","Pear","ReplayTheSpireMod:Lightbulb","StuffTheSpire:ForceGauntlet","Grinning Jar","Odd Mushroom","Replay:Bronze Core","MutagenicStrength","Orichalcum","hubris:ToyBattleship","hubris:SlimyHat","Meat on the Bone","Mark of the Bloom","Art of War","Omamori","Kunai","Chameleon Ring"],"acts_visited":["Exordium","TheCity","TheBeyond"],"potions_floor_usage":[50],"damage_taken":[{"damage":0.0,"enemies":"Cultist","floor":1.0,"turns":4.0},{"damage":0.0,"enemies":"2 Louse","floor":2.0,"turns":4.0},{"damage":0.0,"enemies":"Jaw Worm","floor":3.0,"turns":4.0},{"damage":42.0,"enemies":"Gremlin Nob","floor":6.0,"turns":6.0},{"damage":15.0,"enemies":"3 Sentries","floor":8.0,"turns":10.0},{"damage":10.0,"enemies":"Large Slime","floor":10.0,"turns":5.0},{"damage":0.0,"enemies":"Lagavulin","floor":13.0,"turns":6.0},{"damage":2.0,"enemies":"The Mushroom Lair","floor":14.0,"turns":5.0},{"damage":2.0,"enemies":"Fading Forest","floor":16.0,"turns":11.0},{"damage":10.0,"enemies":"2 Thieves","floor":18.0,"turns":3.0},{"damage":0.0,"enemies":"Chosen","floor":21.0,"turns":8.0},{"damage":42.0,"enemies":"Slavers","floor":24.0,"turns":7.0},{"damage":2.0,"enemies":"Snake Plant","floor":27.0,"turns":5.0},{"damage":7.0,"enemies":"Book of Stabbing","floor":28.0,"turns":7.0},{"damage":3.0,"enemies":"Centurion and Healer","floor":31.0,"turns":7.0},{"damage":9.0,"enemies":"Pondfish","floor":33.0,"turns":9.0},{"damage":3.0,"enemies":"3 Darklings","floor":35.0,"turns":6.0},{"damage":0.0,"enemies":"R_Hoarder","floor":40.0,"turns":7.0},{"damage":2.0,"enemies":"3 Shapes","floor":42.0,"turns":3.0},{"damage":23.0,"enemies":"Reptomancer","floor":45.0,"turns":5.0},{"damage":29.0,"enemies":"Jaw Worm Horde","floor":46.0,"turns":5.0},{"damage":0.0,"enemies":"3 Darklings","floor":48.0,"turns":5.0},{"damage":6,"enemies":"Replay:Hell Engine","floor":50,"turns":9}],"seed_played":"4293942411935261752","potions_obtained":[{"floor":2.0,"key":"Regen Potion"},{"floor":3.0,"key":"GamblersBrew"},{"floor":10.0,"key":"DistilledChaos"},{"floor":14.0,"key":"Adrenaline Potion"},{"floor":21.0,"key":"Dexterity Potion"},{"floor":27.0,"key":"Adrenaline Potion"},{"floor":45.0,"key":"BlessingOfTheForge"}],"is_trial":false,"path_per_floor":["M","M","M","$","$","E","R","E","T","M","?","R","E","?","R","B",null,"M","?","?","M","?","R","E","R","T","M","E","?","$","M","R","B",null,"M","?","?","$","?","E","R","M","T","R","E","M","T","M","R","B",null],"character_chosen":"THE_KIRITO","items_purchased":["PrewarPrepare_Black","Finesse","Meat on the Bone"],"campfire_rested":3,"item_purchase_floors":[5,30,30],"current_hp_per_floor":[68,68,68,68,68,44,44,29,29,19,19,42,42,40,40,46,70,60,51,51,51,51,51,9,32,32,30,23,23,23,32,32,35,67,64,64,64,64,64,64,64,62,62,62,39,10,10,10,10,4],"gold":166,"neow_bonus":"REMOVE_TWO","is_daily":false,"chose_seed":false,"campfire_upgraded":6,"win_rate":0.0,"timestamp":1611628648,"path_taken":["M","M","?","?","$","E","R","E","T","M","?","R","E","?","R","BOSS","M","?","?","M","?","R","E","R","T","M","E","?","$","M","R","BOSS","M","?","?","$","?","E","R","M","T","R","E","M","?","M","R","BOSS"],"items_purchased_type":["Card","Card","Relic"],"build_version":"2020-12-22","purchased_purges":2,"victory":true,"max_hp_per_floor":[68,68,68,68,68,78,78,78,78,78,78,78,78,78,78,78,78,78,78,78,78,78,78,78,78,78,78,78,78,78,78,78,78,78,78,78,74,74,74,74,74,74,74,74,74,74,74,74,74,74],"card_choices":[{"not_picked":["SmokeScreen_Black","Thrust_Black"],"picked":"Attacker_Black","floor":1.0},{"not_picked":["StarSpatter_Black","SmokeScreen_Black","CuttingEdge_Black"],"picked":"SKIP","floor":2.0},{"not_picked":["Stab_Black","Exercise1_Black"],"picked":"SharpCut_Black","floor":3.0},{"not_picked":["Kiriko_Black","MentalSkills_Black","Track_Black"],"picked":"SKIP","floor":6.0},{"not_picked":["Intimidate_Black","Exercise2_Black","SmokeScreen_Black"],"picked":"SKIP","floor":8.0},{"not_picked":["Injury_Black","ThespeedofsoundToattack_Black"],"picked":"Defender_Black","floor":10.0},{"not_picked":["Exercise2_Black","Defender_Black"],"picked":"Beater_Black","floor":13.0},{"not_picked":["DoubleSword_Black","TrueLove_Black"],"picked":"DarkRepulser_Black","floor":16.0},{"not_picked":["FlashPuncture_Black","StarSpatter_Black"],"picked":"SwordDance_Black","floor":18.0},{"not_picked":["SelfCongested_Black","StrengthTransform_Black","Attacker_Black"],"picked":"SKIP","floor":21.0},{"not_picked":["CureCrystal_Black","Attacker_Black","WeakHit_Black"],"picked":"SKIP","floor":24.0},{"not_picked":["FlashPuncture_Black","Guard_Black"],"picked":"BrokenRibs_Black+1","floor":27.0},{"not_picked":["DexterityTransform_Black","CureCrystal_Black","Defender_Black+1"],"picked":"SKIP","floor":28.0},{"not_picked":["Guard_Black","SpiritCrash_Black","DoubleCut_Black"],"picked":"SKIP","floor":31.0},{"not_picked":["Eclipse_Black","DarkRepulser_Black"],"picked":"Elucidator_Black","floor":33.0},{"not_picked":["Stab_Black","BrokenRibs_Black"],"picked":"PrewarPrepare_Black+1","floor":35.0},{"not_picked":["StarBurstStream_Black","Intimidate_Black","WeakHit_Black"],"picked":"SKIP","floor":40.0},{"not_picked":["Ghost_Black+1","BrokenRibs_Black"],"picked":"SunBlade_Black","floor":42.0},{"not_picked":["SelfCongested_Black","LevelUp_Black"],"picked":"WartimeReply_Black","floor":45.0},{"not_picked":["Stab_Black+1","Exercise2_Black+1","PrewarPrepare_Black"],"picked":"SKIP","floor":46.0},{"not_picked":["SunBlade_Black","DoubleCut_Black"],"picked":"Kiriko_Black+1","floor":48.0}],"player_experience":392167,"relics_obtained":[{"floor":6.0,"key":"Pear"},{"floor":8.0,"key":"ReplayTheSpireMod:Lightbulb"},{"floor":9.0,"key":"StuffTheSpire:ForceGauntlet"},{"floor":13.0,"key":"Grinning Jar"},{"floor":14.0,"key":"Odd Mushroom"},{"floor":24.0,"key":"Orichalcum"},{"floor":26.0,"key":"hubris:ToyBattleship"},{"floor":28.0,"key":"hubris:SlimyHat"},{"floor":40.0,"key":"Art of War"},{"floor":43.0,"key":"Omamori"},{"floor":45.0,"key":"Kunai"},{"floor":47.0,"key":"Chameleon Ring"}],"event_choices":[{"damage_healed":0.0,"max_hp_gain":0.0,"max_hp_loss":0.0,"gold_gain":0.0,"event_name":"Mushrooms","player_choice":"Fought Mushrooms","floor":14.0,"gold_loss":0.0,"damage_taken":0.0},{"damage_healed":0.0,"max_hp_gain":0.0,"max_hp_loss":0.0,"gold_gain":0.0,"event_name":"Cursed Tome","player_choice":"Stopped","floor":19.0,"gold_loss":0.0,"damage_taken":9.0},{"damage_healed":0.0,"max_hp_gain":0.0,"max_hp_loss":0.0,"gold_gain":50.0,"event_name":"Nest","player_choice":"Stole From Cult","floor":20.0,"gold_loss":0.0,"damage_taken":0.0},{"damage_healed":0.0,"max_hp_gain":0.0,"max_hp_loss":0.0,"gold_gain":0.0,"event_name":"Drug Dealer","player_choice":"Inject Mutagens","floor":22.0,"gold_loss":0.0,"damage_taken":0.0,"relics_obtained":["MutagenicStrength"]},{"damage_healed":0.0,"max_hp_gain":0.0,"max_hp_loss":4.0,"gold_gain":0.0,"event_name":"Winding Halls","player_choice":"Max HP","floor":37.0,"gold_loss":0.0,"damage_taken":0.0},{"damage_healed":0.0,"max_hp_gain":0.0,"max_hp_loss":0.0,"gold_gain":0.0,"event_name":"MindBloom","player_choice":"Upgrade","floor":39.0,"gold_loss":0.0,"damage_taken":0.0,"cards_upgraded":["Strike_Black","Strike_Black","Defend_Black","Defend_Black","Attacker_Black","PrewarPrepare_Black","Defender_Black","Beater_Black","SwordDance_Black","Finesse","Elucidator_Black"],"relics_obtained":["Mark of the Bloom"]}],"is_beta":false,"boss_relics":[{"not_picked":["Tiny House","Velvet Choker"],"picked":"Replay:Bronze Core"},{"not_picked":["hubris:GrandSneckoEye","Snecko Eye","ChewingGum"]}],"items_purged_floors":[4,38],"is_endless":false,"potions_floor_spawned":[2,3,10,14,16,21,27,28,40,45],"ascension_level":18}}