{"host":"4beu4narw43z8fnn","time":1611658431,"event":{"mods":["2.2 Compatiblity","AchievementEnabler","Act Like it!","BaseMod","Better Match","Better Note","Better Skull","Better Third Choice","BetterRewards","Colored Map","Colored Powertips","Conspire","Downfall","Gensokyo","Hermit","Highlight Path","Hubris","Jorbs\u0027s Wanderer Trilogy","Minty Spire (QoL Compilation)","Pale of the Ancients","Quick Restart","Random Character Button","Rare Cards Sparkle","Reorder Act Four","StSLib","Synergy Search","The Animator","The Construct","The Cursed","The Gatherer","The Jungle","The Marked","The Runesmith","The Servant 0.9.4","The Showman","Trackpad","Wandering Minibosses"],"gold_per_floor":[99,110,125,125,145,160,242,142,52,81,81,107,126,159,170,273,273,273,273,283,298,298,298,325,325,337,337,337,68,142,172,185,283,283,283,300,320,370,370,107,130,230,230,250,343,343,368,383,400,400,400,400],"floor_reached":50,"language":"ENG","playtime":5578,"items_purged":["hexamod:Defend","hexamod:Strike","hexamod:Strike"],"score":534,"play_id":"d42a374d-4a78-491b-8243-9fc35a849448","local_time":"20210126055351","is_ascension_mode":false,"campfire_choices":[{"data":"hexamod:Sear","floor":1,"key":"SMITH"},{"data":"hexamod:BurningTouch","floor":8,"key":"SMITH"},{"data":"hexamod:SoulSteal","floor":18,"key":"SMITH"},{"data":"hexamod:HeatCrush","floor":23,"key":"SMITH"},{"data":"hexamod:GhostflameBarrier","floor":25,"key":"SMITH"},{"data":"hexamod:ThermalTransfer","floor":27,"key":"SMITH"},{"data":"hexamod:ExtraCrispy","floor":35,"key":"SMITH"},{"floor":43,"key":"REST"},{"floor":46,"key":"REST"}],"circlet_count":0,"master_deck":["hexamod:Strike+1","hexamod:Strike+1","hexamod:Defend+1","hexamod:Defend+1","hexamod:Sear+1","hexamod:ThermalTransfer+1","hexamod:BurningTouch+1","hexamod:GhostflameBarrier+1","hexamod:PhantomFireball","hexamod:SoulSteal+1","hexamod:WildfireWeapon+1","hexamod:HeatMetal","hexamod:HeatCrush+1","hexamod:TimeOfNeed+1","hexamod:StepThrough","hexamod:ExtraCrispy+1","hubris:DuctTapeCard+1","hexamod:SixthSeal","hexamod:HeatShield+1","hubris:NaturalOne"],"relics":["hexamod:SpiritBrand","downfall:HeartBlessingBlue","Art of War","trackpad:HandOfMidas","Anchor","Necronomicon","War Paint","Lee\u0027s Waffle","hubris:DuctTape","SacredBark","Ice Cream","hubris:Icosahedron","Centennial Puzzle","wanderingMiniBosses:CarrionFlame","MealTicket"],"acts_visited":["Exordium","TheCity","TheBeyond"],"potions_floor_usage":[12,15,16,33,33,33,50,50,50,50,50],"damage_taken":[{"damage":5,"enemies":"Small Slimes","floor":2,"turns":4},{"damage":0,"enemies":"Cultist","floor":3,"turns":3},{"damage":0,"enemies":"2 Louse","floor":5,"turns":3},{"damage":26,"enemies":"Exordium Thugs","floor":6,"turns":7},{"damage":0,"enemies":"downfall:FleeingMerchant","floor":9,"turns":4},{"damage":8,"enemies":"3 Sentries","floor":10,"turns":10},{"damage":9,"enemies":"Gremlin Nob","floor":12,"turns":5},{"damage":0,"enemies":"Large Slime","floor":13,"turns":3},{"damage":1,"enemies":"Lagavulin","floor":14,"turns":5},{"damage":17,"enemies":"2 Fungi Beasts","floor":15,"turns":6},{"damage":31,"enemies":"DF_ARCHETYPE_STREAMLINE","floor":16,"turns":9},{"damage":0,"enemies":"3 Byrds","floor":20,"turns":3},{"damage":8,"enemies":"Spheric Guardian","floor":21,"turns":4},{"damage":0,"enemies":"Snecko","floor":26,"turns":5},{"damage":15,"enemies":"downfall:FleeingMerchant","floor":29,"turns":4},{"damage":0,"enemies":"Chosen and Byrds","floor":30,"turns":3},{"damage":2,"enemies":"Book of Stabbing","floor":31,"turns":3},{"damage":5,"enemies":"3 Cultists","floor":32,"turns":6},{"damage":44,"enemies":"IC_MUSHROOM_ARCHETYPE","floor":33,"turns":8},{"damage":27,"enemies":"3 Darklings","floor":36,"turns":6},{"damage":0,"enemies":"3 Shapes","floor":37,"turns":3},{"damage":45,"enemies":"2 Orb Walkers","floor":38,"turns":4},{"damage":0,"enemies":"downfall:FleeingMerchant","floor":40,"turns":4},{"damage":6,"enemies":"Jaw Worm Horde","floor":44,"turns":6},{"damage":10,"enemies":"Maw","floor":45,"turns":5},{"damage":41,"enemies":"conspire:MimicChest","floor":47,"turns":6},{"damage":0,"enemies":"Sphere and 2 Shapes","floor":48,"turns":3},{"damage":0,"enemies":"Spire Growth","floor":49,"turns":3},{"damage":58,"enemies":"WA_ARCHETYPE_DIVINITY","floor":50,"turns":5}],"seed_played":"-2381874101753107511","potions_obtained":[{"floor":3,"key":"sneckomod:MuddlingPotion"},{"floor":6,"key":"conspire:TimeTravelPotion"},{"floor":10,"key":"Weak Potion"},{"floor":15,"key":"SkillPotion"},{"floor":16,"key":"Ancient Potion"},{"floor":20,"key":"EssenceOfSteel"},{"floor":30,"key":"Swift Potion"},{"floor":31,"key":"hexamod:EctoCoolerPotion"},{"floor":37,"key":"Strength Potion"},{"floor":45,"key":"EntropicBrew"},{"floor":48,"key":"DuplicationPotion"}],"is_trial":false,"path_per_floor":["R","M","M","?","M","M","T","R","$","E","?","E","M","E","M","B",null,"R","?","M","M","?","R","T","R","M","R","?","$","M","E","M","B",null,"R","M","M","?","?","$","T","?","R","M","M","R","?","M","M","B"],"character_chosen":"THE_SPIRIT","items_purchased":["Lee\u0027s Waffle","LiquidMemories","Block Potion"],"campfire_rested":2,"item_purchase_floors":[29,40,40],"current_hp_per_floor":[77,72,72,72,72,46,46,56,56,48,48,39,39,38,38,7,87,87,79,79,71,55,55,55,55,55,55,55,94,94,92,87,43,94,94,67,67,22,22,22,22,22,50,44,34,62,21,21,21,0,0,0],"gold":400,"neow_bonus":"TEN_PERCENT_HP_BONUS","is_daily":false,"chose_seed":false,"campfire_upgraded":7,"win_rate":0.0,"timestamp":1611658431,"path_taken":["R","M","M","?","?","M","T","R","$","E","?","E","M","E","M","BOSS","R","?","?","M","?","R","T","R","M","R","?","$","M","E","M","BOSS","R","M","M","?","?","$","T","?","R","M","?","R","?","M","M","BOSS"],"items_purchased_type":["Relic","Potion","Potion"],"build_version":"2020-12-22","purchased_purges":3,"victory":false,"max_hp_per_floor":[77,77,77,77,77,77,77,87,87,87,87,87,87,87,87,87,87,87,87,87,87,87,87,87,87,87,87,87,94,94,94,94,94,94,94,94,94,94,94,94,94,94,94,94,94,94,94,94,94,94,94,94],"card_choices":[{"not_picked":["hexamod:ShieldOfDarkness","hexamod:GhostShield"],"picked":"hexamod:ThermalTransfer","floor":2},{"not_picked":["hexamod:ThermalTransfer","hexamod:CatchUp"],"picked":"hexamod:BurningTouch","floor":3},{"not_picked":["hexamod:NecessarySacrifice","hexamod:NightmareGuise"],"picked":"hexamod:GhostflameBarrier","floor":5},{"not_picked":["hexamod:ShieldOfDarkness","hexamod:PhantomCloak"],"picked":"hexamod:PhantomFireball","floor":6},{"not_picked":["hexamod:RetreatToShadows","hexamod:RecurringNightmare","hexamod:ThermalTransfer"],"picked":"SKIP","floor":9},{"not_picked":["hexamod:FourthSeal","hexamod:ParanormalForm"],"picked":"hexamod:SoulSteal","floor":10},{"not_picked":["hexamod:GhostLash","hexamod:BurningTouch","hexamod:Haunt"],"picked":"SKIP","floor":12},{"not_picked":["hexamod:SpectersWail","hexamod:CatchUp"],"picked":"hexamod:WildfireWeapon","floor":13},{"not_picked":["hexamod:SwordOfDarkness","hexamod:SpectersWail"],"picked":"hexamod:HeatMetal","floor":14},{"not_picked":["hexamod:Hexaguard","hexamod:Firestarter"],"picked":"hexamod:HeatCrush","floor":15},{"not_picked":["hexamod:WildfireWeapon","hexamod:GhostOfSpirePresent"],"picked":"hexamod:TimeOfNeed","floor":16},{"not_picked":["hexamod:GhostShield","hexamod:BurningTouch"],"picked":"hexamod:StepThrough","floor":20},{"not_picked":["hexamod:BacktrackSmack","hexamod:HauntingEcho","hexamod:Firestarter+1"],"picked":"SKIP","floor":21},{"not_picked":["hexamod:CatchUp+1","hexamod:ChargedBarrage","hexamod:NightmareStrike"],"picked":"SKIP","floor":26},{"not_picked":["hexamod:Firestarter","hexamod:HeatShield","hexamod:RetreatToShadows"],"picked":"SKIP","floor":29},{"not_picked":["hexamod:SoulSteal+1","hexamod:FastForward"],"picked":"hexamod:ExtraCrispy","floor":30},{"not_picked":["hexamod:SpectersWail","hexamod:Hexaguard","hexamod:SoulSteal+1"],"picked":"SKIP","floor":31},{"not_picked":["hexamod:SpectersWail+1","hexamod:ParanormalForm","hexamod:RecurringNightmare"],"picked":"SKIP","floor":32},{"not_picked":["hexamod:FifthSeal","hexamod:GhostOfSpirePresent"],"picked":"hexamod:SixthSeal","floor":33},{"not_picked":["hexamod:NightmareStrike+1","hexamod:SwordOfDarkness","hexamod:Again+1"],"picked":"SKIP","floor":36},{"not_picked":["hexamod:SwordOfDarkness","hexamod:FourthSeal","hexamod:BacktrackSmack+1"],"picked":"SKIP","floor":37},{"not_picked":["hexamod:RecurringNightmare","hexamod:HeatMetal+1"],"picked":"hexamod:HeatShield+1","floor":38},{"not_picked":["hexamod:StepThrough","hexamod:HeatMetal","hexamod:ThermalTransfer"],"picked":"SKIP","floor":40},{"not_picked":["hexamod:ExtraCrispy","hexamod:HauntingEcho","hexamod:GhostShield"],"picked":"SKIP","floor":44},{"not_picked":["hexamod:ExtraCrispy","hexamod:HauntingEcho","hexamod:GhostShield"],"picked":"SKIP","floor":44},{"not_picked":["hexamod:DynamicBlow","hexamod:Incineration","hexamod:GhostLash+1"],"picked":"SKIP","floor":45},{"not_picked":["hexamod:FastForward+1","hexamod:SwordOfDarkness","hexamod:AdvancingGuard"],"picked":"SKIP","floor":48},{"not_picked":["hexamod:FifthSeal","hexamod:GhostOfSpirePast","hexamod:SpectersWail+1"],"picked":"SKIP","floor":49}],"player_experience":504297,"relics_obtained":[{"floor":10,"key":"Art of War"},{"floor":12,"key":"trackpad:HandOfMidas"},{"floor":14,"key":"Anchor"},{"floor":22,"key":"Necronomicon"},{"floor":24,"key":"War Paint"},{"floor":31,"key":"hubris:DuctTape"},{"floor":38,"key":"Ice Cream"},{"floor":41,"key":"Centennial Puzzle"},{"floor":44,"key":"wanderingMiniBosses:CarrionFlame"},{"floor":47,"key":"MealTicket"}],"event_choices":[{"damage_healed":0,"gold_gain":0,"player_choice":"Ignored","damage_taken":0,"max_hp_gain":0,"max_hp_loss":0,"event_name":"betterNote:BetterNote","floor":4,"gold_loss":0,"cards_obtained":["expansioncontent:QuickStudy"]},{"damage_healed":0,"gold_gain":0,"player_choice":"Fight","damage_taken":0,"max_hp_gain":0,"max_hp_loss":0,"event_name":"Mysterious Sphere","floor":38,"gold_loss":0}],"is_beta":false,"boss_relics":[{"not_picked":["Philosopher\u0027s Stone","Runic Dome","Runesmith:UraniumAnvil"]},{"not_picked":["Runic Pyramid","Calling Bell"],"picked":"SacredBark"}],"items_purged_floors":[9,29,40],"is_endless":false,"potions_floor_spawned":[3,6,10,15,16,20,30,31,37,45,48,49],"killed_by":"WA_ARCHETYPE_DIVINITY","ascension_level":0}}