{"host":"2n2g1vowfllvjtvi","time":1611672114,"event":{"mods":["AchievementEnabler","BaseMod","Custom Start","GifTheSpireLib","Keyboard Shortcuts","Minty Spire (QoL Compilation)","Quick Restart","Rare Cards Sparkle","StSLib","SuperFastMode"],"gold_per_floor":[113,38,38,38,54,84,84,110,133,133,167,186,196,229,229,229,229],"floor_reached":16,"language":"KOR","playtime":258,"items_purged":["Strike_R"],"score":214,"play_id":"3e5b5107-3b87-4a27-9acf-ec66ab563e1d","local_time":"20210126234154","is_ascension_mode":true,"campfire_choices":[{"data":"Body Slam","floor":7.0,"key":"SMITH"},{"data":"Ghostly Armor","floor":10.0,"key":"SMITH"},{"data":"Strike_R","floor":15,"key":"PURGE"}],"circlet_count":0,"master_deck":["Strike_R","Strike_R","Defend_R","Defend_R","Defend_R","Defend_R","Bash","Body Slam+1","Ghostly Armor+1"],"relics":["Burning Blood","NeowsBlessing","Dream Catcher","Lizard Tail","CeramicFish","Boot","Peace Pipe"],"acts_visited":["Exordium"],"potions_floor_usage":[14,16,16],"damage_taken":[{"damage":0.0,"enemies":"2 Louse","floor":1.0,"turns":1.0},{"damage":0.0,"enemies":"Small Slimes","floor":5.0,"turns":1.0},{"damage":0.0,"enemies":"Gremlin Nob","floor":6.0,"turns":1.0},{"damage":30.0,"enemies":"3 Sentries","floor":8.0,"turns":11.0},{"damage":19.0,"enemies":"Lagavulin","floor":11.0,"turns":9.0},{"damage":0.0,"enemies":"Cultist","floor":12.0,"turns":4.0},{"damage":11.0,"enemies":"3 Louse","floor":13.0,"turns":4.0},{"damage":28,"enemies":"Gremlin Nob","floor":14,"turns":4},{"damage":28,"enemies":"The Guardian","floor":16,"turns":11}],"seed_played":"3877221488466519216","potions_obtained":[{"floor":8.0,"key":"Energy Potion"},{"floor":13.0,"key":"DuplicationPotion"},{"floor":14,"key":"AttackPotion"}],"is_trial":false,"path_per_floor":["M","$","?","?","M","E","R","E","T","R","E","M","M","E","R","B"],"character_chosen":"IRONCLAD","items_purchased":[],"campfire_rested":0,"item_purchase_floors":[],"current_hp_per_floor":[78,78,78,78,80,80,80,56,56,56,43,49,44,22,22,40,40],"gold":229,"neow_bonus":"THREE_ENEMY_KILL","is_daily":false,"chose_seed":false,"campfire_upgraded":2,"win_rate":0.0,"timestamp":1611672114,"path_taken":["M","$","?","?","M","E","R","E","T","R","E","M","M","E","R","BOSS"],"items_purchased_type":[],"build_version":"2020-12-22","purchased_purges":1,"victory":false,"max_hp_per_floor":[80,80,80,80,80,80,80,80,80,80,80,80,80,80,80,80,80],"card_choices":[{"not_picked":["Heavy Blade","Metallicize"],"picked":"Body Slam","floor":1.0},{"not_picked":["Perfected Strike","Sword Boomerang","Ghostly Armor"],"picked":"SKIP","floor":5.0},{"not_picked":["Perfected Strike","Sword Boomerang"],"picked":"Ghostly Armor","floor":5.0},{"not_picked":["Sentinel","Bloodletting","Rampage"],"picked":"SKIP","floor":6.0},{"not_picked":["Rupture","Sever Soul","Fire Breathing"],"picked":"SKIP","floor":8.0},{"not_picked":["Brutality","Inflame","Metallicize"],"picked":"SKIP","floor":11.0},{"not_picked":["Anger","Cleave","Thunderclap"],"picked":"SKIP","floor":12.0},{"not_picked":["Armaments","Heavy Blade","Clash"],"picked":"SKIP","floor":13.0},{"not_picked":["Armaments","Clothesline","Havoc"],"picked":"SKIP","floor":14}],"player_experience":211958,"relics_obtained":[{"floor":6.0,"key":"Dream Catcher"},{"floor":8.0,"key":"Lizard Tail"},{"floor":9.0,"key":"CeramicFish"},{"floor":11.0,"key":"Boot"},{"floor":14,"key":"Peace Pipe"}],"event_choices":[{"cards_removed":["Strike_R"],"damage_healed":0.0,"max_hp_gain":0.0,"max_hp_loss":0.0,"gold_gain":0.0,"event_name":"Living Wall","player_choice":"Forget","floor":3.0,"gold_loss":0.0,"damage_taken":0.0},{"damage_healed":0.0,"max_hp_gain":0.0,"max_hp_loss":0.0,"gold_gain":0.0,"event_name":"Liars Game","player_choice":"Ignored","floor":4.0,"gold_loss":0.0,"damage_taken":0.0}],"is_beta":false,"boss_relics":[],"items_purged_floors":[2],"is_endless":false,"potions_floor_spawned":[8,13,14],"killed_by":"The Guardian","ascension_level":8}}