{"host":"9slw7l0ws16384qq","time":1611681517,"event":{"mods":["A Penny For Your Troubles","BaseMod","Clockwork Mod","Colored Map","Evolution","Hermit","Hubris","Minty Spire (QoL Compilation)","Replay The Spire","Shedinja","StS++","StSLib","The Dragon Tamer","The Marked","TheSurvivalist"],"gold_per_floor":[114,114,129,54,54,54,54,93,119,136,13,13,29,29,29,124,124,140,93,93,57,8,8,35,35,62,62,76,93,111,129,129,227,227,240,42,57,57,68,68,97,97,124,142,142,142,242,255,255,256],"floor_reached":51,"language":"FRA","playtime":1918,"items_purged":["survmod:Strike","survmod:Strike"],"score":608,"play_id":"9fa903d8-9612-46f8-9583-a64e4c284414","local_time":"20210126181837","is_ascension_mode":false,"campfire_choices":[{"data":"survmod:VersatileOffense","floor":6,"key":"SMITH"},{"data":"survmod:GoForFace","floor":12,"key":"SMITH"},{"data":"survmod:Strike","floor":15,"key":"SMITH"},{"data":"survmod:GoForFace","floor":23,"key":"SMITH"},{"data":"survmod:GoForFace","floor":25,"key":"SMITH"},{"data":"survmod:VersatilePower","floor":32,"key":"SMITH"},{"data":"survmod:GoForFace","floor":40,"key":"SMITH"},{"data":"survmod:ConcussiveShot","floor":42,"key":"SMITH"},{"floor":45,"key":"REST"},{"data":"survmod:Strike","floor":49,"key":"SMITH"}],"circlet_count":0,"master_deck":["Shedinja:FocusSash+1","survmod:Strike+1","survmod:Strike+1","survmod:Defend+1","survmod:Defend+1","survmod:VersatileOffense+1","survmod:Sprint+1","survmod:GoForFace+1","survmod:GoForFace+1","survmod:AcidTrap+1","survmod:GoForFace+1","survmod:VersatilePower+1","survmod:AcidTrap+1","survmod:ConcussiveShot+1","survmod:GoForFace+1"],"relics":["survmod:InnateMutation","EVO:Axolotl","TungstenRod","War Paint","Pantograph","Painkiller Herb","Replay:Wax Seal","Boot","Mercury Hourglass","hubris:RunicObelisk","hubris:EmptyBottle","Omamori","Akabeko"],"acts_visited":["Exordium","TheCity","TheBeyond"],"potions_floor_usage":[50,50,50,50,50,50],"damage_taken":[{"damage":0,"enemies":"Small Slimes","floor":1,"turns":4},{"damage":0,"enemies":"Cultist","floor":3,"turns":4},{"damage":0,"enemies":"2 Louse","floor":10,"turns":3},{"damage":0,"enemies":"Large Slime","floor":13,"turns":4},{"damage":8,"enemies":"Slime Boss","floor":16,"turns":8},{"damage":0,"enemies":"Spheric Guardian","floor":18,"turns":3},{"damage":2,"enemies":"Book of Stabbing","floor":24,"turns":5},{"damage":0,"enemies":"Chosen","floor":28,"turns":3},{"damage":0,"enemies":"Sentry and Sphere","floor":29,"turns":4},{"damage":4,"enemies":"3 Cultists","floor":30,"turns":4},{"damage":3,"enemies":"Snecko","floor":31,"turns":4},{"damage":0,"enemies":"Collector","floor":33,"turns":7},{"damage":0,"enemies":"Orb Walker","floor":35,"turns":3},{"damage":3,"enemies":"3 Shapes","floor":37,"turns":4},{"damage":4,"enemies":"Writhing Mass","floor":39,"turns":5},{"damage":9,"enemies":"Nemesis","floor":41,"turns":6},{"damage":3,"enemies":"Spire Growth","floor":44,"turns":4},{"damage":0,"enemies":"3 Darklings","floor":48,"turns":5},{"damage":3,"enemies":"Replay:Hell Engine","floor":50,"turns":8}],"seed_played":"8902090337557950881","potions_obtained":[{"floor":1,"key":"PowerPotion"},{"floor":3,"key":"LifebloodPotion"},{"floor":24,"key":"FearPotion"},{"floor":35,"key":"PowerPotion"}],"is_trial":false,"path_per_floor":["M","?","M","$","?","R","?","?","T","M","$","R","M","?","R","B",null,"?","T","?","T","T","T","E","T","T","?","?","?","?","?","T","B",null,"?","T","?","T","?","T","E","T","T","?","T","T","?","?","T","B",null],"character_chosen":"THE_SURVIVOR","items_purchased":["survmod:GoForFace","survmod:GoForFace","survmod:AcidTrap+1","survmod:GoForFace","hubris:EmptyBottle","PowerPotion"],"campfire_rested":1,"item_purchase_floors":[11,19,21,22,36,36],"current_hp_per_floor":[55,55,55,55,55,55,55,42,42,42,42,42,42,42,42,47,55,55,55,55,55,55,55,53,53,53,53,53,53,49,46,46,55,55,55,55,52,52,48,48,39,39,39,36,52,52,52,52,52,52],"gold":256,"neow_bonus":"TEN_PERCENT_HP_BONUS","is_daily":false,"chose_seed":false,"campfire_upgraded":9,"win_rate":0.0,"timestamp":1611681517,"path_taken":["M","?","M","?","?","R","?","?","T","M","$","R","?","?","R","BOSS","?","T","?","?","T","T","E","T","T","?","?","?","?","?","T","BOSS","?","T","?","?","?","T","E","T","T","?","T","T","?","?","T","BOSS"],"items_purchased_type":["Card","Card","Card","Card","Relic","Potion"],"build_version":"2020-12-22","purchased_purges":2,"victory":true,"max_hp_per_floor":[55,55,55,55,55,55,55,55,55,55,55,55,55,55,55,55,55,55,55,55,55,55,55,55,55,55,55,55,55,55,55,55,55,55,55,55,55,55,55,55,55,55,55,55,55,55,55,55,55,55],"card_choices":[{"not_picked":["survmod:AimForTheLiver","survmod:RejectWeakness","survmod:FenceTrap"],"picked":"SKIP","floor":1},{"not_picked":["survmod:SwiftKick","survmod:BearTrap","survmod:SimpleMutation"],"picked":"SKIP","floor":3},{"not_picked":["survmod:PinningSnipe","survmod:MarkTrap","survmod:LeapingShot"],"picked":"SKIP","floor":10},{"not_picked":["survmod:DuckAndFlare","survmod:ExplosiveTrap","survmod:UnfortunateEscape"],"picked":"SKIP","floor":13},{"not_picked":["survmod:HailOfArrows","survmod:PinningSnipe"],"picked":"survmod:AcidTrap","floor":18},{"not_picked":["survmod:UnleashTheTraps","survmod:NockAnArrow","survmod:QuickDash"],"picked":"SKIP","floor":24},{"not_picked":["survmod:TacticalManeuver","survmod:UnfortunateEscape","survmod:WalledOffTraps"],"picked":"SKIP","floor":28},{"not_picked":["survmod:TrickShot","survmod:LongShot"],"picked":"survmod:VersatilePower","floor":29},{"not_picked":["survmod:MarkTrap","survmod:QuickDash+1"],"picked":"survmod:AcidTrap+1","floor":30},{"not_picked":["survmod:ExplosiveTrap","survmod:SkillfulManeuver","survmod:UnfortunateEscape"],"picked":"SKIP","floor":31},{"not_picked":["survmod:MarkedForDeath","survmod:MutantEnergy"],"picked":"survmod:ConcussiveShot","floor":33},{"not_picked":["survmod:PinningSnipe+1","survmod:AimForTheLiver"],"picked":"survmod:GoForFace","floor":35},{"not_picked":["survmod:FocusedFire","survmod:HiddenTactic+1","survmod:PoisonTrap"],"picked":"SKIP","floor":37},{"not_picked":["survmod:ComplexMutation","survmod:Hawkeye+1","survmod:UnfortunateEscape"],"picked":"SKIP","floor":39},{"not_picked":["survmod:MarkTrap","survmod:Hawkeye","survmod:PinningSnipe"],"picked":"SKIP","floor":41},{"not_picked":["survmod:SwiftKick","survmod:TwinShot+1","survmod:LeapingShot"],"picked":"SKIP","floor":44},{"not_picked":["survmod:HailOfArrows+1","survmod:FenceTrap+1","survmod:PinningSnipe+1"],"picked":"SKIP","floor":48}],"player_experience":1847717,"relics_obtained":[{"floor":8,"key":"TungstenRod"},{"floor":9,"key":"War Paint"},{"floor":24,"key":"Replay:Wax Seal"},{"floor":26,"key":"Boot"},{"floor":41,"key":"Omamori"},{"floor":43,"key":"Akabeko"}],"event_choices":[{"cards_removed":["survmod:Defend"],"damage_healed":0,"gold_gain":0,"player_choice":"Purged","damage_taken":0,"max_hp_gain":0,"max_hp_loss":0,"event_name":"Purifier","floor":2,"gold_loss":0},{"cards_removed":["survmod:Defend"],"damage_healed":0,"gold_gain":0,"player_choice":"Forget","damage_taken":0,"max_hp_gain":0,"max_hp_loss":0,"event_name":"Living Wall","floor":7,"gold_loss":0},{"damage_healed":0,"gold_gain":0,"player_choice":"Ignored","damage_taken":0,"max_hp_gain":0,"max_hp_loss":0,"event_name":"Transmorgrifier","floor":20,"gold_loss":0},{"cards_removed":["survmod:AcidTrap"],"damage_healed":0,"gold_gain":0,"player_choice":"Gave Card","damage_taken":0,"relics_obtained":["Mercury Hourglass"],"max_hp_gain":0,"max_hp_loss":0,"event_name":"WeMeetAgain","floor":27,"gold_loss":0},{"damage_healed":0,"gold_gain":100,"player_choice":"Pray","damage_taken":0,"max_hp_gain":0,"max_hp_loss":0,"event_name":"Golden Shrine","floor":47,"gold_loss":0}],"is_beta":false,"boss_relics":[{"not_picked":["hubris:VirtuousBlindfold","Snecko Eye"],"picked":"Painkiller Herb"},{"not_picked":["Runic Pyramid","StSpp:CrystalBall"],"picked":"hubris:RunicObelisk"}],"items_purged_floors":[4,11],"is_endless":false,"potions_floor_spawned":[1,3,24,28,29,35,39,48],"ascension_level":0}}