{"host":"qdfumeom6htv8yxl","time":1611698968,"event":{"mods":["AchievementEnabler","BaseMod","Bestiary","Block Reminder","Minty Spire (QoL Compilation)","Quick Restart","Relic Stats"],"gold_per_floor":[112,35,50,50,50,82,82,96,123,145,189,217,244,273,273,355,418,430,362,201,211,221,221,221],"floor_reached":23,"language":"ENG","playtime":4617,"items_purged":[],"score":449,"play_id":"118b4c33-92fe-48d6-96c8-eb4944bbf87a","local_time":"20210126160928","is_ascension_mode":true,"campfire_choices":[{"data":"Defragment","floor":7.0,"key":"SMITH"},{"data":"Hologram","floor":15.0,"key":"SMITH"}],"circlet_count":0,"master_deck":["AscendersBane","Zap","Dualcast","Glacier","Defragment+1","Barrage","Doom and Gloom","Compile Driver","Rebound","Self Repair","Hologram+1","Ball Lightning","Coolheaded","Biased Cognition","Blizzard","Skim","FTL","Ball Lightning","Multi-Cast","Defragment","Force Field"],"relics":["Cracked Core","NeowsBlessing","Bronze Scales","CeramicFish","Lantern","Pandora\u0027s Box","Ice Cream","DataDisk"],"acts_visited":["Exordium","TheCity"],"potions_floor_usage":[16,18],"damage_taken":[{"damage":0.0,"enemies":"Jaw Worm","floor":1.0,"turns":1.0},{"damage":0.0,"enemies":"Cultist","floor":3.0,"turns":1.0},{"damage":0.0,"enemies":"Lagavulin","floor":6.0,"turns":1.0},{"damage":15.0,"enemies":"2 Louse","floor":8.0,"turns":2.0},{"damage":1.0,"enemies":"Red Slaver","floor":10.0,"turns":3.0},{"damage":8.0,"enemies":"3 Sentries","floor":11.0,"turns":6.0},{"damage":1.0,"enemies":"Exordium Wildlife","floor":12.0,"turns":5.0},{"damage":2.0,"enemies":"2 Fungi Beasts","floor":13.0,"turns":3.0},{"damage":1.0,"enemies":"Lots of Slimes","floor":14.0,"turns":3.0},{"damage":17,"enemies":"Hexaghost","floor":16,"turns":8},{"damage":3,"enemies":"Spheric Guardian","floor":18,"turns":2},{"damage":33,"enemies":"Shell Parasite","floor":21,"turns":4},{"damage":28,"enemies":"Snake Plant","floor":22,"turns":3},{"damage":0,"enemies":"Gremlin Leader","floor":23,"turns":1}],"seed_played":"-1967836760997421808","potions_obtained":[{"floor":8.0,"key":"GamblersBrew"},{"floor":10.0,"key":"AttackPotion"},{"floor":11.0,"key":"Dexterity Potion"},{"floor":13.0,"key":"PotionOfCapacity"},{"floor":16,"key":"DistilledChaos"}],"is_trial":false,"path_per_floor":["M","$","M","$","?","E","R","M","T","M","E","M","M","M","R","B",null,"M","?","$","M","M","E"],"character_chosen":"DEFECT","items_purchased":["Defragment","DataDisk"],"campfire_rested":0,"item_purchase_floors":[2,20],"current_hp_per_floor":[64,64,64,64,64,64,64,49,49,48,40,46,51,50,50,40,63,60,60,60,34,6,6,6],"gold":221,"neow_bonus":"THREE_ENEMY_KILL","is_daily":false,"chose_seed":false,"campfire_upgraded":2,"win_rate":0.0,"timestamp":1611698968,"path_taken":["M","$","M","$","?","E","R","M","T","M","E","M","M","M","R","BOSS","M","?","$","M","M","E"],"items_purchased_type":["Card","Relic"],"build_version":"2020-12-22","purchased_purges":0,"victory":false,"max_hp_per_floor":[71,71,71,71,71,71,71,71,71,71,71,71,71,71,71,71,71,71,71,71,71,71,71,71],"relic_stats":{"counters":[14,43],"Bronze Scales":[115],"CeramicFish":117,"Pandora\u0027s Box":["Blizzard","Skim","FTL","Ball Lightning","Multi-Cast","Defragment","Force Field"],"obtain_stats":[{"Ice Cream":19,"Lantern":11,"DataDisk":20,"NeowsBlessing":0,"Bronze Scales":6,"CeramicFish":9,"Pandora\u0027s Box":17,"Cracked Core":0},{"Ice Cream":11,"Lantern":6,"DataDisk":11,"NeowsBlessing":0,"Bronze Scales":3,"CeramicFish":4,"Pandora\u0027s Box":10,"Cracked Core":0},{"Ice Cream":35,"Lantern":14,"DataDisk":35,"NeowsBlessing":0,"Bronze Scales":3,"CeramicFish":5,"Pandora\u0027s Box":33,"Cracked Core":0}]},"card_choices":[{"not_picked":["Hologram","Go for the Eyes"],"picked":"Glacier","floor":1.0},{"not_picked":["Lockon","Steam Power"],"picked":"Barrage","floor":3.0},{"not_picked":["FTL","White Noise"],"picked":"Doom and Gloom","floor":6.0},{"not_picked":["Cold Snap","Reprogram"],"picked":"Compile Driver","floor":8.0},{"not_picked":["BootSequence","Conserve Battery"],"picked":"Rebound","floor":10.0},{"not_picked":["All For One","Streamline"],"picked":"Self Repair","floor":11.0},{"not_picked":["Storm","Leap"],"picked":"Hologram","floor":12.0},{"not_picked":["Gash","Compile Driver"],"picked":"Ball Lightning","floor":13.0},{"not_picked":["Static Discharge","Gash"],"picked":"Coolheaded","floor":14.0},{"not_picked":["Meteor Strike","Amplify"],"picked":"Biased Cognition","floor":16},{"not_picked":["Force Field","Compile Driver","Gash"],"picked":"SKIP","floor":18},{"not_picked":["Leap","Aggregate","BootSequence"],"picked":"SKIP","floor":21},{"not_picked":["Reprogram","Recycle","Rebound"],"picked":"SKIP","floor":22}],"player_experience":1841930,"relics_obtained":[{"floor":6.0,"key":"Bronze Scales"},{"floor":9.0,"key":"CeramicFish"},{"floor":11.0,"key":"Lantern"}],"event_choices":[{"cards_removed":["Defend_B"],"damage_healed":0.0,"max_hp_gain":0.0,"max_hp_loss":0.0,"gold_gain":0.0,"event_name":"Bonfire Elementals","player_choice":"Offered Basic","floor":5.0,"gold_loss":0.0,"damage_taken":0.0},{"damage_healed":0,"gold_gain":0,"player_choice":"Paid Gold","damage_taken":0,"relics_obtained":["Ice Cream"],"max_hp_gain":0,"max_hp_loss":0,"event_name":"WeMeetAgain","floor":19,"gold_loss":68}],"is_beta":false,"boss_relics":[{"not_picked":["Coffee Dripper","Ectoplasm"],"picked":"Pandora\u0027s Box"}],"items_purged_floors":[],"is_endless":false,"potions_floor_spawned":[8,10,11,13,14,16],"killed_by":"Gremlin Leader","ascension_level":19}}