{"host":"ve5hox67eka4rdnb","time":1611668363,"event":{"mods":["ATMod(∞¢Ë™Mod)","Act Like it!","BaseMod","Decade(Õı–°√˜)","Downfall","Gensokyo","Hermit","Lobotomy","LobotomyExtend","Marisa£®ÏF”Í°°ƒß¿Ì…≥£©","Minty Spire (QoL Compilation)","Reimu£®≤©¿ˆ¡È√Œ£©","Remilia£®¿Ÿ√◊¿Ú—«£©","Replay The Spire","StSLib","The Cursed","The Servant 0.9.4"],"gold_per_floor":[115,115,115,115,133,163,163,263,263,274,274,285,299,318,318,417,417,429,443,457,467,477,477,477,487,487,487,515,515,440,460,460,562,562,572,586,598,598,614,614,614,614,614,614,664,677,677,677,677,677,677],"floor_reached":50,"language":"ZHS","playtime":4667,"items_purged":[],"score":526,"play_id":"90be5b65-03bc-4bcb-9305-82e8a34016dd","local_time":"20210126213923","is_ascension_mode":false,"campfire_choices":[],"circlet_count":0,"master_deck":["SpecialBullet","SpecialBullet","SpecialBullet","SpecialBullet","SpecialBullet","SpecialBullet","SpecialBullet","InformationCode","SecurityCode","TrainingCode","AT_FamilyPortrait","OSAHOGD","Pot Of Greed","Pot Of Greed","Logging","VoidDream","MeatLantern","WristCuter","Heaven","SpecialBullet","BeautyBeast","SpecialBullet","UniverseFragment","Pot Of Greed","Tough","ControlCode","Hornet","LaLuna","WristCuter","TT2Protocol","Harvest","Heaven","GreenStem+1","BlackSwan","ParadiseLost","Pot Of Greed","SolemnVow+1","SummonCall","HeroicMonk","Lamp+3","Ecstasy","WelfareCode","Ecstasy","DisciplinaryCode","Gaze+1","GoldRush","Tough","Pot Of Greed","SwordSharpenedByTears"],"relics":["CogitoBucket","AT_ATBox","Boot","LetterFromLob","ShedSkin_r","Gaze_r","AT_EbonyIvory","Grinning Jar","Empty Cage","TreeSap","The Courier","Red Mask","AtMidnight","AdjustmentMirror","Prayer Wheel","Replay:Bronze Core","Question Card","Replay:PocketPolymizer"],"acts_visited":["Exordium","TheCity","TheBeyond"],"potions_floor_usage":[12,16,21,28,31,33,39,41,41,46,50],"damage_taken":[{"damage":0,"enemies":"Small Slimes","floor":1,"turns":2},{"damage":28,"enemies":"Small Slimes","floor":2,"turns":4},{"damage":4,"enemies":"2 Louse","floor":5,"turns":2},{"damage":28,"enemies":"Lagavulin","floor":6,"turns":4},{"damage":0,"enemies":"Cultist","floor":10,"turns":2},{"damage":4,"enemies":"Blue Slaver","floor":12,"turns":1},{"damage":13,"enemies":"3 Louse","floor":13,"turns":3},{"damage":0,"enemies":"Large Slime","floor":14,"turns":4},{"damage":5,"enemies":"Hexaghost","floor":16,"turns":6},{"damage":5,"enemies":"Spheric Guardian","floor":18,"turns":3},{"damage":5,"enemies":"Chosen","floor":19,"turns":3},{"damage":14,"enemies":"3 Cultists","floor":20,"turns":7},{"damage":9,"enemies":"Centurion and Healer","floor":21,"turns":5},{"damage":15,"enemies":"Shelled Parasite and Fungi","floor":22,"turns":5},{"damage":16,"enemies":"Snake Plant","floor":25,"turns":4},{"damage":4,"enemies":"Masked Bandits","floor":28,"turns":4},{"damage":11,"enemies":"3 Cultists","floor":31,"turns":18},{"damage":32,"enemies":"Champ","floor":33,"turns":10},{"damage":14,"enemies":"3 Darklings","floor":35,"turns":4},{"damage":14,"enemies":"3 Shapes","floor":36,"turns":4},{"damage":7,"enemies":"Sphere and 2 Shapes","floor":37,"turns":3},{"damage":23,"enemies":"4 Shapes","floor":39,"turns":5},{"damage":0,"enemies":"Nemesis","floor":41,"turns":1},{"damage":13,"enemies":"Mind Bloom Boss Battle","floor":45,"turns":5},{"damage":0,"enemies":"3 Darklings","floor":46,"turns":3},{"damage":17,"enemies":"Time Eater","floor":50,"turns":3}],"seed_played":"-7092264241792776572","potions_obtained":[{"floor":1,"key":"champ:CounterPotion"},{"floor":10,"key":"Strength Potion"},{"floor":20,"key":"Adrenaline Potion"},{"floor":22,"key":"FearPotion"},{"floor":25,"key":"champ:CounterPotion"},{"floor":31,"key":"PowerPotion"},{"floor":36,"key":"DistilledChaos"},{"floor":38,"key":"Dexterity Potion"},{"floor":39,"key":"Strength Potion"},{"floor":45,"key":"PowerPotion"}],"is_trial":false,"path_per_floor":["M","?","?","?","M","E","R","?","T","M","R","M","M","M","R","B",null,"M","M","M","M","M","R","?","M","T","R","?","R","?","M","R","B",null,"M","M","M","?","M","R","E","R","T","R","?","M","R","?","R","B"],"character_chosen":"Angela","items_purchased":[],"campfire_rested":0,"item_purchase_floors":[],"current_hp_per_floor":[70,32,29,29,33,19,19,19,19,33,33,45,56,70,70,74,74,74,74,60,65,64,64,64,62,62,62,72,72,72,78,78,60,78,78,82,82,82,73,73,82,82,82,82,82,82,82,82,82,65,65],"gold":677,"neow_bonus":"RANDOM_COMMON_RELIC","is_daily":false,"chose_seed":false,"campfire_upgraded":0,"win_rate":0.0,"timestamp":1611668363,"path_taken":["M","?","?","?","M","E","R","?","T","?","R","M","M","M","R","BOSS","M","M","M","M","M","R","?","M","T","R","?","R","?","M","R","BOSS","M","M","M","?","?","R","E","R","T","R","?","M","R","?","R","BOSS"],"items_purchased_type":[],"build_version":"2020-12-22","purchased_purges":0,"victory":false,"max_hp_per_floor":[70,74,74,74,74,74,74,74,74,74,74,74,74,74,74,74,74,74,74,74,74,74,74,74,74,74,74,74,74,74,78,78,78,78,78,82,82,82,82,82,82,82,82,82,82,82,82,82,82,82,82],"card_choices":[{"not_picked":["CherryBlossoms","LittleHelper"],"picked":"ShyLook","floor":1},{"not_picked":["Penitence","Wingbeat"],"picked":"SKIP","floor":1},{"not_picked":["WristCuter","FourthMatchFlame"],"picked":"SKIP","floor":5},{"not_picked":["Rudolta","DreamingCurrent"],"picked":"OSAHOGD","floor":6},{"not_picked":["TheSmile"],"picked":"Logging","floor":6},{"not_picked":["Scorched","PunishingBird"],"picked":"VoidDream","floor":10},{"not_picked":["SomewhereSpear","WristCuter"],"picked":"SKIP","floor":10},{"not_picked":["DreamingCurrent","MHz"],"picked":"MeatLantern","floor":12},{"not_picked":["FeatherOfHonor"],"picked":"WristCuter","floor":12},{"not_picked":["Harmony"],"picked":"Heaven","floor":13},{"not_picked":["Tough","SolemnVow"],"picked":"SKIP","floor":14},{"not_picked":["MHz","QueenOfHatred"],"picked":"BeautyBeast","floor":16},{"not_picked":["DaCapo"],"picked":"Justitia","floor":16},{"not_picked":["GreedKing","FairyFestival"],"picked":"UniverseFragment","floor":18},{"not_picked":["CherryBlossom"],"picked":"Tough","floor":18},{"not_picked":["HappyTeddy","WallGazer"],"picked":"Rudolta","floor":19},{"not_picked":["Loneliness","SomewhereSpear"],"picked":"SKIP","floor":19},{"not_picked":["Wingbeat","Loneliness"],"picked":"SKIP","floor":20},{"not_picked":["InTheNameOfLoveAndHate+1"],"picked":"Hornet","floor":21},{"not_picked":["QueenBee","Scorched"],"picked":"LaLuna","floor":22},{"not_picked":["SwordSharpenedByTears"],"picked":"WristCuter","floor":22},{"not_picked":["Noise"],"picked":"Heaven","floor":25},{"not_picked":["Soda"],"picked":"GreenStem+1","floor":28},{"not_picked":["CherryBlossoms","RedShoes"],"picked":"BlackSwan","floor":31},{"not_picked":["Soda","TodaysExpression"],"picked":"SKIP","floor":31},{"not_picked":["CENSORED_ego"],"picked":"ParadiseLost","floor":33},{"not_picked":["FeatherOfHonor"],"picked":"SolemnVow+1","floor":35},{"not_picked":["Tough+1","Harmony"],"picked":"SKIP","floor":35},{"not_picked":["Scorched","SilentOrchestra"],"picked":"HeroicMonk","floor":36},{"not_picked":["Beak"],"picked":"Lamp+1","floor":36},{"not_picked":["Lantern","Discord"],"picked":"SKIP","floor":36},{"not_picked":["Soda"],"picked":"Ecstasy","floor":37},{"not_picked":["CrimsonScar+1","TheSmile"],"picked":"SKIP","floor":37},{"not_picked":["TodaysExpression+1"],"picked":"Ecstasy","floor":39},{"not_picked":["BlackSwan_ego","Wingbeat"],"picked":"SKIP","floor":39},{"not_picked":["Loneliness","Soda"],"picked":"Gaze+1","floor":46},{"not_picked":["SomewhereSpear","Soda"],"picked":"GoldRush","floor":46}],"player_experience":183790,"relics_obtained":[{"floor":1,"key":"LetterFromLob"},{"floor":6,"key":"Grinning Jar"},{"floor":26,"key":"The Courier"},{"floor":28,"key":"Red Mask"},{"floor":31,"key":"AtMidnight"},{"floor":43,"key":"Question Card"},{"floor":45,"key":"Replay:PocketPolymizer"}],"event_choices":[{"damage_healed":0,"gold_gain":0,"player_choice":"Success","damage_taken":3,"relics_obtained":["AT_EbonyIvory"],"max_hp_gain":0,"max_hp_loss":0,"event_name":"Scrap Ooze","floor":3,"gold_loss":0},{"damage_healed":0,"gold_gain":0,"player_choice":"Ignored","damage_taken":0,"max_hp_gain":0,"max_hp_loss":0,"event_name":"Liars Game","floor":4,"gold_loss":0},{"damage_healed":0,"gold_gain":100,"player_choice":"Pray","damage_taken":0,"max_hp_gain":0,"max_hp_loss":0,"event_name":"Golden Shrine","floor":8,"gold_loss":0},{"damage_healed":0,"gold_gain":0,"player_choice":"Read","damage_taken":0,"max_hp_gain":0,"max_hp_loss":0,"event_name":"The Library","floor":24,"gold_loss":0,"cards_obtained":["Harvest"]},{"damage_healed":0,"gold_gain":0,"player_choice":"Fought Bandits","damage_taken":0,"max_hp_gain":0,"max_hp_loss":0,"event_name":"Masked Bandits","floor":28,"gold_loss":0},{"cards_removed":["Justitia"],"damage_healed":0,"gold_gain":0,"player_choice":"Gave Gold","damage_taken":0,"max_hp_gain":0,"max_hp_loss":0,"event_name":"Beggar","floor":30,"gold_loss":75},{"damage_healed":0,"gold_gain":0,"player_choice":"Got Potions","damage_taken":0,"max_hp_gain":0,"max_hp_loss":0,"event_name":"Lab","floor":38,"gold_loss":0},{"damage_healed":0,"gold_gain":0,"player_choice":"Fight","damage_taken":0,"max_hp_gain":0,"max_hp_loss":0,"event_name":"MindBloom","floor":45,"gold_loss":0},{"damage_healed":0,"gold_gain":0,"player_choice":"1 cards matched","damage_taken":0,"max_hp_gain":0,"max_hp_loss":0,"event_name":"Match and Keep!","floor":48,"gold_loss":0,"cards_obtained":["Lantern"]}],"is_beta":false,"boss_relics":[{"not_picked":["Runic Pyramid","Replay:Drink Me"],"picked":"Empty Cage"},{"not_picked":["Cursed Key","bronze:MakeshiftBattery"],"picked":"Replay:Bronze Core"}],"items_purged_floors":[],"is_endless":false,"potions_floor_spawned":[1,2,10,20,22,25,31,36,39,41,45],"killed_by":"Time Eater","ascension_level":0}}