{"host":"nbyw9l72shd4wdzc","time":1611643865,"event":{"mods":["Act Like it!","BaseMod","Better Note","BetterRewards","Dio Mod","Downfall","Gold Saver","Hermit","Minty Spire (QoL Compilation)","Rare Cards Sparkle","Robot Space Explorer","StSLib","The Alterego","The Cursed","TheHero"],"gold_per_floor":[1073,597,617,635,635,668,668,723,777,777,727,727,535,548,548,651,651,666,682,732,743,762,788,788,805,831,845,67,67,86,118,118,214,264,277,327,327,347,366,397,397,427,498,532,542,542,560,378,378,378],"floor_reached":51,"language":"ENG","playtime":3836,"items_purged":["RobotSpaceExplorer:Strike","RobotSpaceExplorer:Strike","RobotSpaceExplorer:Defend","RobotSpaceExplorer:Strike","RobotSpaceExplorer:Defend+1"],"score":852,"play_id":"dc478c79-df37-4d44-bcb4-ee11c60aced7","local_time":"20210125225105","is_ascension_mode":false,"campfire_choices":[{"data":"RobotSpaceExplorer:PowerGlove","floor":7.0,"key":"SMITH"},{"data":"RobotSpaceExplorer:ToxicBomb","floor":10.0,"key":"SMITH"},{"data":"RobotSpaceExplorer:Pulsar","floor":12.0,"key":"SMITH"},{"floor":15.0,"key":"REST"},{"data":"RobotSpaceExplorer:Accelerator","floor":24,"key":"SMITH"},{"data":"RobotSpaceExplorer:PowerCollector","floor":29,"key":"SMITH"},{"data":"RobotSpaceExplorer:TrailblazerForm","floor":32,"key":"SMITH"},{"data":"RobotSpaceExplorer:Strike","floor":41,"key":"PURGE"},{"data":"RobotSpaceExplorer:Accelerator","floor":46,"key":"SMITH"},{"data":"RobotSpaceExplorer:ExhaustFan","floor":49,"key":"SMITH"}],"circlet_count":0,"master_deck":["RobotSpaceExplorer:Scan+1","RobotSpaceExplorer:MiniLasers","RobotSpaceExplorer:PowerGlove+1","RobotSpaceExplorer:StunGrenade","RobotSpaceExplorer:FreezeRay","RobotSpaceExplorer:Pulsar+1","RobotSpaceExplorer:ToxicBomb+1","RobotSpaceExplorer:Discharger","RobotSpaceExplorer:MiniDrones","RobotSpaceExplorer:Smokescreen+1","RobotSpaceExplorer:MiniBoosters","RobotSpaceExplorer:Accelerator+1","RobotSpaceExplorer:Jetpack+1","RobotSpaceExplorer:MiniBoosters","RobotSpaceExplorer:TurboDodge+1","RobotSpaceExplorer:RigExplosive+1","RobotSpaceExplorer:PlasmaMissile","RobotSpaceExplorer:Blaster+1","RobotSpaceExplorer:StarLightning+1","RobotSpaceExplorer:PowerCollector+1","RobotSpaceExplorer:FranticSearch+1","RobotSpaceExplorer:TrailblazerForm+1","RobotSpaceExplorer:Asteroid+1","RobotSpaceExplorer:FreezeRay+1","RobotSpaceExplorer:GearShield+1","RobotSpaceExplorer:MetalStrike+1","RobotSpaceExplorer:Accelerator+1","RobotSpaceExplorer:ExhaustFan+1","RobotSpaceExplorer:GlueShot+1"],"relics":["RobotSpaceExplorer:TurboCore","RobotSpaceExplorer:ClockworkSextant","ClockworkSouvenir","Thread and Needle","Bag of Marbles","Lee\u0027s Waffle","Blood Vial","Nunchaku","Toxic Egg 2","RobotSpaceExplorer:FoglandsKnife","Oddly Smooth Stone","War Paint","OrangePellets","Matryoshka","Toy Ornithopter","Mummified Hand","Tiny House","Peace Pipe","RobotSpaceExplorer:PlasmaHourglass","Slimebound:PreparedRelic","StrikeDummy","The Courier","Letter Opener"],"acts_visited":["Exordium","TheCity","TheBeyond"],"potions_floor_usage":[25,27,30,31,31,33,33,33,33,35,38,39,40,42,44,44,47,50,50,50],"damage_taken":[{"damage":0.0,"enemies":"Cultist","floor":1.0,"turns":3.0},{"damage":0.0,"enemies":"Small Slimes","floor":3.0,"turns":3.0},{"damage":0.0,"enemies":"Jaw Worm","floor":4.0,"turns":1.0},{"damage":4.0,"enemies":"Lagavulin","floor":6.0,"turns":6.0},{"damage":11.0,"enemies":"Gremlin Nob","floor":8.0,"turns":4.0},{"damage":3.0,"enemies":"Looter","floor":14.0,"turns":2.0},{"damage":13.0,"enemies":"Slime Boss","floor":16.0,"turns":6.0},{"damage":0.0,"enemies":"Chosen","floor":18.0,"turns":4.0},{"damage":0.0,"enemies":"3 Byrds","floor":19.0,"turns":3.0},{"damage":0.0,"enemies":"Snake Plant","floor":21.0,"turns":4.0},{"damage":0.0,"enemies":"Chosen and Byrds","floor":22.0,"turns":5.0},{"damage":15.0,"enemies":"Book of Stabbing","floor":23.0,"turns":5.0},{"damage":2,"enemies":"3 Cultists","floor":25,"turns":5},{"damage":0,"enemies":"Snecko","floor":27,"turns":7},{"damage":0,"enemies":"Cultist and Chosen","floor":30,"turns":4},{"damage":0,"enemies":"Gremlin Leader","floor":31,"turns":4},{"damage":0,"enemies":"Collector","floor":33,"turns":4},{"damage":0,"enemies":"3 Shapes","floor":35,"turns":1},{"damage":2,"enemies":"Mind Bloom Boss Battle","floor":36,"turns":4},{"damage":0,"enemies":"3 Darklings","floor":38,"turns":2},{"damage":7,"enemies":"Writhing Mass","floor":39,"turns":4},{"damage":3,"enemies":"Nemesis","floor":40,"turns":5},{"damage":0,"enemies":"Giant Head","floor":42,"turns":6},{"damage":11,"enemies":"Nemesis","floor":44,"turns":4},{"damage":3,"enemies":"Maw","floor":45,"turns":4},{"damage":0,"enemies":"Transient","floor":47,"turns":5},{"damage":14,"enemies":"Awakened One","floor":50,"turns":6}],"seed_played":"-3352263000521061251","potions_obtained":[{"floor":3.0,"key":"LiquidBronze"},{"floor":6.0,"key":"EntropicBrew"},{"floor":8.0,"key":"Slimebound:ThreeZeroPotion"},{"floor":16.0,"key":"Swift Potion"},{"floor":25,"key":"SpeedPotion"},{"floor":34,"key":"DistilledChaos"},{"floor":40,"key":"Block Potion"}],"is_trial":false,"path_per_floor":["M","$","M","M","?","E","R","?","T","R","?","R","$","M","R","B",null,"M","M","?","M","M","E","R","M","T","M","$","R","M","E","R","B",null,"M","?","?","M","M","E","R","E","T","E","M","R","M","$","R","B",null],"character_chosen":"RobotSpaceExplorer","items_purchased":["RobotSpaceExplorer:ClockworkSextant","ClockworkSouvenir","RobotSpaceExplorer:PowerGlove","Lee\u0027s Waffle","Blood Vial","RobotSpaceExplorer:FreezeRay","RobotSpaceExplorer:Pulsar","RobotSpaceExplorer:MiniBoosters","OrangePellets","Matryoshka","Toy Ornithopter","RobotSpaceExplorer:PowerCollector","RobotSpaceExplorer:GlueShot+1"],"campfire_rested":1,"item_purchase_floors":[0,0,0,2,2,2,2,13,28,28,28,28,48],"current_hp_per_floor":[40,82,82,82,82,78,78,69,69,69,69,69,69,68,82,69,82,82,82,82,82,82,67,67,67,67,69,69,69,76,82,82,82,87,87,85,85,87,80,84,84,87,87,76,75,75,82,82,82,79],"gold":378,"neow_bonus":"","is_daily":false,"chose_seed":false,"campfire_upgraded":8,"win_rate":0.0,"timestamp":1611643865,"path_taken":["M","$","M","?","?","E","R","?","T","R","?","R","$","M","R","BOSS","M","M","?","M","M","E","R","M","T","M","$","R","M","E","R","BOSS","M","?","?","M","M","E","R","E","T","E","M","R","M","$","R","BOSS"],"items_purchased_type":["Relic","Relic","Card","Relic","Relic","Card","Card","Card","Relic","Relic","Relic","Card","Card"],"build_version":"2020-12-22","purchased_purges":5,"victory":true,"max_hp_per_floor":[75,82,82,82,82,82,82,82,82,82,82,82,82,82,82,82,82,82,82,82,82,82,82,82,82,82,82,82,82,82,82,82,82,87,87,87,87,87,87,87,87,87,87,87,87,87,87,87,87,87],"card_choices":[{"not_picked":["RobotSpaceExplorer:Smokescreen","RobotSpaceExplorer:MakeshiftVolley"],"picked":"RobotSpaceExplorer:StunGrenade","floor":1.0},{"not_picked":["RobotSpaceExplorer:SurgingShield","RobotSpaceExplorer:SurgingStrike"],"picked":"RobotSpaceExplorer:ToxicBomb","floor":3.0},{"not_picked":["RobotSpaceExplorer:ShovelStrike","RobotSpaceExplorer:IronShell"],"picked":"RobotSpaceExplorer:Discharger","floor":4.0},{"not_picked":["RobotSpaceExplorer:StarDust","RobotSpaceExplorer:Counterblock"],"picked":"RobotSpaceExplorer:MiniDrones","floor":6.0},{"not_picked":["RobotSpaceExplorer:ScrapMissile","RobotSpaceExplorer:ScrapShield+1"],"picked":"RobotSpaceExplorer:Smokescreen+1","floor":8.0},{"not_picked":["RobotSpaceExplorer:Probe","RobotSpaceExplorer:GlueSpray+1","RobotSpaceExplorer:Pulsar+1"],"picked":"SKIP","floor":14.0},{"not_picked":["RobotSpaceExplorer:Wormhole+1","RobotSpaceExplorer:Arsenal+1"],"picked":"RobotSpaceExplorer:Accelerator","floor":16.0},{"not_picked":["RobotSpaceExplorer:PowerGlove","RobotSpaceExplorer:LuckyStrike"],"picked":"RobotSpaceExplorer:Jetpack+1","floor":18.0},{"not_picked":["RobotSpaceExplorer:DoubleFind+1","RobotSpaceExplorer:Probe+1"],"picked":"RobotSpaceExplorer:MiniBoosters","floor":19.0},{"not_picked":["RobotSpaceExplorer:Probe","RobotSpaceExplorer:FranticSearch+1"],"picked":"RobotSpaceExplorer:TurboDodge+1","floor":21.0},{"not_picked":["RobotSpaceExplorer:FranticSearch+1","RobotSpaceExplorer:SurgingShield+1"],"picked":"RobotSpaceExplorer:RigExplosive+1","floor":22.0},{"not_picked":["RobotSpaceExplorer:ImprovisedAttack","RobotSpaceExplorer:TurboDodge+1"],"picked":"RobotSpaceExplorer:PlasmaMissile","floor":23.0},{"not_picked":["RobotSpaceExplorer:Probe+1","RobotSpaceExplorer:FreezingShield+1"],"picked":"RobotSpaceExplorer:Blaster","floor":25},{"not_picked":["RobotSpaceExplorer:SurgingShield+1","RobotSpaceExplorer:Ammunition+1"],"picked":"RobotSpaceExplorer:StarLightning+1","floor":27},{"not_picked":["RobotSpaceExplorer:JunkDive+1","RobotSpaceExplorer:StunGrenade"],"picked":"RobotSpaceExplorer:FranticSearch+1","floor":30},{"not_picked":["RobotSpaceExplorer:Counterblock+1","RobotSpaceExplorer:ScrapToss"],"picked":"RobotSpaceExplorer:TrailblazerForm","floor":31},{"not_picked":["RobotSpaceExplorer:Wormhole+1","RobotSpaceExplorer:TrailblazerForm"],"picked":"RobotSpaceExplorer:Asteroid","floor":33},{"not_picked":["RobotSpaceExplorer:ImprovisedAttack","RobotSpaceExplorer:SwiftStep+1"],"picked":"RobotSpaceExplorer:FreezeRay+1","floor":34},{"not_picked":["RobotSpaceExplorer:ShockKick","RobotSpaceExplorer:SelfCleaning+1"],"picked":"RobotSpaceExplorer:GearShield+1","floor":35},{"not_picked":["RobotSpaceExplorer:MakeshiftVolley+1","RobotSpaceExplorer:ShockKick"],"picked":"RobotSpaceExplorer:MetalStrike+1","floor":36},{"not_picked":["RobotSpaceExplorer:SwiftStep+1","RobotSpaceExplorer:FranticSearch+1","RobotSpaceExplorer:Counterblock+1"],"picked":"SKIP","floor":38},{"not_picked":["RobotSpaceExplorer:FrostMissile","RobotSpaceExplorer:SlimeMissile","RobotSpaceExplorer:Counterblock+1"],"picked":"SKIP","floor":39},{"not_picked":["RobotSpaceExplorer:FreezingShield+1","RobotSpaceExplorer:MiniDrones","RobotSpaceExplorer:ImprovisedAttack+1"],"picked":"SKIP","floor":40},{"not_picked":["RobotSpaceExplorer:Pulsar+1","RobotSpaceExplorer:SlimeMissile"],"picked":"RobotSpaceExplorer:Accelerator","floor":42},{"not_picked":["RobotSpaceExplorer:Ammunition+1","RobotSpaceExplorer:SwiftStep+1","RobotSpaceExplorer:JunkDive+1"],"picked":"SKIP","floor":44},{"not_picked":["RobotSpaceExplorer:Pulsar+1","RobotSpaceExplorer:MetalStrike"],"picked":"RobotSpaceExplorer:ExhaustFan","floor":45},{"not_picked":["RobotSpaceExplorer:GearShield+1","RobotSpaceExplorer:ToxicBomb+1","RobotSpaceExplorer:Blitz+1"],"picked":"SKIP","floor":47}],"player_experience":323464,"relics_obtained":[{"floor":6.0,"key":"Nunchaku"},{"floor":9.0,"key":"RobotSpaceExplorer:FoglandsKnife"},{"floor":23.0,"key":"Oddly Smooth Stone"},{"floor":26,"key":"War Paint"},{"floor":31,"key":"Mummified Hand"},{"floor":36,"key":"Peace Pipe"},{"floor":40,"key":"RobotSpaceExplorer:PlasmaHourglass"},{"floor":42,"key":"Slimebound:PreparedRelic"},{"floor":43,"key":"StrikeDummy"},{"floor":43,"key":"The Courier"},{"floor":44,"key":"Letter Opener"}],"event_choices":[{"cards_removed":["RobotSpaceExplorer:Defend"],"damage_healed":0.0,"max_hp_gain":0.0,"max_hp_loss":0.0,"gold_gain":0.0,"event_name":"Living Wall","player_choice":"Forget","floor":5.0,"gold_loss":0.0,"damage_taken":0.0},{"damage_healed":0.0,"max_hp_gain":0.0,"max_hp_loss":0.0,"gold_gain":0.0,"event_name":"Dead Adventurer","player_choice":"Searched \u00272\u0027 times","floor":8.0,"gold_loss":0.0,"damage_taken":0.0,"relics_obtained":["Toxic Egg 2"]},{"cards_removed":["RobotSpaceExplorer:Defend"],"damage_healed":0.0,"max_hp_gain":0.0,"max_hp_loss":0.0,"gold_gain":0.0,"event_name":"The Cleric","player_choice":"Card Removal","floor":11.0,"gold_loss":50.0,"damage_taken":0.0},{"damage_healed":0.0,"max_hp_gain":0.0,"max_hp_loss":0.0,"gold_gain":100.0,"event_name":"The Joust","player_choice":"Bet on Murderer","floor":20.0,"gold_loss":50.0,"damage_taken":0.0},{"damage_healed":0,"gold_gain":0,"player_choice":"Fight","damage_taken":0,"max_hp_gain":0,"max_hp_loss":0,"event_name":"MindBloom","floor":36,"gold_loss":0},{"damage_healed":0,"gold_gain":0,"player_choice":"Upgraded","damage_taken":0,"max_hp_gain":0,"max_hp_loss":0,"event_name":"Upgrade Shrine","floor":37,"gold_loss":0,"cards_upgraded":["RobotSpaceExplorer:Blaster"]}],"is_beta":false,"boss_relics":[{"not_picked":["Philosopher\u0027s Stone","bronze:MakeshiftBattery"],"picked":"RobotSpaceExplorer:TurboCore"},{"not_picked":["SacredBark","Coffee Dripper"],"picked":"Tiny House"}],"items_purged_floors":[0,2,13,28,48],"is_endless":false,"potions_floor_spawned":[3,6,8,16,19,22,25,27,36,40,47],"ascension_level":0}}