{"host":"meib18gsulage5jw","time":1611663521,"event":{"mods":["Aspiration","BaseMod","BetterRewards","CCEM2","Colored Map","Conspire","Defuse TimeMaze Blight","Energized Spire","Hubris","Infinite Spire","Minty Spire (QoL Compilation)","Relic Sorter","Reliquary","Replay The Spire","Spikes Relics","StSLib","The Blue Laboratory","Uncapped"],"gold_per_floor":[116,116,134,134,152,152,170,170,244,273,287,287,306,318,318,415,415,430,447,464,464,484,484,515,455,480,500,500,500],"floor_reached":28,"language":"ENG","playtime":1719,"items_purged":[],"score":244,"play_id":"ddbbec65-70c9-4834-aebe-1a725d83f184","local_time":"20210126221841","is_ascension_mode":false,"campfire_choices":[{"data":"theextravagant:Firework","floor":6,"key":"SMITH"},{"data":"theextravagant:Firework","floor":12,"key":"SMITH"},{"floor":15,"key":"REST"},{"floor":23,"key":"REST"}],"circlet_count":0,"master_deck":["theextravagant:SlyStrike","theextravagant:SlyStrike","theextravagant:SlyStrike","theextravagant:SlyStrike","theextravagant:Fence","theextravagant:Fence","theextravagant:Fence","theextravagant:Fence","theextravagant:QuickAttack","theextravagant:Triumph","theextravagant:Tension+1","theextravagant:Firework+1","theextravagant:ZeroHero","theextravagant:Firework+1","theextravagant:IronPlumes","theextravagant:FocusStab","theextravagant:Twostep","theextravagant:Flashback","theextravagant:SnakeOil","theextravagant:Twostep","theextravagant:Comeback+1","theextravagant:Pushthrough","Conserve Battery","theextravagant:PuffUp","theextravagant:GlyphOfChoice","theextravagant:Pushthrough"],"relics":["theextravagant:TranslucentFeather","NeowsBlessing","Replay:WaspNest","reliquary:Stiletto","Honey Jar","CCEMRelics:TeddyBear","Omamori"],"acts_visited":["Exordium","TheCity"],"potions_floor_usage":[10,14,16,20,24,28,28],"damage_taken":[{"damage":0,"enemies":"Jaw Worm","floor":1,"turns":1},{"damage":0,"enemies":"Small Slimes","floor":3,"turns":1},{"damage":0,"enemies":"Cultist","floor":5,"turns":1},{"damage":35,"enemies":"Gremlin Gang","floor":7,"turns":4},{"damage":3,"enemies":"Gremlin Nob","floor":10,"turns":3},{"damage":11,"enemies":"Exordium Wildlife","floor":11,"turns":4},{"damage":5,"enemies":"Large Slime","floor":13,"turns":3},{"damage":0,"enemies":"Blue Slaver","floor":14,"turns":2},{"damage":52,"enemies":"Fading Forest","floor":16,"turns":11},{"damage":5,"enemies":"3 Byrds","floor":18,"turns":4},{"damage":14,"enemies":"Shell Parasite","floor":19,"turns":5},{"damage":20,"enemies":"Snake Plant","floor":20,"turns":4},{"damage":38,"enemies":"Shelled Parasite and Fungi","floor":22,"turns":5},{"damage":8,"enemies":"conspire:SneckoGhost","floor":24,"turns":6},{"damage":25,"enemies":"Cultist and Chosen","floor":27,"turns":6},{"damage":41,"enemies":"Nightmare","floor":28,"turns":9}],"seed_played":"7918369201166760002","potions_obtained":[{"floor":1,"key":"Dexterity Potion"},{"floor":3,"key":"BlessingOfTheForge"},{"floor":5,"key":"Strength Potion"},{"floor":14,"key":"blueLaboratory:FruitPunch"},{"floor":16,"key":"SpeedPotion"},{"floor":19,"key":"PowerPotion"},{"floor":22,"key":"blueLaboratory:BottledHope"}],"is_trial":false,"path_per_floor":["M","?","M","?","M","R","M","?","T","E","M","R","M","M","R","B",null,"M","M","M","?","M","R","E","?","T","M","NM"],"character_chosen":"THE_EXTRAVAGANT","items_purchased":[],"campfire_rested":2,"item_purchase_floors":[],"current_hp_per_floor":[75,75,75,75,75,75,40,65,65,62,51,51,46,46,68,28,77,72,67,47,47,21,44,48,48,48,23,0,0],"gold":500,"neow_bonus":"THREE_ENEMY_KILL","is_daily":false,"chose_seed":false,"campfire_upgraded":2,"win_rate":0.0,"timestamp":1611663521,"path_taken":["M","?","M","?","?","R","?","?","T","E","M","R","M","M","R","BOSS","M","M","M","?","M","R","E","?","T","M","NM"],"items_purchased_type":[],"build_version":"2020-12-22","purchased_purges":0,"victory":false,"max_hp_per_floor":[75,75,75,75,75,75,75,75,75,75,75,75,75,75,75,77,77,77,77,77,77,77,77,77,77,77,77,77,77],"card_choices":[{"not_picked":["theextravagant:Pushthrough","theextravagant:SkillfullDodge"],"picked":"theextravagant:Tension","floor":1},{"not_picked":["theextravagant:GustOfWind","theextravagant:SpontaneousStrike"],"picked":"theextravagant:Firework","floor":3},{"not_picked":["theextravagant:FocusStab","theextravagant:SpontaneousStrike"],"picked":"theextravagant:ZeroHero","floor":5},{"not_picked":["theextravagant:SharpTalons","theextravagant:Pushthrough"],"picked":"theextravagant:Firework","floor":7},{"not_picked":["theextravagant:Twitch","theextravagant:Dazzle"],"picked":"theextravagant:IronPlumes","floor":10},{"not_picked":["theextravagant:Pushthrough","theextravagant:Shake"],"picked":"theextravagant:FocusStab","floor":11},{"not_picked":["theextravagant:Cutthroat","theextravagant:PuffUp"],"picked":"theextravagant:Twostep","floor":13},{"not_picked":["theextravagant:Nihil","theextravagant:PerfectTheBasics"],"picked":"theextravagant:Flashback","floor":14},{"not_picked":["theextravagant:TwilightTone","theextravagant:DAMNATION"],"picked":"theextravagant:SnakeOil","floor":16},{"not_picked":["theextravagant:GlyphOfPower+1","theextravagant:Pushthrough","theextravagant:ShootingStar"],"picked":"theextravagant:Twostep","floor":18},{"not_picked":["theextravagant:PuffUp","theextravagant:GarbageCannon","theextravagant:Precaution+1"],"picked":"theextravagant:Comeback+1","floor":19},{"not_picked":["theextravagant:Ambush","theextravagant:SpontaneousStrike","theextravagant:ShootingStar"],"picked":"theextravagant:Pushthrough","floor":20},{"not_picked":["theextravagant:RiskyStrike","theextravagant:Thrill","theextravagant:Cutthroat"],"picked":"theextravagant:PuffUp","floor":22},{"not_picked":["theextravagant:Dazzle","theextravagant:Vintage","theextravagant:GarbageCannon"],"picked":"theextravagant:GlyphOfChoice","floor":24},{"not_picked":["theextravagant:Riot+1","theextravagant:Shove","theextravagant:Firework"],"picked":"theextravagant:Pushthrough","floor":27}],"player_experience":310267,"relics_obtained":[{"floor":9,"key":"Replay:WaspNest"},{"floor":10,"key":"reliquary:Stiletto"},{"floor":24,"key":"CCEMRelics:TeddyBear"},{"floor":26,"key":"Omamori"}],"event_choices":[{"damage_healed":0,"gold_gain":0,"player_choice":"Ignored","damage_taken":0,"max_hp_gain":0,"max_hp_loss":0,"event_name":"Liars Game","floor":2,"gold_loss":0},{"damage_healed":0,"gold_gain":0,"player_choice":"Upgraded","damage_taken":0,"max_hp_gain":0,"max_hp_loss":0,"event_name":"Upgrade Shrine","floor":4,"gold_loss":0,"cards_upgraded":["theextravagant:Tension"]},{"damage_healed":25,"gold_gain":0,"player_choice":"Banana","damage_taken":0,"max_hp_gain":0,"max_hp_loss":0,"event_name":"Big Fish","floor":8,"gold_loss":0},{"damage_healed":0,"gold_gain":0,"player_choice":"Read","damage_taken":0,"max_hp_gain":0,"max_hp_loss":0,"event_name":"The Library","floor":21,"gold_loss":0,"cards_obtained":["Conserve Battery"]}],"is_beta":false,"boss_relics":[{"not_picked":["aspiration:FutureDiary","reliquary:Ember"],"picked":"Honey Jar"}],"items_purged_floors":[],"is_endless":false,"potions_floor_spawned":[1,3,5,14,16,19,22],"killed_by":"Nightmare","ascension_level":0}}