{"host":"pgiw9wkmtk74e1ic","time":1611641228,"event":{"mods":["BaseMod","Colored Map","Colored Powertips","Infinite Spire","Marisa????????","Minty Spire (QoL Compilation)","Robot Space Explorer","StSLib"],"gold_per_floor":[109,109,123,198,198,198,231,244,244,244,262,287,302,302,302,406,406,423,423,438,488,488,488,514,445,493,512,527,527,527,540,540,643,643,656,656,656],"floor_reached":36,"language":"ENG","playtime":3290,"items_purged":[],"score":417,"play_id":"64c47bbe-04f2-47b3-ae39-1e16c3e921c9","local_time":"20210125230708","is_ascension_mode":false,"campfire_choices":[{"data":"RobotSpaceExplorer:Probe","floor":6,"key":"SMITH"},{"data":"RobotSpaceExplorer:Pulsar","floor":10,"key":"SMITH"},{"floor":15,"key":"REST"},{"data":"RobotSpaceExplorer:ShockKick","floor":23,"key":"SMITH"},{"data":"RobotSpaceExplorer:IronShell","floor":30,"key":"SMITH"},{"floor":32,"key":"REST"}],"circlet_count":0,"master_deck":["RobotSpaceExplorer:Scan","RobotSpaceExplorer:MiniLasers","RobotSpaceExplorer:Probe+1","RobotSpaceExplorer:Counterblock","RobotSpaceExplorer:Ammunition","RobotSpaceExplorer:Pulsar+1","RobotSpaceExplorer:Smokescreen","RobotSpaceExplorer:LuckyStrike+1","RobotSpaceExplorer:IronShell","RobotSpaceExplorer:TrailblazerForm","RobotSpaceExplorer:ShockKick+1","RobotSpaceExplorer:ShovelStrike","RobotSpaceExplorer:Discharger","RobotSpaceExplorer:Probe","RobotSpaceExplorer:Arsenal","RobotSpaceExplorer:ImprovisedAttack","RobotSpaceExplorer:FreezeRay+1","RobotSpaceExplorer:GlueShot","RobotSpaceExplorer:LaserBurst","RobotSpaceExplorer:RigExplosive","RobotSpaceExplorer:IronShell+1","RobotSpaceExplorer:StunGrenade","RobotSpaceExplorer:Discharger","RobotSpaceExplorer:Comet","RobotSpaceExplorer:JunkDive+1"],"relics":["RobotSpaceExplorer:RoboCore","NeowsBlessing","infinitespire:PuzzleCube","Blood Vial","Pandora\u0027s Box","Darkstone Periapt","Vajra","Regal Pillow","infinitespire:Beetle Shell","Nunchaku","SlaversCollar"],"acts_visited":["Exordium","TheCity","TheBeyond"],"potions_floor_usage":[24,27,28,28,31,33,36,36,36,36],"damage_taken":[{"damage":0,"enemies":"Jaw Worm","floor":1,"turns":1},{"damage":0,"enemies":"Small Slimes","floor":3,"turns":1},{"damage":0,"enemies":"3 Sentries","floor":7,"turns":1},{"damage":0,"enemies":"2 Louse","floor":8,"turns":3},{"damage":1,"enemies":"Red Slaver","floor":11,"turns":4},{"damage":36,"enemies":"Gremlin Nob","floor":12,"turns":6},{"damage":0,"enemies":"2 Fungi Beasts","floor":13,"turns":4},{"damage":17,"enemies":"Hexaghost","floor":16,"turns":13},{"damage":11,"enemies":"Chosen","floor":18,"turns":6},{"damage":18,"enemies":"3 Byrds","floor":20,"turns":4},{"damage":10,"enemies":"Book of Stabbing","floor":24,"turns":6},{"damage":1,"enemies":"Sentry and Sphere","floor":27,"turns":5},{"damage":0,"enemies":"Snake Plant","floor":28,"turns":4},{"damage":9,"enemies":"Snecko","floor":31,"turns":4},{"damage":4,"enemies":"Collector","floor":33,"turns":12},{"damage":17,"enemies":"Orb Walker","floor":35,"turns":5},{"damage":39,"enemies":"infinitespire:Three Voidlings","floor":36,"turns":5},{"damage":32,"enemies":"Nightmare_Alpha","floor":36,"turns":7}],"seed_played":"-926984843029379593","potions_obtained":[{"floor":3,"key":"EssenceOfSteel"},{"floor":7,"key":"BlessingOfTheForge"},{"floor":11,"key":"Fire Potion"},{"floor":13,"key":"RobotSpaceExplorer:RecyclePotion"},{"floor":27,"key":"RobotSpaceExplorer:RecyclePotion"},{"floor":28,"key":"AttackPotion"}],"is_trial":false,"path_per_floor":["M","?","M","?","?","R","E","M","T","R","M","E","M","?","R","B",null,"M","?","M","T","AVR","R","E","$","T","M","M","?","R","M","R","B",null,"M","?"],"character_chosen":"RobotSpaceExplorer","items_purchased":["RobotSpaceExplorer:RigExplosive"],"campfire_rested":2,"item_purchase_floors":[25],"current_hp_per_floor":[75,68,68,57,57,57,57,57,57,57,56,20,22,7,29,14,75,64,64,48,48,48,48,40,40,40,41,43,43,43,36,73,71,75,58,0,0],"gold":656,"neow_bonus":"THREE_ENEMY_KILL","is_daily":false,"chose_seed":false,"campfire_upgraded":4,"win_rate":0.0,"timestamp":1611641228,"path_taken":["M","?","M","?","?","R","E","M","T","R","M","E","?","?","R","BOSS","M","?","M","?","AVR","R","E","$","T","?","M","?","R","M","R","BOSS","M","?"],"items_purchased_type":["Card"],"build_version":"2020-12-22","purchased_purges":0,"victory":false,"max_hp_per_floor":[75,75,75,75,75,75,75,75,75,75,75,75,75,75,75,75,75,75,75,75,75,75,75,75,75,75,75,75,75,75,75,75,75,75,75,75,75],"card_choices":[{"not_picked":["RobotSpaceExplorer:DoubleBlock","RobotSpaceExplorer:SlimeMissile"],"picked":"RobotSpaceExplorer:Probe","floor":1},{"not_picked":["RobotSpaceExplorer:FranticSearch","RobotSpaceExplorer:SlimeMissile"],"picked":"RobotSpaceExplorer:Counterblock","floor":3},{"not_picked":["RobotSpaceExplorer:Counterblock","RobotSpaceExplorer:MetalStrike"],"picked":"RobotSpaceExplorer:Ammunition","floor":7},{"not_picked":["RobotSpaceExplorer:Counterblock","RobotSpaceExplorer:ShockKick"],"picked":"RobotSpaceExplorer:Pulsar","floor":8},{"not_picked":["RobotSpaceExplorer:GlueShot","RobotSpaceExplorer:Exploration"],"picked":"RobotSpaceExplorer:Smokescreen","floor":11},{"not_picked":["RobotSpaceExplorer:Ammunition","RobotSpaceExplorer:SurgingStrike"],"picked":"RobotSpaceExplorer:LuckyStrike","floor":12},{"not_picked":["RobotSpaceExplorer:SurgingShield","RobotSpaceExplorer:Discharger"],"picked":"RobotSpaceExplorer:IronShell","floor":13},{"not_picked":["RobotSpaceExplorer:Explosion","RobotSpaceExplorer:Exploration"],"picked":"RobotSpaceExplorer:TrailblazerForm","floor":16},{"not_picked":["RobotSpaceExplorer:GlueShot","RobotSpaceExplorer:PowerCollector"],"picked":"RobotSpaceExplorer:FreezeRay+1","floor":18},{"not_picked":["RobotSpaceExplorer:FranticSearch","RobotSpaceExplorer:SurgingShield"],"picked":"RobotSpaceExplorer:GlueShot","floor":20},{"not_picked":["RobotSpaceExplorer:ImprovisedAttack","RobotSpaceExplorer:SlimeMissile"],"picked":"RobotSpaceExplorer:LaserBurst","floor":24},{"not_picked":["RobotSpaceExplorer:Pulsar","RobotSpaceExplorer:Counterblock"],"picked":"RobotSpaceExplorer:IronShell","floor":27},{"not_picked":["RobotSpaceExplorer:Arsenal","RobotSpaceExplorer:ImprovisedAttack"],"picked":"RobotSpaceExplorer:StunGrenade","floor":28},{"not_picked":["RobotSpaceExplorer:Counterblock","RobotSpaceExplorer:SurgingShield"],"picked":"RobotSpaceExplorer:Discharger","floor":31},{"not_picked":["RobotSpaceExplorer:ChargingLaser","RobotSpaceExplorer:Scanner"],"picked":"RobotSpaceExplorer:Comet","floor":33},{"not_picked":["RobotSpaceExplorer:StunGrenade","RobotSpaceExplorer:MiniDrones+1"],"picked":"RobotSpaceExplorer:JunkDive+1","floor":35}],"player_experience":268386,"relics_obtained":[{"floor":7,"key":"infinitespire:PuzzleCube"},{"floor":12,"key":"Blood Vial"},{"floor":21,"key":"Vajra"},{"floor":24,"key":"infinitespire:Beetle Shell"},{"floor":26,"key":"Nunchaku"}],"event_choices":[{"cards_removed":["RobotSpaceExplorer:Defend"],"damage_healed":0,"gold_gain":0,"player_choice":"Card Removal","damage_taken":7,"max_hp_gain":0,"max_hp_loss":0,"event_name":"Golden Wing","floor":2,"gold_loss":0},{"damage_healed":0,"gold_gain":75,"player_choice":"Gather Gold","damage_taken":11,"max_hp_gain":0,"max_hp_loss":0,"event_name":"World of Goop","floor":4,"gold_loss":0},{"cards_removed":["RobotSpaceExplorer:Strike"],"damage_healed":0,"gold_gain":0,"player_choice":"Offered Basic","damage_taken":0,"max_hp_gain":0,"max_hp_loss":0,"event_name":"Bonfire Elementals","floor":5,"gold_loss":0},{"damage_healed":0,"gold_gain":0,"player_choice":"Entered Light","damage_taken":15,"max_hp_gain":0,"max_hp_loss":0,"event_name":"Shining Light","floor":14,"gold_loss":0,"cards_upgraded":["RobotSpaceExplorer:LuckyStrike","RobotSpaceExplorer:Strike"]},{"damage_healed":0,"gold_gain":0,"player_choice":"Opened","damage_taken":0,"relics_obtained":["Darkstone Periapt"],"max_hp_gain":0,"max_hp_loss":0,"event_name":"The Mausoleum","floor":19,"gold_loss":0},{"damage_healed":0,"gold_gain":0,"player_choice":"Ignored","damage_taken":0,"max_hp_gain":0,"max_hp_loss":0,"event_name":"NoteForYourself","floor":29,"gold_loss":0}],"is_beta":false,"boss_relics":[{"not_picked":["Philosopher\u0027s Stone","Busted Crown"],"picked":"Pandora\u0027s Box"},{"not_picked":["Coffee Dripper","Empty Cage"],"picked":"SlaversCollar"}],"items_purged_floors":[],"is_endless":false,"potions_floor_spawned":[3,7,11,12,13,20,27,28,36],"killed_by":"Nightmare_Alpha","ascension_level":0}}