{"host":"qgvpd00zvzorrg7j","time":1611628457,"event":{"mods":["BaseMod","Colored Map","Minty Spire (QoL Compilation)","Quick Restart","StSLib"],"gold_per_floor":[117,42,61,136,136,171,171,190,263,263,263,281,316,30,30,30,30],"floor_reached":16,"language":"ENG","playtime":754,"items_purged":["Defend_R"],"score":194,"play_id":"24d7d4b5-b14e-4115-9ef0-8884657a595d","local_time":"20210125213417","is_ascension_mode":true,"campfire_choices":[{"data":"Metallicize","floor":7,"key":"SMITH"},{"data":"Cleave","floor":10,"key":"SMITH"},{"data":"Metallicize","floor":15,"key":"SMITH"}],"circlet_count":0,"master_deck":["AscendersBane","Strike_R","Strike_R","Strike_R","Strike_R","Strike_R","Defend_R","Defend_R","Defend_R","Bash","Metallicize+1","Metallicize+1","Cleave+1"],"relics":["Burning Blood","Potion Belt","Gremlin Horn","Golden Idol","Kunai","Singing Bowl"],"acts_visited":["Exordium"],"potions_floor_usage":[6],"damage_taken":[{"damage":0.0,"enemies":"Small Slimes","floor":1.0,"turns":3.0},{"damage":4.0,"enemies":"Jaw Worm","floor":3.0,"turns":5.0},{"damage":28,"enemies":"Lagavulin","floor":6,"turns":8},{"damage":0,"enemies":"2 Louse","floor":8,"turns":3},{"damage":0,"enemies":"Exordium Wildlife","floor":12,"turns":3},{"damage":25,"enemies":"3 Sentries","floor":13,"turns":7},{"damage":52,"enemies":"Slime Boss","floor":16,"turns":7}],"seed_played":"8169027257233439474","potions_obtained":[{"floor":1.0,"key":"DistilledChaos"}],"is_trial":false,"path_per_floor":["M","$","M","?","?","E","R","M","T","R","?","M","E","$","R","B"],"character_chosen":"IRONCLAD","items_purchased":["Singing Bowl"],"campfire_rested":0,"item_purchase_floors":[14],"current_hp_per_floor":[81,81,82,71,76,54,54,60,60,60,60,66,47,47,47,0,0],"gold":30,"neow_bonus":"TEN_PERCENT_HP_BONUS","is_daily":false,"chose_seed":false,"campfire_upgraded":3,"win_rate":0.0,"timestamp":1611628457,"path_taken":["M","$","M","?","?","E","R","?","T","R","?","M","E","$","R","BOSS"],"items_purchased_type":["Relic"],"build_version":"2020-12-22","purchased_purges":1,"victory":false,"max_hp_per_floor":[82,82,82,82,87,87,87,87,87,87,79,79,79,79,79,79,79],"card_choices":[{"not_picked":["Entrench","Flex"],"picked":"Metallicize","floor":1.0},{"not_picked":["Armaments","Iron Wave"],"picked":"Metallicize","floor":3.0},{"not_picked":["Evolve","Anger","Disarm"],"picked":"SKIP","floor":6},{"not_picked":["Intimidate","Evolve"],"picked":"Cleave","floor":8},{"not_picked":["Headbutt","Iron Wave","Impervious"],"picked":"SKIP","floor":12},{"not_picked":["Warcry","Rupture","Pummel"],"picked":"SKIP","floor":13}],"player_experience":563353,"relics_obtained":[{"floor":6,"key":"Potion Belt"},{"floor":9,"key":"Gremlin Horn"},{"floor":13,"key":"Kunai"}],"event_choices":[{"damage_healed":0.0,"max_hp_gain":0.0,"max_hp_loss":0.0,"gold_gain":75.0,"event_name":"World of Goop","player_choice":"Gather Gold","floor":4.0,"gold_loss":0.0,"damage_taken":11.0},{"damage_healed":0.0,"max_hp_gain":5.0,"max_hp_loss":0.0,"gold_gain":0.0,"event_name":"Big Fish","player_choice":"Donut","floor":5.0,"gold_loss":0.0,"damage_taken":0.0},{"damage_healed":0,"gold_gain":0,"player_choice":"Lose Max HP","damage_taken":0,"relics_obtained":["Golden Idol"],"max_hp_gain":0,"max_hp_loss":8,"event_name":"Golden Idol","floor":11,"gold_loss":0}],"is_beta":false,"boss_relics":[],"items_purged_floors":[2],"is_endless":false,"potions_floor_spawned":[1],"killed_by":"Slime Boss","ascension_level":16}}