{"host":"iao9zlhzdan4iyha","time":1611685687,"event":{"mods":["BaseMod","BetterRewards","Downfall","Hermit","Ironclad Rager","Minty Spire (QoL Compilation)","Quick Restart","Replay The Spire","Shop Mod","StSLib","The Bug Knight","The Judge","The Runesmith"],"gold_per_floor":[99,99,109,127,141,141,141,173,173,202,214,78,88,88,73,73,93,188,288,288,299,399,416,74,74,74,74],"floor_reached":25,"language":"ENG","playtime":2335,"items_purged":[],"score":236,"play_id":"94d2b2d0-72df-463b-a10b-932dc4406af7","local_time":"20210126182807","is_ascension_mode":false,"campfire_choices":[{"floor":14.0,"key":"REST"},{"data":"Slimebound:Split","floor":20,"key":"SMITH"}],"circlet_count":0,"master_deck":["Slimebound:Strike_Slimebound","Slimebound:Strike_Slimebound","Slimebound:Strike_Slimebound","Slimebound:Tackle","Slimebound:Defend_Slimebound","Slimebound:Defend_Slimebound","Slimebound:Defend_Slimebound+1","Slimebound:Split+1","Slimebound:CorrosiveSpit","Slimebound:SpikyOuterGoop","Slimebound:SplitAcid","Slimebound:SplitLeeching","Slimebound:RollThrough+1","Slimebound:GoopTackle","Slimebound:GrowthPunch","Slimebound:LivingWall","Slimebound:SlimeBarrage","Slimebound:AcidTongue","Slimebound:AcidTongue","Slimebound:SlimeSpikes+1","Slimebound:LevelUp","downfall:Malfunctioning","Slimebound:LevelUp","Slimebound:Teamwork","Slimebound:SplitMire","Slimebound:Nibble","Slimebound:SplitBruiser","Slimebound:Overexert"],"relics":["Slimebound:AbsorbEndCombat","Torii","Iron Hammer","Regal Pillow","Replay:Wanted Poster","Boot","MerchantsRug"],"acts_visited":["Exordium","TheCity"],"potions_floor_usage":[],"damage_taken":[{"damage":12.0,"enemies":"Small Slimes","floor":3.0,"turns":4.0},{"damage":1.0,"enemies":"Cultist","floor":4.0,"turns":4.0},{"damage":8.0,"enemies":"Jaw Worm","floor":5.0,"turns":4.0},{"damage":14.0,"enemies":"Lagavulin","floor":8.0,"turns":7.0},{"damage":0.0,"enemies":"HollowMod:MossKnight","floor":10.0,"turns":6.0},{"damage":4.0,"enemies":"2 Fungi Beasts","floor":11.0,"turns":3.0},{"damage":0.0,"enemies":"downfall:FleeingMerchant","floor":12.0,"turns":4.0},{"damage":19.0,"enemies":"3 Louse","floor":13.0,"turns":2.0},{"damage":5.0,"enemies":"downfall:FleeingMerchant","floor":15.0,"turns":4.0},{"damage":20.0,"enemies":"Exordium Wildlife","floor":17.0,"turns":5.0},{"damage":33.0,"enemies":"SI_SHIV_ARCHETYPE","floor":18.0,"turns":9.0},{"damage":1,"enemies":"Chosen","floor":21,"turns":5},{"damage":19,"enemies":"3 Byrds","floor":23,"turns":4},{"damage":4,"enemies":"downfall:FleeingMerchant","floor":24,"turns":4},{"damage":65,"enemies":"Cultist and Chosen","floor":25,"turns":5}],"seed_played":"-8955180941390620457","potions_obtained":[{"floor":4.0,"key":"Weak Potion"},{"floor":5.0,"key":"SmokeBomb"},{"floor":17.0,"key":"Languid Potion"},{"floor":18.0,"key":"Weak Potion"},{"floor":21,"key":"SmokeBomb"},{"floor":23,"key":"Adrenaline Potion"}],"is_trial":false,"path_per_floor":["R","?","M","M","M","PTL","PTL","E","T","E","M","$","M","R","$","?","M","B",null,"R","M","?","M","$","M"],"character_chosen":"SLIMEBOUND","items_purchased":["Slimebound:SlimeBarrage","Slimebound:AcidTongue","Boot","Slimebound:Overexert","MerchantsRug"],"campfire_rested":1,"item_purchase_floors":[12,12,24,24,24],"current_hp_per_floor":[71,71,63,66,62,62,62,56,56,62,58,64,45,71,70,70,50,25,71,71,70,70,51,55,0,0,0],"gold":74,"neow_bonus":"TEN_PERCENT_HP_BONUS","is_daily":false,"chose_seed":false,"campfire_upgraded":1,"win_rate":0.0,"timestamp":1611685687,"path_taken":["R","?","?","M","M","PTL","PTL","E","T","E","M","$","M","R","$","?","M","BOSS","R","M","?","M","$","M"],"items_purchased_type":["Card","Card","Relic","Card","Relic"],"build_version":"2020-12-22","purchased_purges":0,"victory":false,"max_hp_per_floor":[71,71,71,71,71,71,71,71,71,71,71,71,71,71,71,71,71,71,71,71,71,71,71,71,71,71,71],"card_choices":[{"not_picked":["Slimebound:LivingWall","Slimebound:RejuvenatingLick"],"picked":"Slimebound:SpikyOuterGoop","floor":3.0},{"not_picked":["Slimebound:ItLooksTasty","Slimebound:FinishingTackle"],"picked":"Slimebound:SplitAcid","floor":4.0},{"not_picked":["Slimebound:PressTheAttack","Slimebound:LeechEnergy"],"picked":"Slimebound:SplitLeeching","floor":5.0},{"not_picked":["Slimebound:TongueLash","Slimebound:Chomp"],"picked":"Slimebound:RollThrough","floor":8.0},{"not_picked":["Slimebound:MegaLick","Slimebound:GoopSpray"],"picked":"Slimebound:GoopTackle","floor":10.0},{"not_picked":["Slimebound:SelfFormingGoo","Slimebound:ItLooksTasty"],"picked":"Slimebound:GrowthPunch","floor":11.0},{"not_picked":["Slimebound:HauntingLick","Slimebound:Prepare"],"picked":"Slimebound:LivingWall","floor":12.0},{"not_picked":["Slimebound:LeechingTouch","Slimebound:MegaLick"],"picked":"Slimebound:SlimeSpikes","floor":13.0},{"not_picked":["Slimebound:SlimeSpikes","Slimebound:Chomp"],"picked":"Slimebound:LevelUp","floor":15.0},{"not_picked":["Slimebound:LivingWall","Slimebound:Nibble"],"picked":"Slimebound:LevelUp","floor":17.0},{"not_picked":["Slimebound:WasteNot","Slimebound:PrepareCrush"],"picked":"Slimebound:Teamwork","floor":18.0},{"not_picked":["Slimebound:SplitLeeching","Slimebound:GoopTackle"],"picked":"Slimebound:SplitMire","floor":21},{"not_picked":["Slimebound:SplitAcid","Slimebound:Replication+1"],"picked":"Slimebound:Nibble","floor":23},{"not_picked":["Slimebound:SplitLeeching+1","Slimebound:GoopTackle"],"picked":"Slimebound:SplitBruiser","floor":24}],"player_experience":65475,"relics_obtained":[{"floor":8.0,"key":"Torii"},{"floor":9.0,"key":"Iron Hammer"},{"floor":10.0,"key":"Regal Pillow"}],"event_choices":[{"cards_removed":["Slimebound:Defend_Slimebound"],"damage_healed":0.0,"max_hp_gain":0.0,"max_hp_loss":0.0,"gold_gain":0.0,"event_name":"Bonfire Elementals","player_choice":"Offered Basic","floor":2.0,"gold_loss":0.0,"damage_taken":0.0}],"is_beta":false,"boss_relics":[{"not_picked":["Painkiller Herb","Slimebound:TarBlob"],"picked":"Replay:Wanted Poster"}],"items_purged_floors":[],"is_endless":false,"potions_floor_spawned":[4,5,17,18,21,23],"killed_by":"Cultist and Chosen","ascension_level":0}}