{"host":"p090fjik2phvjstn","time":1611680271,"event":{"mods":["AchievementEnabler","BaseMod","Block Reminder","Colored Powertips","Minty Spire (QoL Compilation)","Quick Restart","Synergy Search"],"gold_per_floor":[115,130,49,14,14,41,61,74,145,145,145,65,65,26,26,156,156,180,180,180,26,34,34,34,34,34],"floor_reached":25,"language":"ENG","playtime":1311,"items_purged":["Injury"],"score":276,"play_id":"bf63ce2c-b852-47c2-b9ed-4a3c6d825442","local_time":"20210126165751","is_ascension_mode":true,"campfire_choices":[{"data":"Predator","floor":10,"key":"SMITH"},{"data":"Prepared","floor":13,"key":"SMITH"},{"floor":15,"key":"REST"},{"data":"Leg Sweep","floor":23,"key":"SMITH"}],"circlet_count":0,"master_deck":["Strike_G","Defend_G","Defend_G","Defend_G","Defend_G","Defend_G","Survivor","Neutralize","Predator+1","Masterful Stab","Prepared+1","Leg Sweep+1","Caltrops","Underhanded Strike","Blur+1","Leg Sweep+1","Adrenaline+1","After Image+1","Well Laid Plans+1","Adrenaline+1","Acrobatics+1","Writhe","Finisher","Cloak And Dagger+1","RitualDagger"],"relics":["Ring of the Snake","Du-Vu Doll","Orichalcum","Toxic Egg 2","Golden Idol","Astrolabe","Regal Pillow"],"acts_visited":["Exordium","TheCity"],"potions_floor_usage":[6,16],"damage_taken":[{"damage":8,"enemies":"Jaw Worm","floor":1,"turns":6},{"damage":1,"enemies":"2 Louse","floor":2,"turns":2},{"damage":20,"enemies":"Lagavulin","floor":6,"turns":13},{"damage":0,"enemies":"Small Slimes","floor":7,"turns":3},{"damage":1,"enemies":"Blue Slaver","floor":8,"turns":3},{"damage":5,"enemies":"The Guardian","floor":16,"turns":15},{"damage":0,"enemies":"3 Byrds","floor":18,"turns":3},{"damage":7,"enemies":"2 Thieves","floor":22,"turns":5},{"damage":51,"enemies":"Gremlin Leader","floor":25,"turns":9}],"seed_played":"102443564897754593","potions_obtained":[{"floor":1,"key":"SkillPotion"},{"floor":6,"key":"Energy Potion"}],"is_trial":false,"path_per_floor":["M","M","$","?","?","E","M","M","T","R","?","$","R","$","R","B",null,"M","?","?","$","M","R","?","E"],"character_chosen":"THE_SILENT","items_purchased":["Leg Sweep","Blur+1","Leg Sweep+1","Finisher"],"campfire_rested":1,"item_purchase_floors":[3,12,14,21],"current_hp_per_floor":[55,54,54,70,52,32,32,31,31,31,31,31,31,31,52,47,64,64,64,64,64,57,57,51,0,0],"gold":34,"neow_bonus":"TRANSFORM_CARD","is_daily":false,"chose_seed":false,"campfire_upgraded":3,"win_rate":0.0,"timestamp":1611680271,"path_taken":["M","M","$","?","?","E","M","M","T","R","?","?","R","$","R","BOSS","M","?","?","?","?","R","?","E"],"items_purchased_type":["Card","Card","Card","Card"],"build_version":"2020-12-22","purchased_purges":1,"victory":false,"max_hp_per_floor":[70,70,70,70,70,70,70,70,70,70,70,70,70,70,70,70,70,70,70,70,70,70,70,70,70,70],"card_choices":[{"not_picked":["Riddle With Holes","Sucker Punch"],"picked":"Masterful Stab","floor":1},{"not_picked":["Slice","Distraction"],"picked":"Prepared","floor":2},{"not_picked":["Escape Plan","Masterful Stab"],"picked":"Caltrops","floor":6},{"not_picked":["Expertise","Deadly Poison"],"picked":"Underhanded Strike","floor":7},{"not_picked":["Catalyst","Endless Agony","Slice"],"picked":"SKIP","floor":8},{"not_picked":["Bullet Time+1","Grand Finale"],"picked":"Adrenaline+1","floor":16},{"not_picked":["Crippling Poison+1","Quick Slash"],"picked":"Acrobatics+1","floor":18},{"not_picked":["Sucker Punch+1","Dagger Spray"],"picked":"Cloak And Dagger+1","floor":22}],"player_experience":527397,"relics_obtained":[{"floor":6,"key":"Orichalcum"},{"floor":9,"key":"Toxic Egg 2"}],"event_choices":[{"damage_healed":17,"gold_gain":0,"player_choice":"Healed","damage_taken":0,"max_hp_gain":0,"max_hp_loss":0,"event_name":"The Cleric","floor":4,"gold_loss":35},{"damage_healed":0,"gold_gain":0,"player_choice":"Success","damage_taken":18,"relics_obtained":["Du-Vu Doll"],"max_hp_gain":0,"max_hp_loss":0,"event_name":"Scrap Ooze","floor":5,"gold_loss":0},{"damage_healed":0,"gold_gain":0,"player_choice":"Take Wound","damage_taken":0,"relics_obtained":["Golden Idol"],"max_hp_gain":0,"max_hp_loss":0,"event_name":"Golden Idol","floor":11,"gold_loss":0,"cards_obtained":["Injury"]},{"damage_healed":0,"gold_gain":0,"player_choice":"Ignored","damage_taken":0,"max_hp_gain":0,"max_hp_loss":0,"event_name":"Vampires","floor":19,"gold_loss":0},{"damage_healed":0,"gold_gain":0,"player_choice":"Opened","damage_taken":0,"relics_obtained":["Regal Pillow"],"max_hp_gain":0,"max_hp_loss":0,"event_name":"The Mausoleum","floor":20,"gold_loss":0,"cards_obtained":["Writhe"]},{"damage_healed":0,"gold_gain":0,"player_choice":"Joined the Cult","damage_taken":6,"max_hp_gain":0,"max_hp_loss":0,"event_name":"Nest","floor":24,"gold_loss":0,"cards_obtained":["RitualDagger"]}],"is_beta":false,"boss_relics":[{"not_picked":["Runic Dome","Runic Pyramid"],"picked":"Astrolabe"}],"items_purged_floors":[21],"is_endless":false,"potions_floor_spawned":[1,6],"killed_by":"Gremlin Leader","ascension_level":8}}