{"host":"fr3ip57hl52y255p","time":1611651710,"event":{"mods":["Act Like it!","Arknights The Spire","BaseMod","Challenge The Spire","Colored Powertips","Downfall","Good Game Mod","Luminous","Mari Mod (Legacy)","Mari\u0027s V1 Patch","Minty Spire (QoL Compilation)","READ ME - Guardian Mod","Relic Filter Mod","Relic Stats","StSLib","The Hierophant","UnlockEverythingMod","[GremlinLeader]The Maniac"],"gold_per_floor":[133,133,142,147,150,150,4,30,30,30,46,46,28,28,28,102,102,103,103,53,53,78,78,107,131,131,131,249,249,281,281],"floor_reached":30,"language":"ZHS","playtime":2295,"items_purged":["MariMod:Mari_Strike"],"score":232,"play_id":"0424b2d1-f724-4efd-976c-32578ae77fc5","local_time":"20210126170150","is_ascension_mode":false,"campfire_choices":[{"data":"MariMod:Mari_Debut","floor":6.0,"key":"SMITH"},{"data":"MariMod:Mari_Expensive_Tastes","floor":10.0,"key":"SMITH"},{"data":"MariMod:Mari_Delicacy","floor":15.0,"key":"SMITH"},{"data":"MariMod:Mari_Cash_Back","floor":23.0,"key":"SMITH"},{"data":"MariMod:Mari_Delicacy","floor":27.0,"key":"SMITH"},{"data":"MariMod:Mari_Awe","floor":29.0,"key":"SMITH"}],"circlet_count":0,"master_deck":["MariMod:Mari_Strike","MariMod:Mari_Strike","MariMod:Mari_Strike","MariMod:Mari_Strike","MariMod:Mari_Defend+1","MariMod:Mari_Defend","MariMod:Mari_Defend","MariMod:Mari_Reminisce","MariMod:Mari_Debut+1","hexamod:ApocalypseNow","MariMod:Mari_Golden_Glint","MariMod:Mari_Expensive_Tastes+1","MariMod:Mari_Withdrawal","MariMod:Mari_Delicacy+1","MariMod:Mari_Defiance","MariMod:Mari_The_FLYING_CAR","MariMod:Mari_Devilish_Assistant","MariMod:Mari_Delicacy+1","MariMod:Mari_Awe+1","MariMod:Mari_Grand_Scheme+1","MariMod:Mari_zzz+1","Shame","MariMod:Mari_Cash_Back+1","MariMod:Mari_The_Light_We_Chase+1","MariMod:Mari_Emotional_Episode","MariMod:Mari_No_Problem+1","MariMod:Mari_Overexertion+1","MariMod:Mari_Second_Season","MariMod:Mari_Wishing_Fountain+1"],"relics":["MariMod:MariTheSpark","REME:ComplimentaryCards","Nunchaku","Meat on the Bone","Smiling Mask","Coffee Dripper","War Paint","Matryoshka"],"acts_visited":["TheCity"],"potions_floor_usage":[30],"damage_taken":[{"damage":6.0,"enemies":"Jaw Worm","floor":1.0,"turns":4.0},{"damage":0.0,"enemies":"Cultist","floor":3.0,"turns":3.0},{"damage":5.0,"enemies":"2 Louse","floor":4.0,"turns":4.0},{"damage":6.0,"enemies":"Looter","floor":5.0,"turns":4.0},{"damage":8.0,"enemies":"Gremlin Nob","floor":11.0,"turns":3.0},{"damage":5.0,"enemies":"Exordium Wildlife","floor":12.0,"turns":3.0},{"damage":0.0,"enemies":"Large Slime","floor":13.0,"turns":4.0},{"damage":18.0,"enemies":"The Guardian","floor":16.0,"turns":7.0},{"damage":16.0,"enemies":"Shell Parasite","floor":18.0,"turns":3.0},{"damage":4.0,"enemies":"Spheric Guardian","floor":22.0,"turns":5.0},{"damage":10.0,"enemies":"Shelled Parasite and Fungi","floor":24.0,"turns":5.0},{"damage":0.0,"enemies":"Centurion and Healer","floor":25.0,"turns":5.0},{"damage":14.0,"enemies":"Snecko","floor":28.0,"turns":6.0},{"damage":21,"enemies":"Chosen and Byrds","floor":30,"turns":4}],"seed_played":"1178535119380524713","potions_obtained":[{"floor":1.0,"key":"SteroidPotion"},{"floor":4.0,"key":"Dexterity Potion"},{"floor":12.0,"key":"SkillPotion"},{"floor":16.0,"key":"SkillPotion"},{"floor":24.0,"key":"DistilledChaos"},{"floor":25.0,"key":"Dexterity Potion"}],"is_trial":false,"path_per_floor":["M","?","M","M","M","R","$","T","T","R","E","M","M","?","R","B",null,"M","?","$","?","M","R","M","M","T","R","M","R","M"],"character_chosen":"MARI","items_purchased":["MariMod:Mari_Devilish_Assistant"],"campfire_rested":0,"item_purchase_floors":[7],"current_hp_per_floor":[66,66,66,61,55,55,55,55,55,55,47,42,42,66,66,48,72,56,56,56,56,52,52,42,42,42,42,40,40,19,19],"gold":281,"neow_bonus":"TRANSFORM_CARD","is_daily":false,"chose_seed":false,"campfire_upgraded":6,"win_rate":0.0,"timestamp":1611651710,"path_taken":["M","?","M","M","M","R","$","?","T","R","E","M","M","?","R","BOSS","BOSS","M","?","$","?","M","R","M","M","T","R","M","R","M"],"items_purchased_type":["Card"],"build_version":"2020-12-22","purchased_purges":1,"victory":false,"max_hp_per_floor":[72,72,72,72,72,72,72,72,72,72,72,72,72,72,72,72,72,72,72,72,72,72,72,72,72,72,72,72,72,72,72],"relic_stats":{"Nunchaku":[6],"counters":[14,60],"War Paint":["MariMod:Mari_Defend","MariMod:Mari_Grand_Scheme"],"Smiling Mask":25,"obtain_stats":[{"MariMod:MariTheSpark":0,"REME:ComplimentaryCards":0,"Nunchaku":8,"Matryoshka":26,"Coffee Dripper":17,"War Paint":21,"Smiling Mask":11,"Meat on the Bone":9},{"MariMod:MariTheSpark":0,"REME:ComplimentaryCards":0,"Nunchaku":4,"Matryoshka":12,"Coffee Dripper":8,"War Paint":9,"Smiling Mask":5,"Meat on the Bone":4},{"MariMod:MariTheSpark":0,"REME:ComplimentaryCards":0,"Nunchaku":15,"Matryoshka":50,"Coffee Dripper":32,"War Paint":35,"Smiling Mask":18,"Meat on the Bone":15}],"Meat on the Bone":12},"card_choices":[{"not_picked":["MariMod:Mari_Reflection","MariMod:Mari_Character_Development"],"picked":"MariMod:Mari_Expensive_Tastes","floor":1.0},{"not_picked":["MariMod:Mari_Shut_Up","MariMod:Mari_Mic_Check"],"picked":"MariMod:Mari_Withdrawal","floor":3.0},{"not_picked":["MariMod:Mari_The_Planisphere","MariMod:Mari_Fragile_Hope"],"picked":"MariMod:Mari_Delicacy","floor":3.0},{"not_picked":["MariMod:Mari_Sparkle","MariMod:Mari_Fragile_Hope"],"picked":"MariMod:Mari_Defiance","floor":4.0},{"not_picked":["MariMod:Mari_Well_Kept_Secret","MariMod:Mari_Its_Joke"],"picked":"MariMod:Mari_The_FLYING_CAR","floor":5.0},{"not_picked":["MariMod:Mari_Reflection","MariMod:Mari_The_FLYING_CAR"],"picked":"MariMod:Mari_Delicacy","floor":11.0},{"not_picked":["MariMod:Mari_Expensive_Tastes","MariMod:Mari_Character_Development","MariMod:Mari_Glow"],"picked":"SKIP","floor":11.0},{"not_picked":["MariMod:Mari_Lets_Go","MariMod:Mari_Supervision","MariMod:Mari_Glow"],"picked":"SKIP","floor":12.0},{"not_picked":["MariMod:Mari_Withdrawal","MariMod:Mari_Closure","MariMod:Mari_Kyu"],"picked":"SKIP","floor":13.0},{"not_picked":["MariMod:Mari_Self_Care","MariMod:Mari_Sparkle","MariMod:Mari_Its_Joke"],"picked":"SKIP","floor":13.0},{"not_picked":["MariMod:Mari_Withdrawal","MariMod:Mari_Pretty_Bomber_Head"],"picked":"MariMod:Mari_Awe","floor":16.0},{"not_picked":["MariMod:Mari_Limelight","MariMod:Mari_The_GOLDEN_STATUE"],"picked":"MariMod:Mari_Grand_Scheme","floor":16.0},{"not_picked":["MariMod:Mari_Slap","MariMod:Mari_Heavy_Price"],"picked":"MariMod:Mari_zzz+1","floor":18.0},{"not_picked":["MariMod:Mari_Heavy_Metal","MariMod:Mari_Overexertion"],"picked":"MariMod:Mari_Cash_Back","floor":22.0},{"not_picked":["MariMod:Mari_Sparkle","MariMod:Mari_Reckless_Spending"],"picked":"MariMod:Mari_The_Light_We_Chase+1","floor":22.0},{"not_picked":["MariMod:Mari_Flaunt","MariMod:Mari_Expensive_Tastes"],"picked":"MariMod:Mari_Emotional_Episode","floor":24.0},{"not_picked":["MariMod:Mari_Heavy_Price","MariMod:Mari_Well_Kept_Secret+1"],"picked":"MariMod:Mari_No_Problem+1","floor":24.0},{"not_picked":["MariMod:Mari_Expenses","MariMod:Mari_The_FLYING_CAR","MariMod:Mari_Practice_Outfit"],"picked":"SKIP","floor":24.0},{"not_picked":["MariMod:Mari_Kyu","MariMod:Mari_Fragile_Hope"],"picked":"MariMod:Mari_Overexertion+1","floor":25.0},{"not_picked":["MariMod:Mari_Delicacy","MariMod:Mari_Mic_Check","MariMod:Mari_Flaunt"],"picked":"SKIP","floor":25.0},{"not_picked":["MariMod:Mari_The_FLYING_CAR","MariMod:Mari_Expensive_Tastes"],"picked":"MariMod:Mari_Second_Season","floor":28.0},{"not_picked":["MariMod:Mari_Glow+1","MariMod:Mari_Its_Joke"],"picked":"MariMod:Mari_Wishing_Fountain+1","floor":28.0},{"not_picked":["MariMod:Mari_The_Beach_Episode","MariMod:Mari_Shine","MariMod:Mari_Overexertion"],"picked":"SKIP","floor":28.0}],"player_experience":172579,"relics_obtained":[{"floor":8.0,"key":"Nunchaku"},{"floor":9.0,"key":"Meat on the Bone"},{"floor":11.0,"key":"Smiling Mask"},{"floor":26.0,"key":"Matryoshka"}],"event_choices":[{"cards_removed":["MariMod:Mari_Defend"],"damage_healed":0.0,"max_hp_gain":0.0,"max_hp_loss":0.0,"gold_gain":0.0,"event_name":"Bonfire Elementals","player_choice":"Offered Basic","floor":2.0,"gold_loss":0.0,"damage_taken":0.0},{"damage_healed":24.0,"max_hp_gain":0.0,"max_hp_loss":0.0,"gold_gain":0.0,"event_name":"Big Fish","player_choice":"Banana","floor":14.0,"gold_loss":0.0,"damage_taken":0.0},{"damage_healed":0.0,"max_hp_gain":0.0,"max_hp_loss":0.0,"gold_gain":0.0,"event_name":"Addict","player_choice":"Stole Relic","floor":21.0,"gold_loss":0.0,"damage_taken":0.0,"relics_obtained":["War Paint"],"cards_obtained":["Shame"]}],"is_beta":false,"boss_relics":[{"not_picked":["Busted Crown","Runic Dome"],"picked":"Coffee Dripper"}],"items_purged_floors":[20],"is_endless":false,"potions_floor_spawned":[1,4,12,16,24,25,28],"killed_by":"Chosen and Byrds","ascension_level":0}}