{"host":"5dk97cf2ubw2v967","time":1611675051,"event":{"mods":["AlwaysNeverKeys","BaseMod","Better Altar","Better Vampires","Block Reminder","Colored Powertips","Downfall","Googly Eyes","Highlight Path","Minty Spire (QoL Compilation)","Permanent Neow","Potion Indicator Mod","Quick Restart","Relic Filter","Relic Stats","Say the Spire","Spicy Shops","StSLib","Waifu the Spire","everything is the same but u backflip on backflip"],"gold_per_floor":[99,110,127,37,37,137,137,150,50,64,81,110,10,0,11,11,11,11],"floor_reached":16,"language":"ENG","playtime":917,"items_purged":["Guardian:Defend_Guardian"],"score":168,"play_id":"4dab55d2-2266-42ec-9303-5f29da86393c","local_time":"20210126153051","is_ascension_mode":true,"campfire_choices":[{"floor":1,"key":"RECALL"},{"floor":9,"key":"REST"},{"floor":13,"key":"REST"}],"circlet_count":0,"master_deck":["AscendersBane","Guardian:Strike_Guardian","Guardian:Strike_Guardian","Guardian:Strike_Guardian","Guardian:Strike_Guardian","Guardian:Defend_Guardian","Guardian:Defend_Guardian","Guardian:Defend_Guardian","Guardian:CurlUp","Guardian:TwinSlam","Guardian:GuardianWhirl","Guardian:PiercingHide","Guardian:Gem_Synthetic","Guardian:PrismaticBeam","Guardian:ShieldCharger","Guardian:EvasiveProtocol","Guardian:RevengeProtocol"],"relics":["Fusion Hammer","downfall:ShatteredFragment","Eternal Feather","downfall:HeartBlessingRed","PreservedInsect","downfall:HeartBlessingGreen"],"acts_visited":["Exordium"],"potions_floor_usage":[12,12],"damage_taken":[{"damage":1,"enemies":"Cultist","floor":2,"turns":4},{"damage":9,"enemies":"2 Louse","floor":3,"turns":4},{"damage":0,"enemies":"downfall:FleeingMerchant","floor":4,"turns":4},{"damage":2,"enemies":"Jaw Worm","floor":8,"turns":4},{"damage":7,"enemies":"3 Louse","floor":10,"turns":4},{"damage":7,"enemies":"Exordium Wildlife","floor":11,"turns":3},{"damage":5,"enemies":"3 Sentries","floor":12,"turns":7},{"damage":0,"enemies":"downfall:FleeingMerchant","floor":14,"turns":4},{"damage":0,"enemies":"Large Slime","floor":15,"turns":7},{"damage":79,"enemies":"WA_ARCHETYPE_RETAIN","floor":16,"turns":16}],"seed_played":"-314930172497263632","potions_obtained":[{"floor":10,"key":"SteroidPotion"},{"floor":11,"key":"LiquidMemories"}],"is_trial":false,"path_per_floor":["R","M","M","$","?","?","T","M","R","M","M","E","R","$","M","B"],"character_chosen":"GUARDIAN","items_purchased":[],"campfire_rested":2,"item_purchase_floors":[],"current_hp_per_floor":[72,71,62,62,38,38,38,36,66,59,52,47,80,80,80,1,1,1],"gold":11,"neow_bonus":"BOSS_RELIC","is_daily":false,"chose_seed":false,"campfire_upgraded":0,"win_rate":0.0,"timestamp":1611675051,"path_taken":["R","M","?","$","?","?","T","M","R","M","M","E","R","?","M","BOSS"],"items_purchased_type":[],"build_version":"2020-12-22","purchased_purges":1,"victory":false,"max_hp_per_floor":[80,80,80,80,80,80,80,80,80,80,80,80,80,80,80,80,80,80],"relic_stats":{"counters":[10,57],"Eternal Feather":15,"PreservedInsect":74,"obtain_stats":[{"downfall:ShatteredFragment":5,"downfall:HeartBlessingRed":9,"Guardian:ModeShifter":0,"Eternal Feather":7,"downfall:HeartBlessingGreen":13,"Fusion Hammer":0,"PreservedInsect":12},{"downfall:ShatteredFragment":3,"downfall:HeartBlessingRed":4,"Guardian:ModeShifter":0,"Eternal Feather":3,"downfall:HeartBlessingGreen":7,"Fusion Hammer":0,"PreservedInsect":7},{"downfall:ShatteredFragment":12,"downfall:HeartBlessingRed":16,"Guardian:ModeShifter":0,"Eternal Feather":12,"downfall:HeartBlessingGreen":30,"Fusion Hammer":0,"PreservedInsect":30}]},"card_choices":[{"not_picked":["Guardian:TemporalStrike","Guardian:Gem_Green"],"picked":"Guardian:GuardianWhirl","floor":2},{"not_picked":["Guardian:Gem_Lightblue","Guardian:BodySlam"],"picked":"Guardian:PiercingHide","floor":3},{"not_picked":["Guardian:PrimingBeam","Guardian:CompilePackage"],"picked":"Guardian:Gem_Synthetic","floor":4},{"not_picked":["Guardian:SpikerProtocol","Guardian:WalkerClaw"],"picked":"Guardian:PrismaticBeam","floor":8},{"not_picked":["Guardian:Gem_Crimson","Guardian:Gem_Lightblue"],"picked":"Guardian:Gem_Cyan","floor":10},{"not_picked":["Guardian:FuturePlans","Guardian:TemporalShield"],"picked":"Guardian:ShieldCharger","floor":11},{"not_picked":["Guardian:Incinerate","Guardian:EvasiveProtocol"],"picked":"Guardian:Gem_Cyan","floor":12},{"not_picked":["Guardian:RefractedBeam","Guardian:Recover"],"picked":"Guardian:EvasiveProtocol","floor":14},{"not_picked":["Guardian:PrismaticBarrier","Guardian:VentSteam"],"picked":"Guardian:RevengeProtocol","floor":15}],"player_experience":1263423,"relics_obtained":[{"floor":7,"key":"Eternal Feather"},{"floor":12,"key":"PreservedInsect"}],"event_choices":[],"is_beta":false,"boss_relics":[],"items_purged_floors":[4],"is_endless":false,"potions_floor_spawned":[10,11],"killed_by":"WA_ARCHETYPE_RETAIN","ascension_level":13}}