{"host":"ye0jj1yghz7z8hww","time":1611668397,"event":{"mods":["AchievementEnabler","BaseMod","Bestiary","Block Reminder","Filter the Spire","Minty Spire (QoL Compilation)","Relic Stats","Weighted Paths","ojb\u0027s Info Mod"],"gold_per_floor":[99,174,174,174,174,174,174,174,174,174,174,187,215,215,215,312,312,312,312,312,312,312,312,312,312,312,312,312,347,347,347,347,347,347,347,347,347,347,347,347,347,347,347,347,365,392,392,392,392,392,392,392,392,392,392],"floor_reached":56,"language":"ENG","playtime":343,"items_purged":[],"score":1827,"play_id":"403fd9df-f00f-4e0a-9fa5-17c3946b9bd0","local_time":"20210126073957","is_ascension_mode":false,"campfire_choices":[{"data":"Bash","floor":10,"key":"SMITH"},{"data":"Defend_R","floor":15,"key":"SMITH"},{"data":"Strike_R","floor":23,"key":"SMITH"},{"data":"Strike_R","floor":25,"key":"SMITH"},{"data":"Strike_R","floor":28,"key":"SMITH"},{"data":"Defend_R","floor":32,"key":"SMITH"},{"data":"Strike_R","floor":40,"key":"SMITH"},{"data":"Defend_R","floor":49,"key":"SMITH"},{"data":"Defend_R","floor":52,"key":"SMITH"}],"circlet_count":0,"master_deck":["Strike_R+1","Strike_R+1","Strike_R+1","Strike_R+1","Defend_R+1","Defend_R+1","Defend_R+1","Defend_R+1","Bash+1"],"relics":["Coffee Dripper","Toxic Egg 2","FossilizedHelix","Cursed Key","Bag of Preparation","Sozu","Blood Vial"],"acts_visited":["Exordium","TheCity","TheBeyond","TheEnding"],"potions_floor_usage":[],"damage_taken":[{"damage":0.0,"enemies":"Jaw Worm","floor":1.0,"turns":1.0},{"damage":0.0,"enemies":"Small Slimes","floor":3.0,"turns":1.0},{"damage":0.0,"enemies":"2 Louse","floor":4.0,"turns":1.0},{"damage":0.0,"enemies":"Gremlin Gang","floor":5.0,"turns":1.0},{"damage":0.0,"enemies":"3 Sentries","floor":6.0,"turns":1.0},{"damage":0,"enemies":"Gremlin Nob","floor":8,"turns":1},{"damage":0,"enemies":"Looter","floor":12,"turns":1},{"damage":0,"enemies":"3 Sentries","floor":13,"turns":1},{"damage":0,"enemies":"The Guardian","floor":16,"turns":1},{"damage":0,"enemies":"Shell Parasite","floor":18,"turns":1},{"damage":0,"enemies":"2 Thieves","floor":19,"turns":1},{"damage":0,"enemies":"3 Cultists","floor":21,"turns":1},{"damage":0,"enemies":"Snecko","floor":27,"turns":1},{"damage":0,"enemies":"Gremlin Leader","floor":29,"turns":1},{"damage":0,"enemies":"Collector","floor":33,"turns":1},{"damage":0,"enemies":"Orb Walker","floor":35,"turns":1},{"damage":0,"enemies":"3 Shapes","floor":36,"turns":1},{"damage":0,"enemies":"Spire Growth","floor":37,"turns":1},{"damage":0,"enemies":"3 Darklings","floor":41,"turns":1},{"damage":0,"enemies":"Reptomancer","floor":42,"turns":1},{"damage":0,"enemies":"Giant Head","floor":44,"turns":1},{"damage":0,"enemies":"4 Shapes","floor":45,"turns":1},{"damage":0,"enemies":"Reptomancer","floor":46,"turns":1},{"damage":0,"enemies":"Sphere and 2 Shapes","floor":47,"turns":1},{"damage":0,"enemies":"Transient","floor":48,"turns":1},{"damage":0,"enemies":"Donu and Deca","floor":50,"turns":1},{"damage":0,"enemies":"Shield and Spear","floor":54,"turns":1},{"damage":60,"enemies":"The Heart","floor":55,"turns":3}],"seed_played":"-784854259703976661","potions_obtained":[{"floor":12,"key":"Swift Potion"},{"floor":16,"key":"SpeedPotion"}],"is_trial":false,"path_per_floor":["M","?","M","M","M","E","?","E","T","R","?","M","E","?","R","B",null,"M","M","?","M","?","R","?","R","T","M","R","E","?","$","R","B",null,"M","M","M","$","?","R","M","E","T","E","M","E","M","M","R","B",null,"R","$","E","B",null],"character_chosen":"IRONCLAD","items_purchased":[],"campfire_rested":0,"item_purchase_floors":[],"current_hp_per_floor":[80,69,69,69,69,69,69,69,69,69,69,69,69,69,69,69,80,80,80,80,80,80,80,80,80,80,80,80,80,80,80,80,80,80,80,80,80,80,80,80,80,80,80,80,80,80,80,80,80,80,80,80,80,80,20],"gold":392,"neow_bonus":"BOSS_RELIC","is_daily":false,"chose_seed":false,"campfire_upgraded":9,"win_rate":0.0,"timestamp":1611668397,"path_taken":["M","?","M","M","M","E","?","E","T","R","?","?","E","?","R","BOSS","M","M","?","?","?","R","?","R","T","M","R","E","?","$","R","BOSS","M","M","M","$","?","R","M","E","T","E","M","E","M","?","R","BOSS","R","$","E","BOSS"],"items_purchased_type":[],"build_version":"2020-12-22","purchased_purges":0,"victory":true,"max_hp_per_floor":[80,80,80,80,80,80,80,80,80,80,80,80,80,80,80,80,80,80,80,80,80,80,80,80,80,80,80,80,80,80,80,80,80,80,80,80,80,80,80,80,80,80,80,80,80,80,80,80,80,80,80,80,80,80,80],"relic_stats":{"Sozu":0,"Blood Vial":0,"counters":[28,17],"Bag of Preparation":[6],"Cursed Key":0,"obtain_stats":[{"Sozu":34,"Blood Vial":46,"Coffee Dripper":0,"Bag of Preparation":29,"Toxic Egg 2":9,"Cursed Key":17,"Burning Blood":0,"FossilizedHelix":13},{"Sozu":15,"Blood Vial":23,"Coffee Dripper":0,"Bag of Preparation":14,"Toxic Egg 2":6,"Cursed Key":9,"Burning Blood":0,"FossilizedHelix":8},{"Sozu":8,"Blood Vial":11,"Coffee Dripper":0,"Bag of Preparation":7,"Toxic Egg 2":3,"Cursed Key":5,"Burning Blood":0,"FossilizedHelix":4}]},"card_choices":[{"not_picked":["Disarm","Rampage","Cleave"],"picked":"SKIP","floor":1.0},{"not_picked":["Shrug It Off","Fire Breathing","Blood for Blood"],"picked":"SKIP","floor":3.0},{"not_picked":["Heavy Blade","Combust","Whirlwind"],"picked":"SKIP","floor":4.0},{"not_picked":["Cleave","Flex","Headbutt"],"picked":"SKIP","floor":5.0},{"not_picked":["Cleave","Combust","Sword Boomerang"],"picked":"SKIP","floor":6.0},{"not_picked":["Limit Break","Iron Wave","Corruption"],"picked":"SKIP","floor":8},{"not_picked":["Headbutt","Seeing Red+1","Bloodletting+1"],"picked":"SKIP","floor":12},{"not_picked":["Shrug It Off+1","Berserk","Battle Trance+1"],"picked":"SKIP","floor":13},{"not_picked":["Shrug It Off+1","Combust","Clash+1"],"picked":"SKIP","floor":18},{"not_picked":["Dark Embrace","Armaments+1","Cleave"],"picked":"SKIP","floor":19},{"not_picked":["Pommel Strike","Body Slam+1","Feel No Pain"],"picked":"SKIP","floor":21},{"not_picked":["Armaments+1","Whirlwind","Headbutt"],"picked":"SKIP","floor":27},{"not_picked":["Dark Embrace+1","Second Wind+1","True Grit+1"],"picked":"SKIP","floor":29},{"not_picked":["Heavy Blade","Twin Strike+1","Clash+1"],"picked":"SKIP","floor":35},{"not_picked":["Anger+1","Pommel Strike+1","Fire Breathing+1"],"picked":"SKIP","floor":36},{"not_picked":["Warcry+1","Sever Soul","Thunderclap"],"picked":"SKIP","floor":37},{"not_picked":["Uppercut+1","Burning Pact+1","Limit Break+1"],"picked":"SKIP","floor":41},{"not_picked":["Sword Boomerang+1","Dropkick","Reaper"],"picked":"SKIP","floor":42},{"not_picked":["Uppercut","Clothesline+1","Headbutt+1"],"picked":"SKIP","floor":44},{"not_picked":["Hemokinesis","Clash","Sword Boomerang+1"],"picked":"SKIP","floor":45},{"not_picked":["Heavy Blade","Fire Breathing+1","Rupture"],"picked":"SKIP","floor":46},{"not_picked":["Reckless Charge","Rage+1","Limit Break+1"],"picked":"SKIP","floor":47},{"not_picked":["Disarm+1","Clash","Shockwave+1"],"picked":"SKIP","floor":48},{"not_picked":["Hemokinesis","Blood for Blood","Second Wind+1"],"picked":"SKIP","floor":54}],"player_experience":4431,"relics_obtained":[{"floor":9,"key":"Toxic Egg 2"},{"floor":13,"key":"FossilizedHelix"},{"floor":29,"key":"Bag of Preparation"},{"floor":46,"key":"Blood Vial"}],"event_choices":[{"damage_healed":0.0,"max_hp_gain":0.0,"max_hp_loss":0.0,"gold_gain":75.0,"event_name":"World of Goop","player_choice":"Gather Gold","floor":2.0,"gold_loss":0.0,"damage_taken":11.0},{"damage_healed":0,"gold_gain":0,"player_choice":"Ignored","damage_taken":0,"max_hp_gain":0,"max_hp_loss":0,"event_name":"Golden Wing","floor":7,"gold_loss":0},{"damage_healed":0,"gold_gain":0,"player_choice":"Ignored","damage_taken":0,"max_hp_gain":0,"max_hp_loss":0,"event_name":"Transmorgrifier","floor":11,"gold_loss":0},{"damage_healed":0,"gold_gain":0,"player_choice":"Fled","damage_taken":0,"max_hp_gain":0,"max_hp_loss":0,"event_name":"Scrap Ooze","floor":14,"gold_loss":0},{"damage_healed":0,"gold_gain":0,"player_choice":"Ignored","damage_taken":0,"max_hp_gain":0,"max_hp_loss":0,"event_name":"N\u0027loth","floor":20,"gold_loss":0},{"damage_healed":0,"gold_gain":0,"player_choice":"Ignored","damage_taken":0,"max_hp_gain":0,"max_hp_loss":0,"event_name":"Beggar","floor":22,"gold_loss":0},{"damage_healed":0,"gold_gain":0,"player_choice":"Ignored","damage_taken":0,"max_hp_gain":0,"max_hp_loss":0,"event_name":"Vampires","floor":30,"gold_loss":0},{"cards_removed":["Strike_R"],"damage_healed":0,"gold_gain":0,"player_choice":"Offered Basic","damage_taken":0,"max_hp_gain":0,"max_hp_loss":0,"event_name":"Bonfire Elementals","floor":39,"gold_loss":0}],"is_beta":false,"boss_relics":[{"not_picked":["SacredBark","Mark of Pain"],"picked":"Cursed Key"},{"not_picked":["Runic Dome","Empty Cage"],"picked":"Sozu"}],"items_purged_floors":[],"is_endless":false,"potions_floor_spawned":[1,12,13,16,18,19,33,36,37,47,54],"ascension_level":0}}