{"host":"sc0o2qwpf9j16a4i","time":1611686230,"event":{"mods":["AchievementEnabler","BaseMod","BetterRewards","Block Reminder","Colored Map","Colored Powertips","Custom Start","Highlight Path","Minty Spire (QoL Compilation)","Relic Stats"],"gold_per_floor":[113,113,63,74,88,114,114,141,210,239,252,284,284,314,314,410,410,424,52,64,64,83,110,137,176,213,245,275,323,347,378,399,522,534,558,1587,1615,1627,882,926,946,986,986,1011,1044,1044,1058,1068,1068,1068],"floor_reached":51,"language":"ENG","playtime":2107,"items_purged":["Regret","Strike_P"],"score":1157,"play_id":"4efc4a2e-ea7f-4f4b-8094-772ac268c01e","local_time":"20210126203710","daily_mods":["Heirloom","Vintage","DeadlyEvents"],"is_ascension_mode":false,"campfire_choices":[{"data":"Worship","floor":7,"key":"SMITH"},{"floor":15,"key":"REST"},{"floor":32,"key":"REST"},{"data":"Prostrate","floor":46,"key":"SMITH"},{"data":"Prostrate","floor":49,"key":"SMITH"}],"circlet_count":0,"master_deck":["Strike_P+1","Defend_P","Defend_P","Defend_P","Defend_P","Eruption","Vigilance","Worship+1","Prostrate+1","Swivel+1","LikeWater","Vault","Conclude+1","Prostrate+1","ThirdEye+1","WheelKick","Omniscience","Normality","Normality","Apotheosis+1","Sanctity+1","Prostrate+1","WindmillStrike"],"relics":["PureWater","Du-Vu Doll","Torii","Blood Vial","Letter Opener","Akabeko","Regal Pillow","Boot","Pear","Bottled Lightning","Bronze Scales","Yang","Eternal Feather","Runic Pyramid","Strawberry","Damaru","Vajra","Blue Candle","CeramicFish","Bag of Marbles","Happy Flower","MawBank","Oddly Smooth Stone","Lantern","Whetstone","MealTicket","Dream Catcher","Tiny Chest","SlaversCollar","Pen Nib","Toxic Egg 2","ClockworkSouvenir","Centennial Puzzle","Toy Ornithopter","Nunchaku","Meat on the Bone","Mercury Hourglass","InkBottle","Omamori","Smiling Mask","Peace Pipe","War Paint"],"acts_visited":["Exordium","TheCity","TheBeyond"],"potions_floor_usage":[6,8,12,14,18,23,25,29,33,40,40,40,40,47,49,50],"damage_taken":[{"damage":0,"enemies":"2 Louse","floor":1,"turns":2},{"damage":6,"enemies":"Jaw Worm","floor":4,"turns":4},{"damage":2,"enemies":"Cultist","floor":5,"turns":3},{"damage":5,"enemies":"Gremlin Nob","floor":6,"turns":2},{"damage":15,"enemies":"Lagavulin","floor":8,"turns":6},{"damage":11,"enemies":"3 Sentries","floor":10,"turns":11},{"damage":7,"enemies":"Lots of Slimes","floor":11,"turns":4},{"damage":25,"enemies":"Gremlin Nob","floor":12,"turns":4},{"damage":2,"enemies":"3 Sentries","floor":14,"turns":6},{"damage":41,"enemies":"The Guardian","floor":16,"turns":15},{"damage":20,"enemies":"2 Thieves","floor":18,"turns":4},{"damage":0,"enemies":"Chosen","floor":20,"turns":5},{"damage":7,"enemies":"Centurion and Healer","floor":22,"turns":5},{"damage":32,"enemies":"Slavers","floor":23,"turns":4},{"damage":2,"enemies":"Book of Stabbing","floor":24,"turns":5},{"damage":0,"enemies":"Gremlin Leader","floor":25,"turns":5},{"damage":0,"enemies":"Snecko","floor":27,"turns":7},{"damage":0,"enemies":"3 Cultists","floor":28,"turns":5},{"damage":9,"enemies":"Slavers","floor":29,"turns":4},{"damage":1,"enemies":"Centurion and Healer","floor":30,"turns":2},{"damage":0,"enemies":"Snake Plant","floor":31,"turns":2},{"damage":1,"enemies":"Collector","floor":33,"turns":10},{"damage":0,"enemies":"3 Shapes","floor":35,"turns":3},{"damage":10,"enemies":"3 Darklings","floor":37,"turns":4},{"damage":11,"enemies":"Reptomancer","floor":40,"turns":6},{"damage":2,"enemies":"4 Shapes","floor":41,"turns":3},{"damage":2,"enemies":"Nemesis","floor":42,"turns":5},{"damage":2,"enemies":"Reptomancer","floor":45,"turns":4},{"damage":0,"enemies":"Jaw Worm Horde","floor":47,"turns":2},{"damage":16,"enemies":"3 Darklings","floor":48,"turns":4},{"damage":2,"enemies":"Awakened One","floor":50,"turns":10}],"seed_played":"-4495345054366482347","potions_obtained":[{"floor":4,"key":"FearPotion"},{"floor":6,"key":"ColorlessPotion"},{"floor":11,"key":"DistilledChaos"},{"floor":12,"key":"SkillPotion"},{"floor":14,"key":"Explosive Potion"},{"floor":16,"key":"DuplicationPotion"},{"floor":20,"key":"BlessingOfTheForge"},{"floor":22,"key":"ColorlessPotion"},{"floor":23,"key":"EssenceOfSteel"},{"floor":27,"key":"LiquidMemories"},{"floor":29,"key":"EntropicBrew"},{"floor":33,"key":"BlessingOfTheForge"},{"floor":42,"key":"GamblersBrew"},{"floor":47,"key":"Energy Potion"},{"floor":48,"key":"Fruit Juice"}],"is_trial":true,"path_per_floor":["M","?","?","M","M","E","R","E","T","E","M","E","?","E","R","B",null,"M","$","M","?","M","E","E","E","T","M","M","E","M","M","R","B",null,"M","?","M","?","$","E","M","E","T","T","E","R","M","M","R","B",null],"character_chosen":"WATCHER","items_purchased":["Damaru","Vajra","Apotheosis+1","ClockworkSouvenir","Centennial Puzzle","Toy Ornithopter","Sanctity+1"],"campfire_rested":2,"item_purchase_floors":[19,19,39,39,39,39,39],"current_hp_per_floor":[72,72,72,66,66,63,63,50,60,51,46,23,23,23,71,32,82,69,69,71,71,66,36,36,38,38,40,42,35,36,38,88,88,89,89,89,79,79,89,88,87,87,87,87,87,89,89,73,94,92],"gold":1068,"neow_bonus":"","is_daily":false,"chose_seed":false,"campfire_upgraded":3,"win_rate":0.0,"timestamp":1611686230,"path_taken":["M","?","?","?","M","E","R","E","T","?","M","E","?","E","R","BOSS","M","$","M","?","M","E","?","E","T","M","M","E","M","M","R","BOSS","M","?","?","?","$","E","M","E","T","?","?","R","M","M","R","BOSS"],"items_purchased_type":["Relic","Relic","Card","Relic","Relic","Relic","Card"],"build_version":"2020-12-22","purchased_purges":2,"victory":true,"max_hp_per_floor":[72,72,72,72,72,72,72,72,82,82,82,82,82,82,82,82,82,89,89,89,89,89,89,89,89,89,89,89,89,89,89,89,89,89,89,89,89,89,89,89,89,89,89,89,89,89,89,89,94,94],"relic_stats":{"Regal Pillow":30,"Torii":43,"CeramicFish":90,"Yang":[121],"Whetstone":["Strike_P","Conclude"],"Boot":[4],"Smiling Mask":0,"Blood Vial":42,"Dream Catcher":1,"Centennial Puzzle":[15],"Nunchaku":[2],"MealTicket":10,"Tiny Chest":1,"InkBottle":[9],"Happy Flower":[25],"counters":[31,156],"Blue Candle":[13],"Eternal Feather":32,"Pen Nib":[3],"Letter Opener":[613],"War Paint":["Swivel","ThirdEye"],"MawBank":168,"Mercury Hourglass":[111],"Peace Pipe":0,"Bronze Scales":[310],"obtain_stats":[{"Regal Pillow":6,"Lantern":27,"Torii":1,"CeramicFish":22,"Vajra":19,"Yang":12,"Whetstone":28,"Boot":8,"Smiling Mask":45,"ClockworkSouvenir":39,"Blood Vial":2,"Dream Catcher":30,"Centennial Puzzle":39,"Nunchaku":40,"Strawberry":18,"MealTicket":29,"Tiny Chest":31,"Toxic Egg 2":37,"InkBottle":43,"Runic Pyramid":17,"Pear":9,"Happy Flower":24,"Blue Candle":20,"Damaru":19,"Oddly Smooth Stone":26,"Eternal Feather":14,"Pen Nib":35,"Omamori":44,"Letter Opener":4,"War Paint":48,"MawBank":25,"Akabeko":5,"Mercury Hourglass":42,"Du-Vu Doll":0,"Peace Pipe":47,"SlaversCollar":34,"Bronze Scales":11,"Bag of Marbles":23,"Bottled Lightning":10,"PureWater":0,"Toy Ornithopter":39,"Meat on the Bone":41},{"Regal Pillow":4,"Lantern":17,"Torii":1,"CeramicFish":13,"Vajra":11,"Yang":8,"Whetstone":18,"Boot":5,"Smiling Mask":28,"ClockworkSouvenir":24,"Blood Vial":1,"Dream Catcher":20,"Centennial Puzzle":24,"Nunchaku":25,"Strawberry":11,"MealTicket":19,"Tiny Chest":21,"Toxic Egg 2":24,"InkBottle":27,"Runic Pyramid":10,"Pear":5,"Happy Flower":15,"Blue Candle":12,"Damaru":11,"Oddly Smooth Stone":16,"Eternal Feather":9,"Pen Nib":23,"Omamori":27,"Letter Opener":2,"War Paint":30,"MawBank":16,"Akabeko":3,"Mercury Hourglass":27,"Du-Vu Doll":0,"Peace Pipe":29,"SlaversCollar":22,"Bronze Scales":7,"Bag of Marbles":14,"Bottled Lightning":6,"PureWater":0,"Toy Ornithopter":24,"Meat on the Bone":26},{"Regal Pillow":11,"Lantern":92,"Torii":2,"CeramicFish":71,"Vajra":61,"Yang":36,"Whetstone":97,"Boot":17,"Smiling Mask":140,"ClockworkSouvenir":122,"Blood Vial":2,"Dream Catcher":103,"Centennial Puzzle":122,"Nunchaku":128,"Strawberry":61,"MealTicket":101,"Tiny Chest":105,"Toxic Egg 2":122,"InkBottle":136,"Runic Pyramid":57,"Pear":17,"Happy Flower":80,"Blue Candle":66,"Damaru":61,"Oddly Smooth Stone":85,"Eternal Feather":42,"Pen Nib":118,"Omamori":136,"Letter Opener":6,"War Paint":146,"MawBank":85,"Akabeko":9,"Mercury Hourglass":136,"Du-Vu Doll":0,"Peace Pipe":142,"SlaversCollar":115,"Bronze Scales":32,"Bag of Marbles":75,"Bottled Lightning":28,"PureWater":0,"Toy Ornithopter":122,"Meat on the Bone":131}],"Toy Ornithopter":9,"Meat on the Bone":0},"card_choices":[{"not_picked":["Halt","SignatureMove"],"picked":"Worship","floor":6},{"not_picked":["Pray","FlurryOfBlows"],"picked":"Prostrate","floor":8},{"not_picked":["Worship","SignatureMove"],"picked":"Wireheading","floor":10},{"not_picked":["Evaluate","Halt"],"picked":"Swivel","floor":12},{"not_picked":["Weave","WaveOfTheHand"],"picked":"LikeWater","floor":14},{"not_picked":["Judgement","DeusExMachina"],"picked":"Vault","floor":16},{"not_picked":["PathToVictory","Adaptation","EmptyFist+1"],"picked":"SKIP","floor":23},{"not_picked":["EmptyBody","FlurryOfBlows","EmptyFist"],"picked":"SKIP","floor":24},{"not_picked":["ForeignInfluence","SashWhip"],"picked":"Prostrate","floor":25},{"not_picked":["SignatureMove","Evaluate"],"picked":"ThirdEye","floor":29},{"not_picked":["Worship","Alpha"],"picked":"WheelKick","floor":32},{"not_picked":["Judgement","Brilliance"],"picked":"Omniscience","floor":33},{"not_picked":["FlurryOfBlows","Halt+1"],"picked":"Prostrate+1","floor":40},{"not_picked":["WaveOfTheHand+1","EmptyFist+1"],"picked":"WindmillStrike","floor":42},{"not_picked":["Indignation+1","FollowUp","Perseverance+1"],"picked":"SKIP","floor":45}],"player_experience":992757,"relics_obtained":[{"floor":1,"key":"Torii"},{"floor":4,"key":"Letter Opener"},{"floor":5,"key":"Akabeko"},{"floor":6,"key":"Regal Pillow"},{"floor":8,"key":"Boot"},{"floor":9,"key":"Pear"},{"floor":10,"key":"Bottled Lightning"},{"floor":11,"key":"Bronze Scales"},{"floor":12,"key":"Yang"},{"floor":14,"key":"Eternal Feather"},{"floor":18,"key":"Strawberry"},{"floor":20,"key":"Blue Candle"},{"floor":22,"key":"CeramicFish"},{"floor":23,"key":"Bag of Marbles"},{"floor":24,"key":"Happy Flower"},{"floor":25,"key":"MawBank"},{"floor":26,"key":"Oddly Smooth Stone"},{"floor":27,"key":"Lantern"},{"floor":28,"key":"Whetstone"},{"floor":29,"key":"MealTicket"},{"floor":30,"key":"Dream Catcher"},{"floor":31,"key":"Tiny Chest"},{"floor":35,"key":"Pen Nib"},{"floor":37,"key":"Toxic Egg 2"},{"floor":40,"key":"Nunchaku"},{"floor":41,"key":"Meat on the Bone"},{"floor":42,"key":"Mercury Hourglass"},{"floor":43,"key":"InkBottle"},{"floor":44,"key":"Omamori"},{"floor":45,"key":"Smiling Mask"},{"floor":47,"key":"Peace Pipe"},{"floor":48,"key":"War Paint"}],"event_choices":[{"damage_healed":0,"gold_gain":0,"player_choice":"Box","damage_taken":0,"relics_obtained":["Blood Vial"],"max_hp_gain":0,"max_hp_loss":0,"event_name":"Big Fish","floor":2,"gold_loss":0,"cards_obtained":["Regret"]},{"cards_removed":["Strike_P"],"damage_healed":0,"gold_gain":0,"player_choice":"Card Removal","damage_taken":0,"max_hp_gain":0,"max_hp_loss":0,"event_name":"The Cleric","floor":3,"gold_loss":50},{"damage_healed":0,"gold_gain":0,"player_choice":"Ignored","damage_taken":0,"max_hp_gain":0,"max_hp_loss":0,"event_name":"Golden Wing","floor":13,"gold_loss":0},{"damage_healed":0,"gold_gain":0,"cards_transformed":["Strike_P"],"player_choice":"Transformed","damage_taken":0,"max_hp_gain":0,"max_hp_loss":0,"event_name":"Transmorgrifier","floor":21,"gold_loss":0,"cards_obtained":["Conclude"]},{"damage_healed":0,"gold_gain":999,"player_choice":"Gold","damage_taken":0,"max_hp_gain":0,"max_hp_loss":0,"event_name":"MindBloom","floor":36,"gold_loss":0,"cards_obtained":["Normality","Normality"]},{"cards_removed":["Wireheading"],"damage_healed":0,"gold_gain":0,"player_choice":"Removed Power","damage_taken":0,"max_hp_gain":0,"max_hp_loss":0,"event_name":"Falling","floor":38,"gold_loss":0}],"is_beta":false,"boss_relics":[{"not_picked":["Sozu","Fusion Hammer"],"picked":"Runic Pyramid"},{"not_picked":["Black Star","Empty Cage"],"picked":"SlaversCollar"}],"items_purged_floors":[19,39],"is_endless":false,"potions_floor_spawned":[4,6,11,12,14,16,20,22,23,24,27,29,33,35,37,42,47,48],"ascension_level":0}}