{"host":"m4gb89kpcfic7v2a","time":1611650136,"event":{"mods":["BaseMod","Hermit","Minty Spire (QoL Compilation)","StSLib","The Animator","The Marked"],"gold_per_floor":[112,131,142,152,168,195,195,228,254,254,219,232,250,125,125,225,275,285,285,303,303,326,326,425,425,425,445,445,445],"floor_reached":28,"language":"ENG","playtime":2944,"items_purged":["hermit:CalledShot"],"score":230,"play_id":"6f00a586-f144-49ad-a28b-21e30745d5e5","local_time":"20210126013536","is_ascension_mode":false,"campfire_choices":[{"floor":7,"key":"REST"},{"floor":10,"key":"REST"},{"data":"hermit:Maintenance","floor":15,"key":"SMITH"},{"data":"hermit:FullyLoaded","floor":23,"key":"SMITH"},{"data":"hermit:Ricochet","floor":25,"key":"SMITH"}],"circlet_count":0,"master_deck":["hermit:Strike_Hermit","hermit:Strike_Hermit","hermit:Strike_Hermit","hermit:Strike_Hermit+1","hermit:Defend_Hermit","hermit:Defend_Hermit","hermit:Defend_Hermit","hermit:Defend_Hermit","hermit:Snapshot","hermit:Covet","hermit:BigShot","hermit:Ricochet+1","hermit:Maintenance+1","hermit:BigShot","hermit:Enervate","hermit:Vantage","hermit:FullyLoaded+1","hermit:Deadeye","hermit:EyeOfTheStorm+1"],"relics":["hermit:Momento","Peace Pipe","Question Card","Tiny Chest","Nloth\u0027s Gift","Smiling Mask","Lantern"],"acts_visited":["Exordium","TheCity"],"potions_floor_usage":[8,16,18],"damage_taken":[{"damage":2,"enemies":"Small Slimes","floor":1,"turns":3},{"damage":10,"enemies":"2 Louse","floor":2,"turns":3},{"damage":2,"enemies":"Cultist","floor":3,"turns":5},{"damage":5,"enemies":"Looter","floor":4,"turns":3},{"damage":14,"enemies":"Exordium Thugs","floor":5,"turns":4},{"damage":21,"enemies":"Lagavulin","floor":6,"turns":5},{"damage":41,"enemies":"3 Sentries","floor":8,"turns":8},{"damage":14,"enemies":"Blue Slaver","floor":12,"turns":4},{"damage":4,"enemies":"Large Slime","floor":13,"turns":4},{"damage":8,"enemies":"The Guardian","floor":16,"turns":14},{"damage":14,"enemies":"3 Byrds","floor":18,"turns":3},{"damage":34,"enemies":"Shell Parasite","floor":20,"turns":7},{"damage":13,"enemies":"Cultist and Chosen","floor":27,"turns":6},{"damage":34,"enemies":"Slavers","floor":28,"turns":2}],"seed_played":"-6088886473806302445","potions_obtained":[{"floor":2,"key":"PowerPotion"},{"floor":6,"key":"Block Potion"},{"floor":17,"key":"LiquidBronze"},{"floor":20,"key":"Explosive Potion"},{"floor":27,"key":"LiquidMemories"}],"is_trial":false,"path_per_floor":["M","M","M","M","M","E","R","E","T","R","?","M","M","$","R","B",null,"M","?","M","?","T","R","?","R","T","M","E"],"character_chosen":"HERMIT","items_purchased":["hermit:Vantage"],"campfire_rested":2,"item_purchase_floors":[14],"current_hp_per_floor":[80,70,68,63,49,28,52,11,11,35,55,41,37,37,37,29,87,73,73,39,39,39,39,39,39,39,26,0,0],"gold":445,"neow_bonus":"TEN_PERCENT_HP_BONUS","is_daily":false,"chose_seed":false,"campfire_upgraded":3,"win_rate":0.0,"timestamp":1611650136,"path_taken":["M","M","M","M","M","E","R","E","T","R","?","M","M","$","R","BOSS","M","?","M","?","?","R","?","R","T","M","E"],"items_purchased_type":["Card"],"build_version":"2020-12-22","purchased_purges":1,"victory":false,"max_hp_per_floor":[82,82,82,82,82,82,82,82,82,82,82,82,82,82,82,82,87,87,87,87,87,87,87,87,87,87,87,87,87],"card_choices":[{"not_picked":["hermit:Snipe","hermit:BodyArmor"],"picked":"hermit:CalledShot","floor":1},{"not_picked":["hermit:CalledShot","hermit:Maintenance"],"picked":"hermit:BigShot","floor":2},{"not_picked":["hermit:Desperado","hermit:Feint","hermit:Snipe"],"picked":"SKIP","floor":3},{"not_picked":["hermit:Brawl","hermit:Coalescence"],"picked":"hermit:Ricochet","floor":4},{"not_picked":["hermit:Midnight","hermit:Misfire","hermit:CursedWeapon"],"picked":"SKIP","floor":5},{"not_picked":["hermit:SprayPray","hermit:TrackingShot"],"picked":"hermit:Maintenance","floor":6},{"not_picked":["hermit:Magnum","hermit:Manifest"],"picked":"hermit:BigShot","floor":8},{"not_picked":["hermit:Brawl","hermit:LoneWolf","hermit:CursedWeapon"],"picked":"hermit:Enervate","floor":12},{"not_picked":["hermit:FlashPowder","hermit:Glare","hermit:Quickdraw","hermit:HighCaliber"],"picked":"SKIP","floor":13},{"not_picked":["hermit:Feint","hermit:Dive","hermit:HighCaliber"],"picked":"hermit:FullyLoaded","floor":17},{"not_picked":["hermit:Gestalt","hermit:Showdown+1","hermit:Virtue"],"picked":"hermit:Deadeye","floor":18},{"not_picked":["hermit:Virtue","hermit:Grudge","hermit:GhostlyPresence","hermit:WideOpen"],"picked":"SKIP","floor":20},{"not_picked":["hermit:Misfire","hermit:LowProfile","hermit:CalledShot"],"picked":"hermit:EyeOfTheStorm+1","floor":27}],"player_experience":187134,"relics_obtained":[{"floor":6,"key":"Peace Pipe"},{"floor":8,"key":"Question Card"},{"floor":9,"key":"Tiny Chest"},{"floor":22,"key":"Smiling Mask"},{"floor":26,"key":"Lantern"}],"event_choices":[{"damage_healed":20,"gold_gain":0,"player_choice":"Healed","damage_taken":0,"max_hp_gain":0,"max_hp_loss":0,"event_name":"The Cleric","floor":11,"gold_loss":35},{"damage_healed":0,"gold_gain":0,"player_choice":"Ignored","damage_taken":0,"max_hp_gain":0,"max_hp_loss":0,"event_name":"Vampires","floor":19,"gold_loss":0},{"damage_healed":0,"gold_gain":0,"player_choice":"Traded Relic","damage_taken":0,"relics_obtained":["Nloth\u0027s Gift"],"max_hp_gain":0,"max_hp_loss":0,"event_name":"N\u0027loth","floor":21,"relics_lost":["Tiny House"],"gold_loss":0},{"damage_healed":0,"gold_gain":99,"player_choice":"Stole From Cult","damage_taken":0,"max_hp_gain":0,"max_hp_loss":0,"event_name":"Nest","floor":24,"gold_loss":0}],"is_beta":false,"boss_relics":[{"not_picked":["Fusion Hammer","Astrolabe"],"picked":"Tiny House"}],"items_purged_floors":[14],"is_endless":false,"potions_floor_spawned":[2,6,13,20,27],"killed_by":"Slavers","ascension_level":0}}