{"host":"1ekl8hlbnopmdapi","time":1611690400,"event":{"mods":["AchievementEnabler","BaseMod","Colored Map","Colored Powertips","DeckTracker","Googly Eyes","Highlight Path","Minty Spire (QoL Compilation)","Relic Sorter","StSLib","Synergy Search"],"gold_per_floor":[114,131,150,78,78,78,105,105,128,78,106,116,48,101,101,199,199,212,127,127,92,106,106,106],"floor_reached":23,"language":"ENG","playtime":616,"items_purged":[],"score":234,"play_id":"d2d5d43b-468c-423c-b777-7626ab6ad798","local_time":"20210126144640","is_ascension_mode":true,"campfire_choices":[{"floor":6,"key":"RECALL"},{"floor":8,"key":"REST"},{"floor":15,"key":"REST"}],"circlet_count":0,"master_deck":["Strike_G","Strike_G","Strike_G","Strike_G","Defend_G","Defend_G","Defend_G","Defend_G","Defend_G","Survivor","Neutralize","Noxious Fumes","Masterful Stab","Dodge and Roll","Caltrops","Poisoned Stab","All Out Attack","Cloak And Dagger","Noxious Fumes","Tools of the Trade","Deadly Poison","Noxious Fumes","Dodge and Roll"],"relics":["SlaversCollar","Du-Vu Doll","Odd Mushroom","Question Card","Juzu Bracelet","Black Star","Gambling Chip","MutagenicStrength"],"acts_visited":["Exordium","TheCity"],"potions_floor_usage":[7,7,16],"damage_taken":[{"damage":9,"enemies":"Cultist","floor":1,"turns":6},{"damage":7,"enemies":"Small Slimes","floor":2,"turns":3},{"damage":1,"enemies":"2 Louse","floor":3,"turns":3},{"damage":3,"enemies":"The Mushroom Lair","floor":7,"turns":5},{"damage":23,"enemies":"Lagavulin","floor":11,"turns":9},{"damage":8,"enemies":"2 Fungi Beasts","floor":12,"turns":4},{"damage":26,"enemies":"Slime Boss","floor":16,"turns":9},{"damage":11,"enemies":"Chosen","floor":18,"turns":6},{"damage":19,"enemies":"Spheric Guardian","floor":22,"turns":4},{"damage":36,"enemies":"Slavers","floor":23,"turns":2}],"seed_played":"-7267284750351564983","potions_obtained":[{"floor":1,"key":"DistilledChaos"},{"floor":2,"key":"DistilledChaos"},{"floor":12,"key":"Fruit Juice"}],"is_trial":false,"path_per_floor":["M","M","M","$","?","R","?","R","T","?","E","M","$","T","R","B",null,"M","?","?","$","M","E"],"character_chosen":"THE_SILENT","items_purchased":["Caltrops","Noxious Fumes","Noxious Fumes"],"campfire_rested":2,"item_purchase_floors":[4,13,21],"current_hp_per_floor":[61,54,53,53,50,50,47,68,68,68,45,37,37,37,58,37,66,55,55,55,55,36,0,0],"gold":106,"neow_bonus":"BOSS_RELIC","is_daily":false,"chose_seed":false,"campfire_upgraded":0,"win_rate":0.0,"timestamp":1611690400,"path_taken":["M","M","M","?","?","R","?","R","T","?","E","?","$","?","R","BOSS","M","?","?","?","M","E"],"items_purchased_type":["Card","Card","Card"],"build_version":"2020-12-22","purchased_purges":0,"victory":false,"max_hp_per_floor":[70,70,70,70,70,70,70,70,70,70,70,70,70,70,70,75,75,75,75,75,75,75,75,75],"card_choices":[{"not_picked":["Underhanded Strike","Blur"],"picked":"Noxious Fumes","floor":1},{"not_picked":["Reflex","Well Laid Plans"],"picked":"Masterful Stab","floor":2},{"not_picked":["Slice","Flechettes"],"picked":"Dodge and Roll","floor":3},{"not_picked":["Bane","Footwork"],"picked":"Poisoned Stab","floor":7},{"not_picked":["Escape Plan","Masterful Stab"],"picked":"All Out Attack","floor":11},{"not_picked":["Deflect","PiercingWail","Slice"],"picked":"Cloak And Dagger","floor":12},{"not_picked":["Doppelganger","Burst","Wraith Form v2"],"picked":"Tools of the Trade","floor":16},{"not_picked":["Slice","Accuracy","Concentrate"],"picked":"Deadly Poison","floor":18},{"not_picked":["Tactician+1","Sucker Punch","Outmaneuver"],"picked":"Dodge and Roll","floor":22}],"player_experience":500525,"relics_obtained":[{"floor":7,"key":"Odd Mushroom"},{"floor":11,"key":"Question Card"},{"floor":14,"key":"Juzu Bracelet"}],"event_choices":[{"damage_healed":0,"gold_gain":0,"player_choice":"Success","damage_taken":3,"relics_obtained":["Du-Vu Doll"],"max_hp_gain":0,"max_hp_loss":0,"event_name":"Scrap Ooze","floor":5,"gold_loss":0},{"damage_healed":0,"gold_gain":0,"player_choice":"Fought Mushrooms","damage_taken":0,"max_hp_gain":0,"max_hp_loss":0,"event_name":"Mushrooms","floor":7,"gold_loss":0},{"cards_removed":["Strike_G"],"damage_healed":0,"gold_gain":0,"player_choice":"Card Removal","damage_taken":0,"max_hp_gain":0,"max_hp_loss":0,"event_name":"The Cleric","floor":10,"gold_loss":50},{"damage_healed":0,"gold_gain":0,"player_choice":"Obtained Relic","damage_taken":0,"relics_obtained":["Gambling Chip"],"max_hp_gain":0,"max_hp_loss":0,"event_name":"Addict","floor":19,"gold_loss":85},{"damage_healed":0,"gold_gain":0,"player_choice":"Inject Mutagens","damage_taken":0,"relics_obtained":["MutagenicStrength"],"max_hp_gain":0,"max_hp_loss":0,"event_name":"Drug Dealer","floor":20,"gold_loss":0}],"is_beta":false,"boss_relics":[{"not_picked":["WristBlade","Empty Cage"],"picked":"Black Star"}],"items_purged_floors":[],"is_endless":false,"potions_floor_spawned":[1,2,12],"killed_by":"Slavers","ascension_level":5}}