{"host":"p7j7o00jacnw7qzt","time":1611643055,"event":{"mods":["BaseMod","Colored Map","Colored Powertips","DeckTracker","Highlight Path","Minty Spire (QoL Compilation)","Relic Stats"],"gold_per_floor":[112,37,37,37,50,50,81,131,155,155,168,168,186,217,217,294,294,312,312,312,338,350,383,395,442,478,415,415,430,430,430,430,504,504,524,571,793,693,693,693,725,725,725,736,756,766,474,487,487,487,487,487,487,83,113,113],"floor_reached":57,"language":"ZHS","playtime":2504,"items_purged":["Strike_G","Bullet Time","Defend_G","Defend_G"],"score":3373,"play_id":"285c68a1-e48e-4d16-94ab-1f0ddb543294","local_time":"20210126013735","is_ascension_mode":true,"campfire_choices":[{"data":"Eviscerate","floor":6.0,"key":"SMITH"},{"data":"Acrobatics","floor":10.0,"key":"SMITH"},{"data":"Tactician","floor":12.0,"key":"SMITH"},{"floor":15.0,"key":"RECALL"},{"data":"Expertise","floor":24.0,"key":"SMITH"},{"data":"Acrobatics","floor":30.0,"key":"SMITH"},{"data":"Tools of the Trade","floor":32.0,"key":"SMITH"},{"data":"Grand Finale","floor":40.0,"key":"SMITH"},{"data":"Escape Plan","floor":49.0,"key":"SMITH"},{"data":"Escape Plan","floor":53,"key":"SMITH"}],"circlet_count":0,"master_deck":["AscendersBane","Defend_G","Defend_G","Survivor","Neutralize","Tactician+1","Acrobatics+1","Escape Plan+1","Grand Finale+1","Expertise+1","Acrobatics+1","Escape Plan+1","Footwork"],"relics":["Ring of the Snake","NeowsBlessing","Gambling Chip","White Beast Statue","Empty Cage","Gremlin Horn","Red Mask","MawBank","TungstenRod","Pen Nib","Art of War","Coffee Dripper","Prayer Wheel","Question Card","Eternal Feather","Oddly Smooth Stone","Lantern","Bottled Tornado"],"acts_visited":["Exordium","TheCity","TheBeyond","TheEnding"],"potions_floor_usage":[56],"damage_taken":[{"damage":0.0,"enemies":"Jaw Worm","floor":1.0,"turns":1.0},{"damage":0.0,"enemies":"2 Louse","floor":5.0,"turns":1.0},{"damage":0.0,"enemies":"Gremlin Nob","floor":7.0,"turns":1.0},{"damage":0.0,"enemies":"Cultist","floor":11.0,"turns":2.0},{"damage":0.0,"enemies":"2 Fungi Beasts","floor":13.0,"turns":2.0},{"damage":0.0,"enemies":"3 Sentries","floor":14.0,"turns":5.0},{"damage":47.0,"enemies":"Slime Boss","floor":16.0,"turns":12.0},{"damage":0.0,"enemies":"Chosen","floor":18.0,"turns":2.0},{"damage":0.0,"enemies":"Masked Bandits","floor":21.0,"turns":2.0},{"damage":0.0,"enemies":"3 Byrds","floor":22.0,"turns":1.0},{"damage":0.0,"enemies":"Gremlin Leader","floor":23.0,"turns":2.0},{"damage":2.0,"enemies":"Book of Stabbing","floor":25.0,"turns":3.0},{"damage":0.0,"enemies":"Snecko","floor":29.0,"turns":2.0},{"damage":0.0,"enemies":"Collector","floor":33.0,"turns":2.0},{"damage":0.0,"enemies":"3 Shapes","floor":35.0,"turns":1.0},{"damage":0.0,"enemies":"2 Orb Walkers","floor":36.0,"turns":1.0},{"damage":0.0,"enemies":"Giant Head","floor":41.0,"turns":2.0},{"damage":0.0,"enemies":"Orb Walker","floor":44.0,"turns":1.0},{"damage":0.0,"enemies":"Maw","floor":45.0,"turns":2.0},{"damage":0.0,"enemies":"Spire Growth","floor":46.0,"turns":1.0},{"damage":0.0,"enemies":"Transient","floor":48.0,"turns":2.0},{"damage":0.0,"enemies":"Awakened One","floor":50.0,"turns":2.0},{"damage":0,"enemies":"Time Eater","floor":51,"turns":4},{"damage":0,"enemies":"Shield and Spear","floor":55,"turns":1},{"damage":54,"enemies":"The Heart","floor":56,"turns":7}],"seed_played":"-971775757579988711","potions_obtained":[{"floor":5.0,"key":"Fire Potion"},{"floor":13.0,"key":"DistilledChaos"},{"floor":14.0,"key":"Poison Potion"},{"floor":16.0,"key":"DuplicationPotion"},{"floor":18.0,"key":"LiquidMemories"},{"floor":29.0,"key":"FairyPotion"},{"floor":41.0,"key":"GhostInAJar"}],"is_trial":false,"path_per_floor":["M","?","$","?","M","R","E","?","T","R","M","R","M","E","R","B",null,"M","?","T","?","M","E","R","E","T","$","?","M","R","T","R","B",null,"M","?","?","$","?","R","E","?","T","M","M","M","$","M","R","B","B",null,"R","$","E","B",null],"character_chosen":"THE_SILENT","items_purchased":["Oddly Smooth Stone","Footwork","Lantern"],"campfire_rested":0,"item_purchase_floors":[47,54,54],"current_hp_per_floor":[59,59,59,59,59,59,59,59,59,59,59,59,59,59,59,12,53,53,35,35,35,35,35,35,33,33,33,33,33,33,33,33,33,62,62,62,62,62,62,62,62,62,62,62,62,62,62,62,68,68,68,70,71,71,71,17],"gold":113,"neow_bonus":"THREE_ENEMY_KILL","is_daily":false,"chose_seed":false,"campfire_upgraded":9,"win_rate":0.0,"timestamp":1611643055,"path_taken":["M","?","$","?","M","R","E","?","T","R","?","R","M","E","R","BOSS","BOSS","M","?","?","?","?","E","R","E","T","$","?","M","R","?","R","BOSS","M","?","?","$","?","R","E","?","T","?","M","M","$","M","R","BOSS","BOSS","R","$","E","BOSS"],"items_purchased_type":["Relic","Card","Relic"],"build_version":"2020-12-22","purchased_purges":4,"victory":true,"max_hp_per_floor":[66,66,66,66,66,66,66,66,66,66,66,66,66,66,66,66,66,66,71,71,71,71,71,71,71,71,71,71,71,71,71,71,71,71,71,71,71,71,71,71,71,71,71,71,71,71,71,71,71,71,71,71,71,71,71,71],"relic_stats":{"Gremlin Horn":[9,9],"counters":[25,62],"Gambling Chip":[101],"Prayer Wheel":4,"Eternal Feather":7,"Pen Nib":[11],"Art of War":[1],"MawBank":48,"Question Card":9,"obtain_stats":[{"Lantern":54,"NeowsBlessing":0,"Gremlin Horn":20,"Oddly Smooth Stone":47,"Eternal Feather":43,"Pen Nib":26,"Bottled Tornado":55,"Empty Cage":17,"MawBank":23,"Question Card":41,"White Beast Statue":14,"Gambling Chip":7,"Prayer Wheel":36,"Red Mask":21,"Art of War":31,"Coffee Dripper":34,"TungstenRod":25,"Ring of the Snake":0},{"Lantern":23,"NeowsBlessing":0,"Gremlin Horn":8,"Oddly Smooth Stone":20,"Eternal Feather":17,"Pen Nib":12,"Bottled Tornado":24,"Empty Cage":7,"MawBank":11,"Question Card":17,"White Beast Statue":6,"Gambling Chip":3,"Prayer Wheel":16,"Red Mask":9,"Art of War":13,"Coffee Dripper":14,"TungstenRod":12,"Ring of the Snake":0},{"Lantern":54,"NeowsBlessing":0,"Gremlin Horn":26,"Oddly Smooth Stone":46,"Eternal Feather":42,"Pen Nib":34,"Bottled Tornado":55,"Empty Cage":24,"MawBank":31,"Question Card":42,"White Beast Statue":12,"Gambling Chip":3,"Prayer Wheel":40,"Red Mask":28,"Art of War":36,"Coffee Dripper":38,"TungstenRod":34,"Ring of the Snake":0}],"TungstenRod":33,"Ring of the Snake":[50]},"card_choices":[{"not_picked":["Outmaneuver","Quick Slash"],"picked":"Tactician","floor":1.0},{"not_picked":["Outmaneuver","Concentrate"],"picked":"Eviscerate","floor":5.0},{"not_picked":["Deflect","Sucker Punch"],"picked":"Acrobatics","floor":7.0},{"not_picked":["Leg Sweep","Dagger Spray","PiercingWail"],"picked":"SKIP","floor":11.0},{"not_picked":["Deadly Poison","Concentrate"],"picked":"Escape Plan","floor":13.0},{"not_picked":["Bane","Crippling Poison","Outmaneuver"],"picked":"SKIP","floor":14.0},{"not_picked":["Doppelganger","Malaise"],"picked":"Grand Finale","floor":16.0},{"not_picked":["Backflip","PiercingWail"],"picked":"Expertise","floor":18.0},{"not_picked":["Endless Agony+1","Tactician"],"picked":"Acrobatics","floor":21.0},{"not_picked":["Quick Slash","Prepared","Deadly Poison"],"picked":"SKIP","floor":22.0},{"not_picked":["Backstab","Dagger Throw","Outmaneuver"],"picked":"SKIP","floor":23.0},{"not_picked":["Dagger Throw","Skewer","Underhanded Strike+1"],"picked":"SKIP","floor":25.0},{"not_picked":["Sucker Punch+1","Eviscerate","Backflip"],"picked":"SKIP","floor":29.0},{"not_picked":["Sucker Punch+1","Eviscerate","Backflip"],"picked":"SKIP","floor":29.0},{"not_picked":["Tactician","Dagger Throw","All Out Attack+1"],"picked":"SKIP","floor":35.0},{"not_picked":["Prepared","PiercingWail+1","Infinite Blades"],"picked":"SKIP","floor":41.0},{"not_picked":["Dodge and Roll","Slice","Eviscerate","Blade Dance"],"picked":"SKIP","floor":44.0},{"not_picked":["Slice+1","Skewer","Dagger Throw","Eviscerate"],"picked":"SKIP","floor":44.0},{"not_picked":["PiercingWail+1","Prepared+1","Slice","Cloak And Dagger"],"picked":"SKIP","floor":45.0},{"not_picked":["Infinite Blades+1","Bouncing Flask","Quick Slash","Finisher"],"picked":"SKIP","floor":45.0},{"not_picked":["Deadly Poison","Dagger Throw","Noxious Fumes","Quick Slash"],"picked":"SKIP","floor":46.0},{"not_picked":["Escape Plan","Calculated Gamble","Backstab","Skewer"],"picked":"SKIP","floor":46.0},{"not_picked":["Concentrate+1","Backflip+1","Flying Knee","Catalyst"],"picked":"SKIP","floor":48.0},{"not_picked":["Flechettes","Leg Sweep+1","Flying Knee","Expertise"],"picked":"SKIP","floor":48.0},{"not_picked":["Slice","Storm of Steel","Blade Dance","Bane"],"picked":"SKIP","floor":55}],"player_experience":1047916,"relics_obtained":[{"floor":7.0,"key":"Gambling Chip"},{"floor":14.0,"key":"White Beast Statue"},{"floor":20.0,"key":"Gremlin Horn"},{"floor":21.0,"key":"Red Mask"},{"floor":23.0,"key":"MawBank"},{"floor":25.0,"key":"TungstenRod"},{"floor":26.0,"key":"Pen Nib"},{"floor":31.0,"key":"Art of War"},{"floor":36.0,"key":"Prayer Wheel"},{"floor":41.0,"key":"Question Card"},{"floor":43.0,"key":"Eternal Feather"},{"floor":55,"key":"Bottled Tornado"}],"event_choices":[{"cards_removed":["Strike_G"],"damage_healed":0.0,"max_hp_gain":0.0,"max_hp_loss":0.0,"gold_gain":0.0,"event_name":"The Cleric","player_choice":"Card Removal","floor":2.0,"gold_loss":75.0,"damage_taken":0.0},{"damage_healed":0.0,"max_hp_gain":0.0,"max_hp_loss":0.0,"gold_gain":0.0,"cards_transformed":["Strike_G"],"event_name":"Living Wall","player_choice":"Change","floor":4.0,"gold_loss":0.0,"damage_taken":0.0,"cards_obtained":["Tools of the Trade"]},{"damage_healed":0.0,"max_hp_gain":0.0,"max_hp_loss":0.0,"gold_gain":50.0,"event_name":"Golden Shrine","player_choice":"Pray","floor":8.0,"gold_loss":0.0,"damage_taken":0.0},{"damage_healed":0.0,"max_hp_gain":5.0,"max_hp_loss":0.0,"gold_gain":0.0,"event_name":"Forgotten Altar","player_choice":"Shed Blood","floor":19.0,"gold_loss":0.0,"damage_taken":23.0},{"damage_healed":0.0,"max_hp_gain":0.0,"max_hp_loss":0.0,"gold_gain":0.0,"event_name":"Masked Bandits","player_choice":"Fought Bandits","floor":21.0,"gold_loss":0.0,"damage_taken":0.0},{"damage_healed":0.0,"max_hp_gain":0.0,"max_hp_loss":0.0,"gold_gain":0.0,"cards_transformed":["Eviscerate","Defend_G"],"event_name":"Drug Dealer","player_choice":"Became Test Subject","floor":28.0,"gold_loss":0.0,"damage_taken":0.0,"cards_obtained":["Escape Plan","Bullet Time"]},{"damage_healed":0.0,"max_hp_gain":0.0,"max_hp_loss":0.0,"gold_gain":0.0,"event_name":"Mysterious Sphere","player_choice":"Fight","floor":36.0,"gold_loss":0.0,"damage_taken":0.0},{"damage_healed":0.0,"max_hp_gain":0.0,"max_hp_loss":0.0,"gold_gain":222.0,"event_name":"Tomb of Lord Red Mask","player_choice":"Wore Mask","floor":37.0,"gold_loss":0.0,"damage_taken":0.0},{"damage_healed":0.0,"max_hp_gain":0.0,"max_hp_loss":0.0,"gold_gain":0.0,"event_name":"SensoryStone","player_choice":"Memory 1","floor":39.0,"gold_loss":0.0,"damage_taken":0.0},{"cards_removed":["Tools of the Trade"],"damage_healed":0.0,"max_hp_gain":0.0,"max_hp_loss":0.0,"gold_gain":0.0,"event_name":"Falling","player_choice":"Removed Power","floor":42.0,"gold_loss":0.0,"damage_taken":0.0}],"is_beta":false,"boss_relics":[{"not_picked":["Pandora\u0027s Box","Velvet Choker"],"picked":"Empty Cage"},{"not_picked":["Runic Dome","Snecko Eye"],"picked":"Coffee Dripper"}],"items_purged_floors":[27,38,47,54],"is_endless":false,"potions_floor_spawned":[5,13,14,16,18,21,22,23,25,29,33,35,36,41,44,45,46,48,55],"ascension_level":20}}