{"host":"qekv59dthhdg54sz","time":1611650378,"event":{"mods":["AchievementEnabler","BaseMod","Colored Map","DeckTracker","KOR Keyword Fix","Minty Spire (QoL Compilation)","Rare Cards Sparkle","StSLib","SuperFastMode"],"gold_per_floor":[119,44,44,44,56,56,76,92,92,105,105,5,5,5,5,103,103,123,123,137,137,155,155,169,169,247,247,247],"floor_reached":27,"language":"KOR","playtime":632,"items_purged":["Strike_R","Pain"],"score":353,"play_id":"e5c950fc-7e07-44a4-92d8-153e5c3e49e1","local_time":"20210126173938","is_ascension_mode":true,"campfire_choices":[{"data":"Entrench","floor":6.0,"key":"SMITH"},{"floor":11.0,"key":"REST"},{"data":"Dual Wield","floor":15.0,"key":"SMITH"},{"floor":23.0,"key":"REST"}],"circlet_count":0,"master_deck":["AscendersBane","Defend_R","Defend_R","Bash","Dual Wield+1","Entrench+1","Body Slam","Power Through","Barricade","Bloodletting+1","Entrench+1","Metallicize+1","Evolve","Sever Soul+1","Infernal Blade"],"relics":["Burning Blood","WarpedTongs","Molten Egg 2","Darkstone Periapt","Astrolabe","Sundial"],"acts_visited":["Exordium","TheCity"],"potions_floor_usage":[27],"damage_taken":[{"damage":3.0,"enemies":"Jaw Worm","floor":1.0,"turns":5.0},{"damage":5.0,"enemies":"2 Louse","floor":5.0,"turns":3.0},{"damage":6.0,"enemies":"Cultist","floor":7.0,"turns":3.0},{"damage":20.0,"enemies":"Large Slime","floor":8.0,"turns":8.0},{"damage":19.0,"enemies":"Exordium Wildlife","floor":10.0,"turns":5.0},{"damage":29.0,"enemies":"Slime Boss","floor":16.0,"turns":8.0},{"damage":28.0,"enemies":"3 Byrds","floor":18.0,"turns":8.0},{"damage":27.0,"enemies":"Shell Parasite","floor":20.0,"turns":6.0},{"damage":15.0,"enemies":"Snake Plant","floor":22.0,"turns":7.0},{"damage":14.0,"enemies":"Centurion and Healer","floor":24.0,"turns":6.0},{"damage":20,"enemies":"Book of Stabbing","floor":27,"turns":5}],"seed_played":"6828055433720482599","potions_obtained":[{"floor":5.0,"key":"HeartOfIron"},{"floor":10.0,"key":"FearPotion"},{"floor":20.0,"key":"LiquidBronze"}],"is_trial":false,"path_per_floor":["M","$","?","?","M","R","M","M","T","M","R","$","?","T","R","B",null,"M","?","M","?","M","R","M","?","T","E"],"character_chosen":"IRONCLAD","items_purchased":[],"campfire_rested":2,"item_purchase_floors":[],"current_hp_per_floor":[54,54,47,47,48,48,48,34,34,21,45,45,45,45,45,22,66,44,44,23,17,8,32,24,24,24,4,4],"gold":247,"neow_bonus":"TRANSFORM_TWO_CARDS","is_daily":false,"chose_seed":true,"campfire_upgraded":2,"win_rate":0.0,"timestamp":1611650378,"path_taken":["M","$","?","?","?","R","M","M","T","M","R","$","?","?","R","BOSS","M","?","M","?","?","R","M","?","T","E"],"items_purchased_type":[],"build_version":"2020-12-22","purchased_purges":2,"victory":false,"max_hp_per_floor":[80,80,80,80,80,80,80,80,80,80,80,80,80,80,80,80,80,80,80,80,80,80,80,80,80,80,80,80],"card_choices":[{"not_picked":["Clothesline","Sword Boomerang"],"picked":"Carnage","floor":1.0},{"not_picked":["Iron Wave","Power Through"],"picked":"Entrench","floor":5.0},{"not_picked":["Clothesline","Blood for Blood"],"picked":"Body Slam","floor":7.0},{"not_picked":["Clothesline","Warcry"],"picked":"Power Through","floor":8.0},{"not_picked":["Warcry","Disarm","Bloodletting"],"picked":"SKIP","floor":10.0},{"not_picked":["Brutality","Bludgeon+1"],"picked":"Barricade","floor":16.0},{"not_picked":["Uppercut+1","Pummel+1","Combust"],"picked":"SKIP","floor":18.0},{"not_picked":["Inflame","Havoc","Cleave+1"],"picked":"SKIP","floor":20.0},{"not_picked":["Armaments","Clothesline+1","Sword Boomerang+1"],"picked":"SKIP","floor":22.0},{"not_picked":["Clash+1","Combust","Sword Boomerang+1"],"picked":"SKIP","floor":24.0}],"player_experience":844947,"relics_obtained":[{"floor":9.0,"key":"Molten Egg 2"},{"floor":14.0,"key":"Darkstone Periapt"},{"floor":26.0,"key":"Sundial"}],"event_choices":[{"cards_removed":["Strike_R"],"damage_healed":0.0,"max_hp_gain":0.0,"max_hp_loss":0.0,"gold_gain":0.0,"event_name":"Golden Wing","player_choice":"Card Removal","floor":3.0,"gold_loss":0.0,"damage_taken":7.0},{"damage_healed":0.0,"max_hp_gain":0.0,"max_hp_loss":0.0,"gold_gain":0.0,"event_name":"Accursed Blacksmith","player_choice":"Rummage","floor":4.0,"gold_loss":0.0,"damage_taken":0.0,"relics_obtained":["WarpedTongs"],"cards_obtained":["Pain"]},{"damage_healed":0.0,"max_hp_gain":0.0,"max_hp_loss":0.0,"gold_gain":0.0,"event_name":"Scrap Ooze","player_choice":"Fled","floor":13.0,"gold_loss":0.0,"damage_taken":0.0},{"damage_healed":0.0,"max_hp_gain":0.0,"max_hp_loss":0.0,"gold_gain":0.0,"event_name":"The Library","player_choice":"Read","floor":19.0,"gold_loss":0.0,"damage_taken":0.0,"cards_obtained":["Evolve"]},{"damage_healed":0.0,"max_hp_gain":0.0,"max_hp_loss":0.0,"gold_gain":0.0,"event_name":"Knowing Skull","player_choice":"","floor":21.0,"potions_obtained":[],"gold_loss":0.0,"damage_taken":6.0,"cards_obtained":[]},{"damage_healed":0.0,"max_hp_gain":0.0,"max_hp_loss":0.0,"gold_gain":0.0,"cards_transformed":["Metallicize","Carnage"],"event_name":"Drug Dealer","player_choice":"Became Test Subject","floor":25.0,"gold_loss":0.0,"damage_taken":0.0,"cards_obtained":["Sever Soul","Infernal Blade"]}],"is_beta":false,"boss_relics":[{"not_picked":["Runic Pyramid","Black Star"],"picked":"Astrolabe"}],"items_purged_floors":[2,12],"is_endless":false,"potions_floor_spawned":[5,10,20],"killed_by":"Book of Stabbing","ascension_level":11}}