{"host":"tr12w2fixbnujl15","time":1611686264,"event":{"mods":["100% Spire Juice","2.2 Compatiblity","A Penny For Your Troubles","Arknights The Spire","BaseMod","Better Skull","Better Vampires","BetterRewards","CapriCore","Clockwork Mod","Colored Powertips","Evolution","Gremlin Skip","Hermit","Hubris","Infinite Spire","JesterMod","Kalas","KinomotoSakuraMod(????)","Koishi","Mad Scientist","Magitek Elite","Mathematician","Minty Spire (QoL Compilation)","Permanent Neow","Quick Restart","Reimu??????","Relic Filter","Remilia_Scarlet Moed?????·?????3.3.5","Replay The Spire","Shop Mod","StSLib","SuperFastMode","The Accelerator","The Animator","The Bug Knight","The Construct","The Cursed","The Hayseed","The Hierophant","The Immortal","The Mystic","The Necromancer","The Runesmith","The Sage","The Senshi","The Servant 0.9.4","The Spell Scribe","The Vixen","TheFirefly","TheSwordswoman","TheVelvet","Transform Curses","WarShipGirlsR/????R mod","Yakumo Yukari mod","[IsaacMod]????"],"gold_per_floor":[142,29,29,29,39,39,39,56,111,111,50,50,69,94,94,94,94],"floor_reached":16,"language":"ENG","playtime":492,"items_purged":[],"score":90,"play_id":"9678a45f-8c47-4793-95a5-ec723e230fc9","local_time":"20210126133744","is_ascension_mode":false,"campfire_choices":[{"floor":6,"key":"REST"},{"data":"MathAttackFleetingGlory","floor":12,"key":"SMITH"},{"data":"MathAttackShackleBreaker","floor":15,"key":"SMITH"}],"circlet_count":0,"master_deck":["MathAttackStrike","MathAttackStrike+1","MathAttackStrike","MathAttackStrike","MathSkillDefend","MathSkillDefend","MathSkillDefend","MathSkillDefend","MathAttackSineStrike","MathSkillCosGuard","BettingIsNotGood","MathPowerStoneSkin+","MathAttackSecantStrike","MathAttackShackleBreaker+1","MathAttackFleetingGlory+1","MathSkillAnticipation","MathSkillResolve"],"relics":["ReverseTimePiece","EVO:Axolotl","HushsDoor","SteamSale","MerchantsRug","Chemical X","Calipers","hubris:Towel","LunarStone"],"acts_visited":["Exordium"],"potions_floor_usage":[16],"damage_taken":[{"damage":6,"enemies":"Small Slimes","floor":1,"turns":5},{"damage":5,"enemies":"2 Louse","floor":5,"turns":4},{"damage":4,"enemies":"Jaw Worm","floor":8,"turns":4},{"damage":4,"enemies":"2 Fungi Beasts","floor":13,"turns":3},{"damage":5,"enemies":"Large Slime","floor":14,"turns":8},{"damage":19,"enemies":"Slime Boss","floor":16,"turns":7}],"seed_played":"-3028967612019489023","potions_obtained":[{"floor":1,"key":"BlessingOfTheForge"},{"floor":14,"key":"FairyPotion"}],"is_trial":false,"path_per_floor":["M","$","?","?","M","R","$","M","T","?","$","R","M","M","R","B"],"character_chosen":"MATH","items_purchased":["MerchantsRug","Chemical X","LunarStone","MathAttackFleetingGlory"],"campfire_rested":1,"item_purchase_floors":[2,2,11,11],"current_hp_per_floor":[58,58,45,45,40,59,59,55,55,55,55,55,51,46,46,32,32],"gold":94,"neow_bonus":"RANDOM_COMMON_RELIC","is_daily":false,"chose_seed":false,"campfire_upgraded":2,"win_rate":0.0,"timestamp":1611686264,"path_taken":["M","$","?","?","M","R","?","M","T","?","$","R","M","M","R","BOSS"],"items_purchased_type":["Relic","Relic","Relic","Card"],"build_version":"2020-12-22","purchased_purges":0,"victory":false,"max_hp_per_floor":[64,64,64,64,64,64,64,64,64,64,64,64,64,64,64,64,64],"card_choices":[{"not_picked":[],"picked":"BettingIsNotGood","floor":0},{"not_picked":["MathSkillStudy","MathPowerUnderhanded"],"picked":"MathPowerStoneSkin","floor":1},{"not_picked":["MathPowerPonder","MathSkillStop"],"picked":"MathAttackSecantStrike","floor":5},{"not_picked":["MathAttackFrizz","MathAttackArmoredBlow"],"picked":"MathAttackShackleBreaker","floor":8},{"not_picked":["MathAttackArmoredBlow","MathSkillAvoidance"],"picked":"MathSkillAnticipation","floor":13},{"not_picked":["MathSkillStudy","MathSkillCosGuard"],"picked":"MathSkillResolve","floor":14}],"player_experience":81792,"relics_obtained":[{"floor":4,"key":"Calipers"},{"floor":9,"key":"infinitespire:PuzzleCube"}],"event_choices":[{"damage_healed":0,"gold_gain":0,"player_choice":"Entered Light","damage_taken":13,"max_hp_gain":0,"max_hp_loss":0,"event_name":"Shining Light","floor":3,"gold_loss":0,"cards_upgraded":["MathAttackStrike","MathPowerStoneSkin"]}],"is_beta":false,"boss_relics":[],"items_purged_floors":[],"is_endless":false,"potions_floor_spawned":[1,14],"killed_by":"Slime Boss","ascension_level":0}}