{"host":"3a1ypf1irl30q4k8","time":1611684020,"event":{"mods":["AchievementEnabler","BaseMod","Bestiary","Colored Map","Minty Spire (QoL Compilation)","Relic Stats"],"gold_per_floor":[118,129,79,79,96,96,114,149,149,149,149,149,163,192,192,293,293,309,52,64,84,98,98,131,131,155,5,21,51,69,82,82,178,178,196,1195,423,436,453,453,482,81,81,81,94,94,94,94,94,94,94],"floor_reached":50,"language":"ENG","playtime":3706,"items_purged":["Strike_P","Strike_P","Normality","Normality"],"score":679,"play_id":"f3ffd66b-c667-4fe0-a8be-b59c599d1163","local_time":"20210126180020","is_ascension_mode":true,"campfire_choices":[{"data":"FlyingSleeves","floor":6.0,"key":"SMITH"},{"data":"Fasting2","floor":10.0,"key":"SMITH"},{"data":"Consecrate","floor":12.0,"key":"SMITH"},{"data":"FearNoEvil","floor":15.0,"key":"SMITH"},{"data":"Blasphemy","floor":23.0,"key":"SMITH"},{"data":"FlyingSleeves","floor":25.0,"key":"SMITH"},{"floor":32.0,"key":"REST"},{"data":"Crescendo","floor":40.0,"key":"SMITH"},{"floor":46,"key":"REST"},{"floor":49,"key":"RECALL"}],"circlet_count":0,"master_deck":["Strike_P+1","Defend_P+1","Defend_P","Defend_P","Eruption","Vigilance","Consecrate+1","Halt","FlyingSleeves+1","Fasting2+1","FearNoEvil+1","FlyingSleeves+1","SandsOfTime","Blasphemy+1","EmptyFist+1","CutThroughFate","ReachHeaven","Meditate","TalkToTheHand+1","Crescendo+1","ClearTheMind","LikeWater+1","Sanctity+1","DeusExMachina","ClearTheMind","Adaptation+1","EmptyBody","TalkToTheHand+1","Meditate+1","Ragnarok","Evaluate","Shame"],"relics":["PureWater","Strawberry","TeardropLocket","Pantograph","VioletLotus","OrangePellets","Frozen Egg 2","Nunchaku","StrikeDummy","Cursed Key","DollysMirror","Art of War","Ancient Tea Set","Ornamental Fan","Oddly Smooth Stone"],"acts_visited":["Exordium","TheCity","TheBeyond"],"potions_floor_usage":[45,45,50],"damage_taken":[{"damage":8.0,"enemies":"Small Slimes","floor":1.0,"turns":6.0},{"damage":0.0,"enemies":"Cultist","floor":2.0,"turns":2.0},{"damage":4.0,"enemies":"2 Louse","floor":5.0,"turns":3.0},{"damage":0.0,"enemies":"2 Fungi Beasts","floor":7.0,"turns":2.0},{"damage":26.0,"enemies":"3 Sentries","floor":8.0,"turns":9.0},{"damage":8.0,"enemies":"3 Louse","floor":13.0,"turns":3.0},{"damage":0.0,"enemies":"Lagavulin","floor":14.0,"turns":3.0},{"damage":18.0,"enemies":"The Guardian","floor":16.0,"turns":9.0},{"damage":8.0,"enemies":"2 Thieves","floor":18.0,"turns":3.0},{"damage":8.0,"enemies":"3 Byrds","floor":20.0,"turns":4.0},{"damage":0.0,"enemies":"Shelled Parasite and Fungi","floor":21.0,"turns":3.0},{"damage":0.0,"enemies":"Snake Plant","floor":22.0,"turns":1.0},{"damage":18.0,"enemies":"Gremlin Leader","floor":24.0,"turns":4.0},{"damage":0.0,"enemies":"3 Cultists","floor":28.0,"turns":3.0},{"damage":4.0,"enemies":"Book of Stabbing","floor":29.0,"turns":4.0},{"damage":3.0,"enemies":"Centurion and Healer","floor":30.0,"turns":3.0},{"damage":12.0,"enemies":"Chosen and Byrds","floor":31.0,"turns":2.0},{"damage":12.0,"enemies":"Collector","floor":33.0,"turns":7.0},{"damage":11.0,"enemies":"3 Darklings","floor":35.0,"turns":3.0},{"damage":2.0,"enemies":"3 Shapes","floor":38.0,"turns":4.0},{"damage":20.0,"enemies":"Sphere and 2 Shapes","floor":39.0,"turns":5.0},{"damage":45.0,"enemies":"Reptomancer","floor":41.0,"turns":5.0},{"damage":15,"enemies":"Spire Growth","floor":45,"turns":4},{"damage":58,"enemies":"Awakened One","floor":50,"turns":10}],"seed_played":"2085688608869340825","potions_obtained":[{"floor":8.0,"key":"Dexterity Potion"},{"floor":13.0,"key":"DistilledChaos"},{"floor":14.0,"key":"Block Potion"},{"floor":16.0,"key":"ColorlessPotion"},{"floor":22.0,"key":"EssenceOfSteel"},{"floor":28.0,"key":"Fruit Juice"},{"floor":29.0,"key":"Block Potion"},{"floor":31.0,"key":"Strength Potion"},{"floor":33.0,"key":"Dexterity Potion"},{"floor":35.0,"key":"Strength Potion"},{"floor":41.0,"key":"Fruit Juice"}],"is_trial":false,"path_per_floor":["M","M","?","?","M","R","M","E","T","R","?","R","M","E","R","B",null,"M","$","M","M","M","R","E","R","T","$","M","E","M","M","R","B",null,"M","?","$","M","M","R","E","$","T","?","M","R","$","?","R","B"],"character_chosen":"WATCHER","items_purchased":["OrangePellets","CutThroughFate","ClearTheMind","Adaptation+1","EmptyBody","DollysMirror","Art of War","Ancient Tea Set","Ancient Potion","Oddly Smooth Stone","Evaluate","Energy Potion"],"campfire_rested":2,"item_purchase_floors":[19,19,27,37,37,37,37,37,37,42,42,42],"current_hp_per_floor":[71,71,71,55,51,51,51,32,32,32,32,32,24,24,24,31,86,78,78,70,70,70,70,52,52,52,52,52,48,45,33,58,76,91,80,80,80,78,58,58,13,18,18,18,3,31,31,31,31,0,0],"gold":94,"neow_bonus":"TEN_PERCENT_HP_BONUS","is_daily":false,"chose_seed":false,"campfire_upgraded":7,"win_rate":0.0,"timestamp":1611684020,"path_taken":["M","M","?","?","M","R","M","E","T","R","?","R","M","E","R","BOSS","M","?","M","M","M","R","E","R","T","?","?","E","M","M","R","BOSS","M","?","$","M","M","R","E","$","T","?","M","R","$","?","R","BOSS"],"items_purchased_type":["Relic","Card","Card","Card","Card","Relic","Relic","Relic","Potion","Relic","Card","Potion"],"build_version":"2020-12-22","purchased_purges":4,"victory":false,"max_hp_per_floor":[79,79,79,79,79,79,79,86,86,86,86,86,86,86,86,86,86,86,86,86,86,86,86,86,86,86,86,86,86,86,86,86,91,91,91,91,91,91,91,91,91,96,96,96,96,96,96,96,96,96,96],"relic_stats":{"OrangePellets":[9],"Nunchaku":[12],"counters":[24,102],"Ornamental Fan":[24],"Pantograph":75,"VioletLotus":[40],"Art of War":[2],"Cursed Key":1,"obtain_stats":[{"Oddly Smooth Stone":42,"TeardropLocket":9,"Frozen Egg 2":24,"Cursed Key":34,"Ancient Tea Set":37,"OrangePellets":19,"Nunchaku":26,"DollysMirror":37,"Ornamental Fan":41,"Strawberry":8,"Pantograph":14,"VioletLotus":17,"Art of War":37,"PureWater":0,"StrikeDummy":29},{"Oddly Smooth Stone":22,"TeardropLocket":5,"Frozen Egg 2":13,"Cursed Key":18,"Ancient Tea Set":19,"OrangePellets":9,"Nunchaku":13,"DollysMirror":19,"Ornamental Fan":22,"Strawberry":5,"Pantograph":7,"VioletLotus":8,"Art of War":19,"PureWater":0,"StrikeDummy":15},{"Oddly Smooth Stone":88,"TeardropLocket":22,"Frozen Egg 2":52,"Cursed Key":71,"Ancient Tea Set":74,"OrangePellets":40,"Nunchaku":52,"DollysMirror":74,"Ornamental Fan":88,"Strawberry":22,"Pantograph":28,"VioletLotus":37,"Art of War":74,"PureWater":0,"StrikeDummy":59}]},"card_choices":[{"not_picked":["ClearTheMind","MentalFortress"],"picked":"Consecrate","floor":1.0},{"not_picked":["Collect","FlurryOfBlows"],"picked":"Halt","floor":2.0},{"not_picked":["CarveReality","SignatureMove"],"picked":"FlyingSleeves","floor":5.0},{"not_picked":["Protect","WaveOfTheHand"],"picked":"Fasting2","floor":7.0},{"not_picked":["Consecrate","CrushJoints"],"picked":"FearNoEvil","floor":8.0},{"not_picked":["EmptyFist","Adaptation"],"picked":"FlyingSleeves","floor":13.0},{"not_picked":["PathToVictory","InnerPeace"],"picked":"SandsOfTime","floor":14.0},{"not_picked":["Ragnarok","Alpha"],"picked":"Blasphemy","floor":16.0},{"not_picked":["EmptyBody","CutThroughFate"],"picked":"EmptyFist+1","floor":18.0},{"not_picked":["FollowUp","Wish"],"picked":"ReachHeaven","floor":20.0},{"not_picked":["PathToVictory","EmptyBody"],"picked":"Meditate","floor":21.0},{"not_picked":["SashWhip","WindmillStrike+1"],"picked":"TalkToTheHand+1","floor":22.0},{"not_picked":["EmptyFist","Devotion+1"],"picked":"Crescendo","floor":24.0},{"not_picked":["ReachHeaven","Crescendo"],"picked":"LikeWater+1","floor":28.0},{"not_picked":["Brilliance","Perseverance"],"picked":"Sanctity+1","floor":29.0},{"not_picked":["Protect","EmptyFist","FollowUp"],"picked":"SKIP","floor":30.0},{"not_picked":["Pray+1","FollowUp","SashWhip"],"picked":"SKIP","floor":31.0},{"not_picked":["Judgement","Ragnarok"],"picked":"DeusExMachina","floor":33.0},{"not_picked":["Protect+1","PathToVictory+1"],"picked":"ClearTheMind","floor":35.0},{"not_picked":["Consecrate+1","Meditate+1","BowlingBash"],"picked":"SKIP","floor":38.0},{"not_picked":["ThirdEye+1","SashWhip"],"picked":"Meditate+1","floor":39.0},{"not_picked":["Evaluate","Alpha"],"picked":"Ragnarok","floor":41.0},{"not_picked":["EmptyFist","ForeignInfluence+1","PathToVictory+1"],"picked":"SKIP","floor":45}],"player_experience":1218466,"relics_obtained":[{"floor":8.0,"key":"Strawberry"},{"floor":9.0,"key":"TeardropLocket"},{"floor":14.0,"key":"Pantograph"},{"floor":24.0,"key":"Frozen Egg 2"},{"floor":26.0,"key":"Nunchaku"},{"floor":29.0,"key":"StrikeDummy"},{"floor":41.0,"key":"Ornamental Fan"}],"event_choices":[{"cards_removed":["Strike_P"],"damage_healed":0.0,"max_hp_gain":0.0,"max_hp_loss":0.0,"gold_gain":0.0,"event_name":"The Cleric","player_choice":"Card Removal","floor":3.0,"gold_loss":50.0,"damage_taken":0.0},{"damage_healed":0.0,"max_hp_gain":0.0,"max_hp_loss":0.0,"gold_gain":0.0,"event_name":"Shining Light","player_choice":"Entered Light","floor":4.0,"gold_loss":0.0,"damage_taken":16.0,"cards_upgraded":["Defend_P","Strike_P"]},{"cards_removed":["Defend_P"],"damage_healed":0.0,"max_hp_gain":0.0,"max_hp_loss":0.0,"gold_gain":0.0,"event_name":"Bonfire Elementals","player_choice":"Offered Basic","floor":11.0,"gold_loss":0.0,"damage_taken":0.0},{"damage_healed":0.0,"max_hp_gain":0.0,"max_hp_loss":0.0,"gold_gain":999.0,"event_name":"MindBloom","player_choice":"Gold","floor":36.0,"gold_loss":0.0,"damage_taken":0.0,"cards_obtained":["Normality","Normality"]},{"damage_healed":0.0,"max_hp_gain":0.0,"max_hp_loss":0.0,"gold_gain":0.0,"event_name":"SensoryStone","player_choice":"Memory 1","floor":44.0,"gold_loss":0.0,"damage_taken":0.0},{"damage_healed":0,"gold_gain":0,"player_choice":"Ignored","damage_taken":0,"max_hp_gain":0,"max_hp_loss":0,"event_name":"Mysterious Sphere","floor":48,"gold_loss":0}],"is_beta":false,"boss_relics":[{"not_picked":["SacredBark","Sozu"],"picked":"VioletLotus"},{"not_picked":["Calling Bell","SlaversCollar"],"picked":"Cursed Key"}],"items_purged_floors":[19,27,37,42],"is_endless":false,"potions_floor_spawned":[8,13,14,16,22,28,29,31,33,35,41],"killed_by":"Awakened One","ascension_level":3}}