{"host":"ooa7gbxz3ilj1hm6","time":1611632660,"event":{"mods":["BaseMod","Colored Map","Downfall","Highlight Path","Minty Spire (QoL Compilation)","StSLib"],"gold_per_floor":[99,111,131,38,68,68,68,103,103,113,113,130,141,174,190,292,292,292,303,403,388,388,388,439,450,478,478,513,401,412,512,529,631,631,631,642,691,791,811,830,830,855,855,829,629,629,629,629],"floor_reached":46,"language":"ENG","playtime":2439,"items_purged":[],"score":596,"play_id":"9dcca905-1416-4ff6-a31b-6a773d59fa42","local_time":"20210125204420","is_ascension_mode":false,"campfire_choices":[{"data":"Slimebound:Split","floor":1,"key":"SMITH"},{"data":"Slimebound:ServeAndProtect","floor":11,"key":"SMITH"},{"data":"Slimebound:MinionMaster","floor":18,"key":"SMITH"},{"data":"Slimebound:SlimeSpikes","floor":27,"key":"SMITH"},{"floor":35,"key":"RECALL"},{"floor":45,"key":"REST"}],"circlet_count":0,"master_deck":["Slimebound:Tackle","Slimebound:Defend_Slimebound","Slimebound:Defend_Slimebound","Slimebound:Defend_Slimebound","Slimebound:Split+1","Slimebound:CorrosiveSpit","Slimebound:ServeAndProtect+1","Slimebound:SplitBruiser","Slimebound:SlimeSpikes+1","Slimebound:SplitAcid","Slimebound:SlimeTap","Slimebound:GrowthPunch+1","Slimebound:SplitMire","Slimebound:SplitBruiser","Slimebound:GrowthPunch+1","Slimebound:MinionMaster+1","Slimebound:SplitLeeching","Slimebound:OneTwoCombo+1","Slimebound:SlimeSpikes","Slimebound:Tackle+1","Slimebound:Tackle+1","Slimebound:Tackle+1","Slimebound:SplitMire","Slimebound:LevelUp","Slimebound:Darklings","Slimebound:SelfFormingGoo","Slimebound:ForwardTackle+1","Slimebound:MassRepurpose","Slimebound:SplitBruiser","Slimebound:Darklings","Slimebound:SlimeSpikes+1","Slimebound:OneTwoCombo+1","Slimebound:SplitMire"],"relics":["Slimebound:AbsorbEndCombatUpgraded","Molten Egg 2","Kunai","CultistMask","Mercury Hourglass","Sozu","Nloth\u0027s Gift","Slimebound:AggressiveSlimeRelic","Ornamental Fan","Mummified Hand","Membership Card","Slimebound:MaxSlimesRelic","Torii","White Beast Statue","Calipers","Toy Ornithopter","Centennial Puzzle","downfall:HeartBlessingRed","downfall:HeartBlessingBlue"],"acts_visited":["Exordium","TheCity","TheBeyond"],"potions_floor_usage":[28],"damage_taken":[{"damage":0,"enemies":"Small Slimes","floor":2,"turns":3},{"damage":8,"enemies":"2 Louse","floor":3,"turns":2},{"damage":6,"enemies":"downfall:FleeingMerchant","floor":4,"turns":4},{"damage":3,"enemies":"Lagavulin","floor":8,"turns":5},{"damage":0,"enemies":"Cultist","floor":10,"turns":2},{"damage":0,"enemies":"Blue Slaver","floor":12,"turns":3},{"damage":0,"enemies":"2 Fungi Beasts","floor":13,"turns":2},{"damage":0,"enemies":"Gremlin Nob","floor":14,"turns":4},{"damage":0,"enemies":"Lots of Slimes","floor":15,"turns":3},{"damage":22,"enemies":"IC_STATUS_ARCHETYPE","floor":16,"turns":8},{"damage":3,"enemies":"3 Byrds","floor":19,"turns":2},{"damage":0,"enemies":"downfall:FleeingMerchant","floor":21,"turns":4},{"damage":0,"enemies":"Cultist and Chosen","floor":25,"turns":4},{"damage":0,"enemies":"Book of Stabbing","floor":26,"turns":4},{"damage":16,"enemies":"Slavers","floor":28,"turns":2},{"damage":14,"enemies":"downfall:FleeingMerchant","floor":29,"turns":4},{"damage":0,"enemies":"Centurion and Healer","floor":30,"turns":4},{"damage":0,"enemies":"Colosseum Nobs","floor":31,"turns":2},{"damage":1,"enemies":"Chosen and Byrds","floor":32,"turns":2},{"damage":17,"enemies":"SI_MIRROR_ARCHETYPE","floor":33,"turns":4},{"damage":14,"enemies":"3 Darklings","floor":36,"turns":3},{"damage":27,"enemies":"2 Orb Walkers","floor":37,"turns":3},{"damage":1,"enemies":"downfall:LadyInBlue","floor":38,"turns":4},{"damage":1,"enemies":"Orb Walker","floor":39,"turns":3},{"damage":0,"enemies":"Transient","floor":40,"turns":5},{"damage":37,"enemies":"Nemesis","floor":42,"turns":5},{"damage":71,"enemies":"Reptomancer","floor":46,"turns":3}],"seed_played":"-1436133548692217177","potions_obtained":[{"floor":3,"key":"LiquidMemories"},{"floor":8,"key":"sneckomod:MuddlingPotion"},{"floor":10,"key":"DuplicationPotion"},{"floor":12,"key":"Block Potion"}],"is_trial":false,"path_per_floor":["R","M","M","$","?","?","T","E","?","M","R","M","M","E","M","B",null,"R","M","?","$","?","?","T","M","E","R","E","$","M","?","M","B",null,"R","M","?","?","M","M","T","E","?","$","R","E"],"character_chosen":"SLIMEBOUND","items_purchased":["Slimebound:SlimeTap","Membership Card","Slimebound:Darklings","Slimebound:SelfFormingGoo","Slimebound:ForwardTackle+1","Slimebound:MaxSlimesRelic","Slimebound:SplitMire"],"campfire_rested":1,"item_purchase_floors":[4,29,29,29,29,29,44],"current_hp_per_floor":[65,65,57,55,55,37,47,50,50,52,52,56,62,64,66,52,75,75,74,74,75,75,75,75,75,75,75,63,57,63,63,62,53,75,75,61,40,45,44,56,56,25,25,25,60,0,0,0],"gold":629,"neow_bonus":"TRANSFORM_CARD","is_daily":false,"chose_seed":false,"campfire_upgraded":4,"win_rate":0.0,"timestamp":1611632660,"path_taken":["R","M","M","$","?","?","T","E","?","?","R","M","M","E","M","BOSS","R","M","?","$","?","?","T","M","E","R","E","$","?","?","M","BOSS","R","M","?","?","M","?","T","E","?","$","R","E"],"items_purchased_type":["Card","Relic","Card","Card","Card","Relic","Card"],"build_version":"2020-12-22","purchased_purges":0,"victory":false,"max_hp_per_floor":[65,65,65,65,65,65,75,75,75,75,75,75,75,75,75,75,75,75,75,75,75,75,75,75,75,75,75,75,75,75,75,75,75,75,75,75,75,75,75,75,75,75,75,75,85,85,85,85],"card_choices":[{"not_picked":["Slimebound:HauntingLick","Slimebound:Nibble"],"picked":"Slimebound:SplitBruiser","floor":2},{"not_picked":["Slimebound:SamplingLick","Slimebound:GoopTackle"],"picked":"Slimebound:SlimeSpikes","floor":3},{"not_picked":["Slimebound:SlimeBrawl","Slimebound:Repurpose"],"picked":"Slimebound:SplitAcid","floor":4},{"not_picked":["Slimebound:GoopSpray","Slimebound:SplitAcid"],"picked":"Slimebound:GrowthPunch+1","floor":8},{"not_picked":["Slimebound:FlameTackle+1","Slimebound:AcidTongue"],"picked":"Slimebound:SplitMire","floor":10},{"not_picked":["Slimebound:LivingWall","Slimebound:LeechingTouch+1"],"picked":"Slimebound:SplitBruiser","floor":12},{"not_picked":["Slimebound:ItLooksTasty+1","Slimebound:Grow"],"picked":"Slimebound:GrowthPunch+1","floor":13},{"not_picked":["Slimebound:MegaLick","Slimebound:FirmFortitude"],"picked":"Slimebound:MinionMaster","floor":14},{"not_picked":["Slimebound:DisruptingSlam+1","Slimebound:Schlurp"],"picked":"Slimebound:SplitLeeching","floor":15},{"not_picked":["Slimebound:Overexert","Slimebound:WasteNot"],"picked":"Slimebound:OneTwoCombo+1","floor":16},{"not_picked":["Slimebound:LeechingTouch+1","Slimebound:ComboTackle+1","Slimebound:Grow+1"],"picked":"SKIP","floor":19},{"not_picked":["Slimebound:ComboTackle+1","Slimebound:TongueLash+1"],"picked":"Slimebound:SlimeSpikes","floor":21},{"not_picked":["Slimebound:BestDefense","Slimebound:HauntingLick+1","Slimebound:ItLooksTasty+1"],"picked":"SKIP","floor":25},{"not_picked":["Slimebound:Teamwork","Slimebound:GoopTackle+1"],"picked":"Slimebound:SplitMire","floor":26},{"not_picked":["Slimebound:SlimeBrawl","Slimebound:Replication"],"picked":"Slimebound:ForwardTackle+1","floor":28},{"not_picked":["Slimebound:SplitMire","Slimebound:GoopTackle+1"],"picked":"Slimebound:LevelUp","floor":29},{"not_picked":["Slimebound:GoopTackle+1","Slimebound:SlimeBarrage+1","Slimebound:ForwardTackle+1"],"picked":"SKIP","floor":30},{"not_picked":["Slimebound:ServeAndProtect","Slimebound:ItLooksTasty+1"],"picked":"Slimebound:MassRepurpose","floor":31},{"not_picked":["Slimebound:SplitSpecialist","Slimebound:LivingWall"],"picked":"Slimebound:SplitBruiser","floor":32},{"not_picked":["Slimebound:CheckThePlaybook","Slimebound:WasteNot"],"picked":"Slimebound:Darklings","floor":33},{"not_picked":["Slimebound:AcidTongue","Slimebound:Replication","Slimebound:HauntingLick+1"],"picked":"SKIP","floor":36},{"not_picked":["Slimebound:Prepare+1","Slimebound:SlimeBrawl"],"picked":"Slimebound:SlimeSpikes+1","floor":37},{"not_picked":["Slimebound:TongueLash+1","Slimebound:Gluttony","Slimebound:LivingWall"],"picked":"SKIP","floor":39},{"not_picked":["Slimebound:Prepare","Slimebound:SlimeSpikes"],"picked":"Slimebound:OneTwoCombo+1","floor":40},{"not_picked":["Slimebound:Overexert","Slimebound:AcidTongue+1","Slimebound:LeechingTouch+1"],"picked":"SKIP","floor":42}],"player_experience":34067,"relics_obtained":[{"floor":7,"key":"Pear"},{"floor":8,"key":"Kunai"},{"floor":14,"key":"Mercury Hourglass"},{"floor":24,"key":"Slimebound:AggressiveSlimeRelic"},{"floor":26,"key":"Ornamental Fan"},{"floor":28,"key":"Mummified Hand"},{"floor":31,"key":"Torii"},{"floor":31,"key":"White Beast Statue"},{"floor":37,"key":"Calipers"},{"floor":38,"key":"Toy Ornithopter"},{"floor":42,"key":"Centennial Puzzle"}],"event_choices":[{"damage_healed":0,"gold_gain":0,"player_choice":"Success","damage_taken":18,"relics_obtained":["Molten Egg 2"],"max_hp_gain":0,"max_hp_loss":0,"event_name":"Scrap Ooze","floor":6,"gold_loss":0},{"damage_healed":0,"gold_gain":0,"player_choice":"Trade","damage_taken":0,"relics_obtained":["CultistMask"],"max_hp_gain":0,"max_hp_loss":0,"event_name":"FaceTrader","floor":9,"gold_loss":0},{"damage_healed":0,"gold_gain":0,"player_choice":"Fight","damage_taken":0,"max_hp_gain":0,"max_hp_loss":0,"event_name":"Mysterious Sphere","floor":37,"gold_loss":0},{"cards_removed":["Slimebound:ForwardTackle"],"damage_healed":0,"gold_gain":0,"player_choice":"Removed Attack","damage_taken":0,"max_hp_gain":0,"max_hp_loss":0,"event_name":"Falling","floor":43,"gold_loss":0}],"is_beta":false,"boss_relics":[{"not_picked":["Snecko Eye","Black Star"],"picked":"Sozu"},{"not_picked":["Busted Crown","Astrolabe"],"picked":"Slimebound:AbsorbEndCombatUpgraded"}],"items_purged_floors":[],"is_endless":false,"potions_floor_spawned":[3,8,10,12,16,19,26,28,31,32,33,36,37,38,39,40,42],"killed_by":"Reptomancer","ascension_level":0}}