{"host":"6xsbn6ynqlzwllfm","time":1611683775,"event":{"mods":["2.2 Compatiblity","BaseMod","Bestiary","Colored Map","Colored Powertips","Curses Come First","Highlight Path","Keyboard Shortcuts","Minty Spire (QoL Compilation)","Relic Stats","Slay the Relics Exporter","StSLib","SuperFastMode"],"gold_per_floor":[363,43,61,74,89,89,122,57,57,17,17,67,67,81,81,155,155,170,190,201,219,219,249,249,279,279,293,312,346,17,17,17,91,91,111,124,124,140,156,156,168,197,223,248,283,295,295,326,326,326,326,326,66,95,95,95],"floor_reached":55,"language":"ENG","playtime":3917,"items_purged":["Strike_G","Parasite"],"score":1672,"play_id":"89db3fdc-1021-4007-95a3-0627782602af","local_time":"20210126125615","is_ascension_mode":true,"campfire_choices":[{"data":"Footwork","floor":6,"key":"SMITH"},{"data":"Dagger Spray","floor":11,"key":"SMITH"},{"data":"Neutralize","floor":13,"key":"SMITH"},{"data":"Glass Knife","floor":15,"key":"SMITH"},{"data":"Defend_G","floor":24,"key":"SMITH"},{"data":"Defend_G","floor":32,"key":"SMITH"},{"data":"Finisher","floor":40,"key":"SMITH"},{"floor":49,"key":"RECALL"},{"data":"Defend_G","floor":52,"key":"SMITH"}],"circlet_count":0,"master_deck":["AscendersBane","Defend_G+1","Defend_G+1","Defend_G+1","Defend_G","Defend_G","Survivor","Neutralize+1","Dagger Spray+1","Blade Dance+1","Footwork+1","Cloak And Dagger+1","Deadly Poison+1","Well Laid Plans+1","Backflip+1","Burst+1","Dodge and Roll+1","Cloak And Dagger+1","Flechettes+1","PiercingWail+1","Blur+1","Envenom+1","Prepared+1","Backflip+1","Wraith Form v2+1","Footwork+1","Bite","Bite","Bite","Bite","Bite","Adrenaline+1","Acrobatics+1","Finisher+1","Outmaneuver+1","Calculated Gamble+1","Tactician+1","Blade Dance+1"],"relics":["Ring of the Snake","Toxic Egg 2","White Beast Statue","Question Card","Frozen Egg 2","WristBlade","Bottled Tornado","Mercury Hourglass","Letter Opener","Toy Ornithopter","Bronze Scales","Busted Crown","Oddly Smooth Stone","Ginger","Lantern","Gambling Chip","Medical Kit","Ice Cream"],"acts_visited":["Exordium","TheCity","TheBeyond","TheEnding"],"potions_floor_usage":[7,16,19,21,23,23,25,27,29,29,33,36,36,39,39,42,44,48,48,50,55],"damage_taken":[{"damage":1,"enemies":"Cultist","floor":1,"turns":4},{"damage":0,"enemies":"Small Slimes","floor":3,"turns":2},{"damage":0,"enemies":"Jaw Worm","floor":4,"turns":6},{"damage":2,"enemies":"Looter","floor":5,"turns":3},{"damage":2,"enemies":"Gremlin Nob","floor":7,"turns":3},{"damage":0,"enemies":"3 Louse","floor":14,"turns":2},{"damage":22,"enemies":"Slime Boss","floor":16,"turns":12},{"damage":0,"enemies":"Chosen","floor":18,"turns":3},{"damage":0,"enemies":"3 Byrds","floor":19,"turns":5},{"damage":5,"enemies":"Snecko","floor":20,"turns":5},{"damage":0,"enemies":"Chosen and Byrds","floor":21,"turns":3},{"damage":2,"enemies":"Slavers","floor":23,"turns":5},{"damage":9,"enemies":"Gremlin Leader","floor":25,"turns":5},{"damage":0,"enemies":"Sentry and Sphere","floor":27,"turns":3},{"damage":4,"enemies":"Centurion and Healer","floor":28,"turns":6},{"damage":4,"enemies":"Slavers","floor":29,"turns":5},{"damage":33,"enemies":"Collector","floor":33,"turns":9},{"damage":0,"enemies":"Orb Walker","floor":35,"turns":3},{"damage":5,"enemies":"3 Shapes","floor":36,"turns":4},{"damage":2,"enemies":"Maw","floor":38,"turns":7},{"damage":1,"enemies":"Writhing Mass","floor":39,"turns":6},{"damage":1,"enemies":"4 Shapes","floor":41,"turns":5},{"damage":2,"enemies":"Giant Head","floor":42,"turns":7},{"damage":0,"enemies":"Mind Bloom Boss Battle","floor":44,"turns":6},{"damage":0,"enemies":"Nemesis","floor":45,"turns":5},{"damage":12,"enemies":"Jaw Worm Horde","floor":46,"turns":4},{"damage":12,"enemies":"Giant Head","floor":48,"turns":6},{"damage":46,"enemies":"Donu and Deca","floor":50,"turns":10},{"damage":7,"enemies":"Shield and Spear","floor":54,"turns":8},{"damage":60,"enemies":"The Heart","floor":55,"turns":9}],"seed_played":"4131862970145093690","potions_obtained":[{"floor":3,"key":"SteroidPotion"},{"floor":14,"key":"Weak Potion"},{"floor":16,"key":"Dexterity Potion"},{"floor":18,"key":"BlessingOfTheForge"},{"floor":19,"key":"Fire Potion"},{"floor":20,"key":"FearPotion"},{"floor":21,"key":"Energy Potion"},{"floor":23,"key":"SkillPotion"},{"floor":25,"key":"Fire Potion"},{"floor":27,"key":"Swift Potion"},{"floor":28,"key":"Dexterity Potion"},{"floor":29,"key":"Block Potion"},{"floor":33,"key":"DuplicationPotion"},{"floor":35,"key":"AttackPotion"},{"floor":36,"key":"Energy Potion"},{"floor":38,"key":"EntropicBrew"},{"floor":39,"key":"SpeedPotion"},{"floor":42,"key":"Strength Potion"},{"floor":44,"key":"Regen Potion"},{"floor":45,"key":"Ancient Potion"},{"floor":48,"key":"Dexterity Potion"},{"floor":54,"key":"SteroidPotion"}],"is_trial":false,"path_per_floor":["M","$","M","M","M","R","E","?","T","$","R","?","R","M","R","B",null,"M","M","M","M","?","E","R","E","T","M","M","E","$","?","R","B",null,"M","M","?","M","M","R","M","E","T","?","E","M","?","E","R","B",null,"R","$","E","B"],"character_chosen":"THE_SILENT","items_purchased":["Toxic Egg 2","Blade Dance+1","Well Laid Plans+1","Footwork+1","Bronze Scales","Medical Kit"],"campfire_rested":0,"item_purchase_floors":[2,2,10,30,30,53],"current_hp_per_floor":[58,58,58,58,56,56,54,54,54,54,54,54,54,54,54,32,53,53,53,48,48,48,46,46,37,37,37,33,29,29,29,29,7,33,37,42,42,42,42,42,42,42,42,42,42,36,36,34,34,12,35,35,35,39,0,0],"gold":95,"neow_bonus":"TWO_FIFTY_GOLD","is_daily":false,"chose_seed":false,"campfire_upgraded":8,"win_rate":0.0,"timestamp":1611683775,"path_taken":["M","$","M","M","?","R","E","?","T","?","R","?","R","M","R","BOSS","M","M","M","?","?","E","R","E","T","M","M","E","?","?","R","BOSS","M","M","?","M","?","R","M","E","T","?","E","M","?","E","R","BOSS","R","$","E","BOSS"],"items_purchased_type":["Relic","Card","Card","Card","Relic","Relic"],"build_version":"2020-12-22","purchased_purges":2,"victory":false,"max_hp_per_floor":[60,60,60,60,60,60,60,60,60,60,60,60,60,60,60,60,60,60,60,60,60,60,60,60,60,60,60,60,60,60,42,42,42,42,42,42,42,42,42,42,42,42,42,42,42,42,42,42,42,42,42,42,39,39,39,39],"relic_stats":{"Busted Crown":22,"counters":[30,161],"Bronze Scales":[329],"Gambling Chip":[13],"Letter Opener":[443],"Ginger":[4],"Question Card":23,"Medical Kit":[7],"obtain_stats":[{"Ice Cream":54,"Lantern":45,"Oddly Smooth Stone":42,"Letter Opener":26,"Ginger":44,"Frozen Egg 2":9,"Bottled Tornado":23,"Question Card":8,"Medical Kit":53,"White Beast Statue":7,"Mercury Hourglass":25,"Busted Crown":34,"WristBlade":17,"Bronze Scales":30,"Gambling Chip":48,"Toxic Egg 2":2,"Toy Ornithopter":29,"Ring of the Snake":0},{"Ice Cream":29,"Lantern":25,"Oddly Smooth Stone":23,"Letter Opener":13,"Ginger":24,"Frozen Egg 2":5,"Bottled Tornado":12,"Question Card":5,"Medical Kit":28,"White Beast Statue":5,"Mercury Hourglass":13,"Busted Crown":17,"WristBlade":7,"Bronze Scales":16,"Gambling Chip":27,"Toxic Egg 2":1,"Toy Ornithopter":16,"Ring of the Snake":0},{"Ice Cream":152,"Lantern":124,"Oddly Smooth Stone":113,"Letter Opener":58,"Ginger":119,"Frozen Egg 2":18,"Bottled Tornado":53,"Question Card":18,"Medical Kit":144,"White Beast Statue":18,"Mercury Hourglass":58,"Busted Crown":81,"WristBlade":32,"Bronze Scales":72,"Gambling Chip":134,"Toxic Egg 2":4,"Toy Ornithopter":72,"Ring of the Snake":0}],"Toy Ornithopter":26,"Ring of the Snake":[60],"Mercury Hourglass":[370]},"card_choices":[{"not_picked":["Quick Slash","Finisher"],"picked":"Dagger Spray","floor":1},{"not_picked":["Bane","Flechettes"],"picked":"Footwork","floor":3},{"not_picked":["Expertise+1","Infinite Blades"],"picked":"Cloak And Dagger+1","floor":4},{"not_picked":["Tools of the Trade","Blade Dance+1"],"picked":"Deadly Poison+1","floor":5},{"not_picked":["Grand Finale","Slice"],"picked":"Glass Knife","floor":7},{"not_picked":["Deflect+1","Underhanded Strike","Heel Hook"],"picked":"Backflip+1","floor":14},{"not_picked":["Bullet Time+1","Unload","Night Terror+1"],"picked":"Burst+1","floor":16},{"not_picked":["Cloak And Dagger+1","Flechettes+1","Setup+1"],"picked":"Dodge and Roll+1","floor":18},{"not_picked":["Flying Knee","Dagger Spray","Dagger Throw"],"picked":"Cloak And Dagger+1","floor":19},{"not_picked":["Dagger Spray","Masterful Stab","Acrobatics+1"],"picked":"Flechettes+1","floor":20},{"not_picked":["Underhanded Strike+1","Distraction+1","Dagger Throw"],"picked":"PiercingWail+1","floor":21},{"not_picked":["Crippling Poison+1","Caltrops+1","Distraction+1"],"picked":"Envenom+1","floor":23},{"not_picked":["Cloak And Dagger+1","Backflip+1","All Out Attack"],"picked":"Prepared+1","floor":27},{"not_picked":["Riddle With Holes","Blade Dance+1","Deadly Poison+1"],"picked":"Backflip+1","floor":28},{"not_picked":["Slice","Acrobatics+1","Deadly Poison+1"],"picked":"Wraith Form v2+1","floor":29},{"not_picked":["Envenom+1","Wraith Form v2+1","Phantasmal Killer+1"],"picked":"Adrenaline+1","floor":33},{"not_picked":["Outmaneuver+1"],"picked":"Acrobatics+1","floor":35},{"not_picked":["Prepared+1"],"picked":"Finisher","floor":36},{"not_picked":["Backflip+1"],"picked":"Outmaneuver+1","floor":38},{"not_picked":["Bouncing Flask+1"],"picked":"Calculated Gamble+1","floor":39},{"not_picked":["Outmaneuver+1","Calculated Gamble+1"],"picked":"SKIP","floor":41},{"not_picked":["Dash+1"],"picked":"Tactician+1","floor":42},{"not_picked":["Dash"],"picked":"Blade Dance+1","floor":44},{"not_picked":["Cloak And Dagger+1","Predator"],"picked":"SKIP","floor":48},{"not_picked":["Grand Finale","Bane+1"],"picked":"SKIP","floor":54}],"player_experience":1127590,"relics_obtained":[{"floor":7,"key":"White Beast Statue"},{"floor":9,"key":"Frozen Egg 2"},{"floor":23,"key":"Bottled Tornado"},{"floor":25,"key":"Mercury Hourglass"},{"floor":26,"key":"Letter Opener"},{"floor":29,"key":"Toy Ornithopter"},{"floor":42,"key":"Oddly Smooth Stone"},{"floor":44,"key":"Ginger"},{"floor":45,"key":"Lantern"},{"floor":48,"key":"Gambling Chip"},{"floor":54,"key":"Ice Cream"}],"event_choices":[{"damage_healed":0,"gold_gain":0,"player_choice":"Paid Gold","damage_taken":0,"relics_obtained":["Question Card"],"max_hp_gain":0,"max_hp_loss":0,"event_name":"WeMeetAgain","floor":8,"gold_loss":65},{"damage_healed":0,"gold_gain":50,"player_choice":"Pray","damage_taken":0,"max_hp_gain":0,"max_hp_loss":0,"event_name":"Golden Shrine","floor":12,"gold_loss":0},{"damage_healed":0,"gold_gain":0,"player_choice":"Read","damage_taken":0,"max_hp_gain":0,"max_hp_loss":0,"event_name":"The Library","floor":22,"gold_loss":0,"cards_obtained":["Blur"]},{"damage_healed":0,"gold_gain":0,"player_choice":"Became a vampire","damage_taken":0,"max_hp_gain":0,"max_hp_loss":18,"event_name":"Vampires","floor":31,"gold_loss":0,"cards_obtained":["Bite","Bite","Bite","Bite","Bite"]},{"damage_healed":0,"gold_gain":0,"player_choice":"Ignored","damage_taken":0,"max_hp_gain":0,"max_hp_loss":0,"event_name":"SecretPortal","floor":37,"gold_loss":0},{"damage_healed":0,"gold_gain":0,"player_choice":"Fight","damage_taken":0,"max_hp_gain":0,"max_hp_loss":0,"event_name":"MindBloom","floor":44,"gold_loss":0},{"cards_removed":["Glass Knife"],"damage_healed":0,"gold_gain":0,"player_choice":"Removed Attack","damage_taken":0,"max_hp_gain":0,"max_hp_loss":0,"event_name":"Falling","floor":47,"gold_loss":0}],"is_beta":false,"boss_relics":[{"not_picked":["Snecko Eye","Runic Pyramid"],"picked":"WristBlade"},{"not_picked":["SacredBark","Pandora\u0027s Box"],"picked":"Busted Crown"}],"items_purged_floors":[30,53],"is_endless":false,"potions_floor_spawned":[3,14,16,18,19,20,21,23,25,27,28,29,33,35,36,38,39,41,42,44,45,46,48,54],"killed_by":"The Heart","ascension_level":19}}