{"host":"ilhhjx796p2x2wmd","time":1611661785,"event":{"mods":["AchievementEnabler","BaseMod","BetterRewards","Colored Map","Colored Powertips","DeckTracker","Highlight Path","Minty Spire (QoL Compilation)","Permanent Neow","Rare Cards Sparkle","Shop Mod"],"gold_per_floor":[110,125,137,148,51,51,90,112,112,176,176,176,8,32,32,143,152,170,27,43,53,53,93,93,127,174,174,191,224,238,254,254,368,368,389,407,691,94,119,156,156,190,216,241,259,259,279,291,291,291],"floor_reached":51,"language":"KOR","playtime":1952,"items_purged":["Strike_G","Strike_G","Strike_G","Strike_G"],"score":1008,"play_id":"aceff448-63d1-46ad-ace4-b1178de61956","local_time":"20210126204945","is_ascension_mode":true,"campfire_choices":[{"data":"Cloak And Dagger","floor":6.0,"key":"SMITH"},{"floor":12.0,"key":"REST"},{"data":"Accuracy","floor":15.0,"key":"SMITH"},{"data":"Infinite Blades","floor":24,"key":"SMITH"},{"data":"Neutralize","floor":27,"key":"SMITH"},{"data":"Adrenaline","floor":32,"key":"SMITH"},{"data":"Panacea","floor":41,"key":"SMITH"},{"floor":46,"key":"REST"},{"data":"A Thousand Cuts","floor":49,"key":"SMITH"}],"circlet_count":0,"master_deck":["Strike_G","Defend_G","Defend_G+1","Defend_G","Defend_G","Defend_G","Survivor","Neutralize+1","Blade Dance","Underhanded Strike","Cloak And Dagger+1","Acrobatics","Accuracy+1","Infinite Blades+1","Blur+1","Blade Dance","Infinite Blades+1","Blade Dance","Adrenaline","CurseOfTheBell","Acrobatics","Adrenaline+1","Prepared+1","A Thousand Cuts+1","Cloak And Dagger+1","Secret Weapon","Panacea+1","Regret","Well Laid Plans","Dark Shackles","Calculated Gamble+1","Reflex","Accuracy+1","Prepared+1","Blade Dance+1"],"relics":["WristBlade","CeramicFish","StoneCalendar","Kunai","Calipers","Calling Bell","Anchor","Blue Candle","Bird Faced Urn","Pear","Pantograph","Bag of Preparation","Dead Branch","SacredBark","Pen Nib","Tingsha","Ornamental Fan","War Paint"],"acts_visited":["Exordium","TheCity","TheBeyond"],"potions_floor_usage":[38,50,50,50],"damage_taken":[{"damage":12.0,"enemies":"Jaw Worm","floor":1.0,"turns":3.0},{"damage":0.0,"enemies":"2 Louse","floor":2.0,"turns":3.0},{"damage":0.0,"enemies":"Cultist","floor":3.0,"turns":2.0},{"damage":7.0,"enemies":"2 Fungi Beasts","floor":4.0,"turns":3.0},{"damage":8.0,"enemies":"Gremlin Nob","floor":7.0,"turns":4.0},{"damage":0.0,"enemies":"Gremlin Gang","floor":8.0,"turns":3.0},{"damage":23.0,"enemies":"Lagavulin Event","floor":10.0,"turns":4.0},{"damage":2.0,"enemies":"Exordium Thugs","floor":14.0,"turns":3.0},{"damage":1.0,"enemies":"Hexaghost","floor":16.0,"turns":5.0},{"damage":0.0,"enemies":"Chosen","floor":18.0,"turns":2.0},{"damage":0.0,"enemies":"Spheric Guardian","floor":20.0,"turns":2.0},{"damage":2.0,"enemies":"3 Cultists","floor":21.0,"turns":4.0},{"damage":18,"enemies":"Slavers","floor":23,"turns":6},{"damage":18,"enemies":"Gremlin Leader","floor":25,"turns":3},{"damage":4,"enemies":"Snecko","floor":28,"turns":3},{"damage":18,"enemies":"Slavers","floor":29,"turns":3},{"damage":3,"enemies":"Centurion and Healer","floor":30,"turns":3},{"damage":0,"enemies":"3 Cultists","floor":31,"turns":3},{"damage":29,"enemies":"Collector","floor":33,"turns":7},{"damage":0,"enemies":"3 Darklings","floor":35,"turns":3},{"damage":2,"enemies":"Orb Walker","floor":39,"turns":2},{"damage":15,"enemies":"Nemesis","floor":40,"turns":4},{"damage":36,"enemies":"Reptomancer","floor":42,"turns":3},{"damage":1,"enemies":"Maw","floor":44,"turns":4},{"damage":1,"enemies":"Transient","floor":45,"turns":5},{"damage":7,"enemies":"Jaw Worm Horde","floor":47,"turns":2},{"damage":7,"enemies":"3 Darklings","floor":48,"turns":3},{"damage":48,"enemies":"Donu and Deca","floor":50,"turns":5}],"seed_played":"-4346544080992526393","potions_obtained":[{"floor":2.0,"key":"Energy Potion"},{"floor":3.0,"key":"Poison Potion"},{"floor":7.0,"key":"BlessingOfTheForge"},{"floor":8.0,"key":"SmokeBomb"},{"floor":10.0,"key":"SkillPotion"},{"floor":16.0,"key":"AttackPotion"},{"floor":33,"key":"Fire Potion"},{"floor":35,"key":"Weak Potion"}],"is_trial":false,"path_per_floor":["M","M","M","M","$","R","E","M","T","?","?","R","$","M","R","B",null,"M","$","M","M","?","E","R","E","T","R","M","E","M","M","R","B",null,"M","?","?","$","M","E","R","E","T","M","M","R","M","M","R","B",null],"character_chosen":"THE_SILENT","items_purchased":["Acrobatics","Blade Dance","Infinite Blades","Acrobatics","Pen Nib","Fruit Juice","Energy Potion","Well Laid Plans","Dark Shackles"],"campfire_rested":2,"item_purchase_floors":[5,13,13,19,38,38,38,38,38],"current_hp_per_floor":[58,58,58,51,51,51,43,43,43,20,20,41,41,39,39,38,70,70,70,70,70,70,66,66,54,54,54,56,42,47,53,53,55,80,80,75,75,85,90,76,76,44,44,55,62,89,83,82,82,48],"gold":291,"neow_bonus":"BOSS_RELIC","is_daily":false,"chose_seed":false,"campfire_upgraded":7,"win_rate":0.0,"timestamp":1611661785,"path_taken":["M","M","M","M","$","R","E","M","T","?","?","R","$","M","R","BOSS","M","$","?","M","?","E","R","E","T","R","M","E","?","M","R","BOSS","M","?","?","$","M","E","R","E","T","M","M","R","?","M","R","BOSS"],"items_purchased_type":["Card","Card","Card","Card","Relic","Potion","Potion","Card","Card"],"build_version":"2020-12-22","purchased_purges":4,"victory":true,"max_hp_per_floor":[70,70,70,70,70,70,70,70,70,70,70,70,70,70,70,70,70,70,70,70,70,70,80,80,80,80,80,80,80,80,80,80,80,80,80,80,80,90,90,90,90,90,90,90,90,90,90,90,90,90],"card_choices":[{"not_picked":["Acrobatics","Finisher"],"picked":"Dagger Throw","floor":1.0},{"not_picked":["Deadly Poison","Poisoned Stab"],"picked":"Blade Dance","floor":2.0},{"not_picked":["Deadly Poison","Dash"],"picked":"Underhanded Strike","floor":3.0},{"not_picked":["Dodge and Roll","Bane"],"picked":"Cloak And Dagger","floor":4.0},{"not_picked":["Cloak And Dagger","Prepared"],"picked":"Accuracy","floor":7.0},{"not_picked":["Unload","Underhanded Strike"],"picked":"Infinite Blades","floor":8.0},{"not_picked":["Noxious Fumes","Bane"],"picked":"Blur","floor":10.0},{"not_picked":["Prepared","Calculated Gamble"],"picked":"Blade Dance","floor":14.0},{"not_picked":["Venomology","Night Terror"],"picked":"Adrenaline","floor":16.0},{"not_picked":["Dodge and Roll","Dash","Deadly Poison"],"picked":"SKIP","floor":18.0},{"not_picked":["Backflip","Flying Knee","Dodge and Roll"],"picked":"SKIP","floor":20.0},{"not_picked":["Dagger Throw","Choke","Leg Sweep"],"picked":"SKIP","floor":21.0},{"not_picked":["Dash","Poisoned Stab"],"picked":"Adrenaline","floor":23},{"not_picked":["Dagger Spray","Backstab"],"picked":"Prepared+1","floor":25},{"not_picked":["Acrobatics","Quick Slash","Dagger Spray"],"picked":"SKIP","floor":28},{"not_picked":["Catalyst+1","Dagger Throw+1","Backflip"],"picked":"SKIP","floor":29},{"not_picked":["Flechettes","Noxious Fumes","Unload"],"picked":"SKIP","floor":30},{"not_picked":["Outmaneuver+1","Finisher","Sucker Punch"],"picked":"SKIP","floor":31},{"not_picked":["Die Die Die","Burst"],"picked":"A Thousand Cuts","floor":33},{"not_picked":["Underhanded Strike+1","Outmaneuver+1"],"picked":"Cloak And Dagger+1","floor":35},{"not_picked":["Flash of Steel","Mayhem"],"picked":"Secret Weapon","floor":36},{"not_picked":["Blind","The Bomb"],"picked":"Panacea","floor":36},{"not_picked":["Prepared+1","Outmaneuver+1"],"picked":"Calculated Gamble+1","floor":39},{"not_picked":["Quick Slash+1","Deflect+1"],"picked":"Reflex","floor":40},{"not_picked":["All Out Attack","Outmaneuver+1"],"picked":"Accuracy+1","floor":42},{"not_picked":["Outmaneuver","Well Laid Plans+1"],"picked":"Prepared+1","floor":44},{"not_picked":["Dodge and Roll","Underhanded Strike+1","Catalyst"],"picked":"SKIP","floor":45},{"not_picked":["PiercingWail+1","Deflect+1"],"picked":"Blade Dance+1","floor":47},{"not_picked":["Deadly Poison","Deflect+1","Quick Slash+1"],"picked":"SKIP","floor":48}],"player_experience":309592,"relics_obtained":[{"floor":7.0,"key":"CeramicFish"},{"floor":9.0,"key":"StoneCalendar"},{"floor":10.0,"key":"Kunai"},{"floor":17.0,"key":"Anchor"},{"floor":17.0,"key":"Blue Candle"},{"floor":17.0,"key":"Bird Faced Urn"},{"floor":23,"key":"Pear"},{"floor":25,"key":"Pantograph"},{"floor":26,"key":"Bag of Preparation"},{"floor":29,"key":"Dead Branch"},{"floor":40,"key":"Tingsha"},{"floor":42,"key":"Ornamental Fan"},{"floor":43,"key":"War Paint"}],"event_choices":[{"damage_healed":0.0,"max_hp_gain":0.0,"max_hp_loss":0.0,"gold_gain":0.0,"event_name":"Dead Adventurer","player_choice":"Searched \u00272\u0027 times","floor":10.0,"gold_loss":0.0,"damage_taken":0.0},{"cards_removed":["Dagger Throw"],"damage_healed":0.0,"max_hp_gain":0.0,"max_hp_loss":0.0,"gold_gain":0.0,"event_name":"WeMeetAgain","player_choice":"Gave Card","floor":11.0,"gold_loss":0.0,"damage_taken":0.0,"relics_obtained":["Calipers"]},{"damage_healed":0.0,"max_hp_gain":0.0,"max_hp_loss":0.0,"gold_gain":0.0,"event_name":"Upgrade Shrine","player_choice":"Upgraded","floor":22.0,"gold_loss":0.0,"damage_taken":0.0,"cards_upgraded":["Infinite Blades"]},{"damage_healed":0,"gold_gain":0,"player_choice":"Memory 2","damage_taken":5,"max_hp_gain":0,"max_hp_loss":0,"event_name":"SensoryStone","floor":36,"gold_loss":0},{"damage_healed":0,"gold_gain":275,"player_choice":"Desecrate","damage_taken":0,"max_hp_gain":0,"max_hp_loss":0,"event_name":"Golden Shrine","floor":37,"gold_loss":0,"cards_obtained":["Regret"]}],"is_beta":false,"boss_relics":[{"not_picked":["Velvet Choker","Snecko Eye"],"picked":"Calling Bell"},{"not_picked":["Empty Cage","SlaversCollar"],"picked":"SacredBark"}],"items_purged_floors":[5,13,19,38],"is_endless":false,"potions_floor_spawned":[2,3,7,8,10,16,20,21,28,31,33,35,40,45],"ascension_level":3}}