{"host":"opgesw7sb5n0ordz","time":1611702098,"event":{"mods":["BaseMod","Better Note","Colored Powertips","Downfall","Minty Spire (QoL Compilation)","Relic Stats","StSLib","Unceasing Turn Reminder"],"gold_per_floor":[99,116,134,190,190,28,51,151,59,59,72,57,57,67,84,84,84,84],"floor_reached":16,"language":"ENG","playtime":892,"items_purged":[],"score":95,"play_id":"d5e868d9-1170-4b8a-917d-ac911eae7f7b","local_time":"20210126180138","is_ascension_mode":true,"campfire_choices":[{"floor":1,"key":"RECALL"},{"floor":10,"key":"REST"},{"data":"bronze:Return","floor":13,"key":"SMITH"}],"circlet_count":0,"master_deck":["bronze:Strike","bronze:Strike","bronze:Strike","bronze:Strike","bronze:Defend","bronze:Defend","bronze:Defend","bronze:Defend","bronze:Replicate","bronze:Goto","bronze:BugBarrage","bronze:Frontload","bronze:Shell","bronze:Repair","bronze:Boost","bronze:Return+1","bronze:BugBarrage","bronze:BuggyMess","bronze:GetLatest","bronze:Mutator"],"relics":["bronze:BronzeCore","Art of War","Pen Nib"],"acts_visited":["Exordium"],"potions_floor_usage":[16,16,16],"damage_taken":[{"damage":1,"enemies":"Jaw Worm","floor":2,"turns":3},{"damage":3,"enemies":"Small Slimes","floor":3,"turns":4},{"damage":37,"enemies":"Gremlin Nob","floor":4,"turns":5},{"damage":0,"enemies":"downfall:FleeingMerchant","floor":6,"turns":4},{"damage":5,"enemies":"downfall:FleeingMerchant","floor":9,"turns":4},{"damage":1,"enemies":"Cultist","floor":11,"turns":4},{"damage":0,"enemies":"downfall:FleeingMerchant","floor":12,"turns":4},{"damage":0,"enemies":"2 Fungi Beasts","floor":14,"turns":6},{"damage":9,"enemies":"Lots of Slimes","floor":15,"turns":5},{"damage":69,"enemies":"SI_SHIV_ARCHETYPE","floor":16,"turns":15}],"seed_played":"-4178170536984247641","potions_obtained":[{"floor":4,"key":"Dexterity Potion"},{"floor":11,"key":"LiquidMemories"},{"floor":14,"key":"Fire Potion"}],"is_trial":false,"path_per_floor":["R","M","M","?","?","$","T","?","$","R","M","$","R","M","M","B"],"character_chosen":"THE_AUTOMATON","items_purchased":["Pen Nib","bronze:Return"],"campfire_rested":1,"item_purchase_floors":[6,9],"current_hp_per_floor":[63,62,59,22,22,22,22,22,24,49,48,55,55,62,60,0,0,0],"gold":84,"neow_bonus":"TWENTY_PERCENT_HP_BONUS","is_daily":false,"chose_seed":false,"campfire_upgraded":1,"win_rate":0.0,"timestamp":1611702098,"path_taken":["R","M","M","?","?","?","T","?","$","R","M","$","R","M","M","BOSS"],"items_purchased_type":["Relic","Card"],"build_version":"2020-12-22","purchased_purges":0,"victory":false,"max_hp_per_floor":[84,84,84,84,84,84,84,84,84,84,84,84,84,84,84,84,84,84],"relic_stats":{"counters":[10,54],"Pen Nib":[6],"Art of War":[3],"obtain_stats":[{"bronze:BronzeCore":0,"Pen Nib":6,"Art of War":4},{"bronze:BronzeCore":0,"Pen Nib":4,"Art of War":3},{"bronze:BronzeCore":0,"Pen Nib":16,"Art of War":12}]},"card_choices":[{"not_picked":["bronze:Overheat","bronze:OilSpill"],"picked":"bronze:BugBarrage","floor":2},{"not_picked":["bronze:Overheat","bronze:CutThrough"],"picked":"bronze:Frontload","floor":3},{"not_picked":["bronze:WhirlingStrike","bronze:BuggyMess"],"picked":"bronze:Shell","floor":4},{"not_picked":["bronze:BronzeOrb","bronze:DigitalCarnage"],"picked":"bronze:Repair","floor":6},{"not_picked":["bronze:BugBarrage","bronze:BuggyMess"],"picked":"bronze:Boost","floor":9},{"not_picked":["bronze:ChosenStrike","bronze:BitShift"],"picked":"bronze:BugBarrage","floor":11},{"not_picked":["bronze:ForceShield","bronze:Return"],"picked":"bronze:BuggyMess","floor":12},{"not_picked":["bronze:OilSpill","bronze:Invalidate"],"picked":"bronze:GetLatest","floor":14},{"not_picked":["bronze:BronzeArmor","bronze:Repulsor"],"picked":"bronze:Mutator","floor":15}],"player_experience":747216,"relics_obtained":[{"floor":4,"key":"Art of War"}],"event_choices":[],"is_beta":false,"boss_relics":[],"items_purged_floors":[],"is_endless":false,"potions_floor_spawned":[4,11,14,15],"killed_by":"SI_SHIV_ARCHETYPE","ascension_level":1}}