{"host":"1mdoazogr9tl4b3g","time":1611640908,"event":{"mods":["Act Like it!","Aspiration","Bard","BaseMod","Beaked The Cultist","BetterRewards","Block Reminder","Conspire","Glutton Mod","Hermit","Hubris","Infinite Spire","Marisa????????","Mimic Mod","Minty Spire (QoL Compilation)","Rare Cards Sparkle","Relic Sorter","Replay The Spire","Shop Mod","StSLib","The Animator","The Blackbeard","The Bladedancer","The Bug Knight","The Construct","The Cursed","The Disciple","The Hierophant","The Mystic","The Necromancer","The Runesmith","The Servant 0.9.4","The Spell Scribe","Uncapped","Wandering Minibosses"],"gold_per_floor":[362,119,135,135,154,154,170,194,194,45,45,45],"floor_reached":11,"language":"ENG","playtime":1008,"items_purged":["animator:Strike"],"score":65,"play_id":"3212edbe-bd20-438d-9a7f-a7445df605a2","local_time":"20210126000148","is_ascension_mode":false,"campfire_choices":[{"data":"animator:Hibiki","floor":6,"key":"SMITH"}],"circlet_count":0,"master_deck":["animator:Strike_NoGameNoLife","animator:Defend_NoGameNoLife","animator:Strike","animator:Strike","animator:Defend","animator:Defend","animator:DolaSchwi","animator:DolaCouronne","animator:Hibiki+1","animator:Millim","animator:Priestess"],"relics":["animator:LivingPicture","animator:TheMissingPiece","animator:PurgingStone","hubris:CrystalStatue","TwistedFunnel"],"acts_visited":["Exordium"],"potions_floor_usage":[11,11],"damage_taken":[{"damage":3,"enemies":"Cultist","floor":1,"turns":5},{"damage":6,"enemies":"Jaw Worm","floor":3,"turns":5},{"damage":3,"enemies":"2 Louse","floor":5,"turns":5},{"damage":32,"enemies":"Exordium Thugs","floor":7,"turns":6},{"damage":13,"enemies":"3 Louse","floor":8,"turns":5},{"damage":13,"enemies":"Gremlin Nob","floor":11,"turns":3}],"seed_played":"400889475780806358","potions_obtained":[{"floor":1,"key":"Energy Potion"},{"floor":7,"key":"animator:GrowthPotion"},{"floor":8,"key":"SkillPotion"}],"is_trial":false,"path_per_floor":["M","$","M","?","M","R","M","M","T","$","E"],"character_chosen":"THE_ANIMATOR","items_purchased":["animator:Hibiki","TwistedFunnel"],"campfire_rested":0,"item_purchase_floors":[2,10],"current_hp_per_floor":[57,57,51,51,48,48,16,3,3,3,0,0],"gold":45,"neow_bonus":"TWO_FIFTY_GOLD","is_daily":false,"chose_seed":false,"campfire_upgraded":1,"win_rate":0.0,"timestamp":1611640908,"path_taken":["M","$","M","?","M","R","M","M","T","?","E"],"items_purchased_type":["Card","Relic"],"build_version":"2020-12-22","purchased_purges":1,"victory":false,"max_hp_per_floor":[60,60,60,60,60,60,60,60,60,60,60,60],"card_choices":[{"not_picked":["animator:Sloth","animator:MaesHughes","animator:PandorasActor"],"picked":"SKIP","floor":1},{"not_picked":["animator:Archer","animator:RoyMustang","animator:CowGirl"],"picked":"SKIP","floor":3},{"not_picked":["animator:Archer","animator:RoyMustang","animator:CowGirl"],"picked":"SKIP","floor":3},{"not_picked":["animator:Chris","animator:Gluttony"],"picked":"animator:Millim","floor":5},{"not_picked":["animator:FielNirvalen","animator:Lancer"],"picked":"animator:Priestess","floor":8}],"player_experience":399578,"relics_obtained":[{"floor":9,"key":"hubris:CrystalStatue"}],"event_choices":[{"cards_removed":["animator:Defend"],"damage_healed":0,"gold_gain":0,"player_choice":"Offered Basic","damage_taken":0,"max_hp_gain":0,"max_hp_loss":0,"event_name":"Bonfire Elementals","floor":4,"gold_loss":0}],"is_beta":false,"boss_relics":[],"items_purged_floors":[2],"is_endless":false,"potions_floor_spawned":[1,7,8],"killed_by":"Gremlin Nob","ascension_level":0}}