{"host":"ELF","time":1611638908,"event":{"mods":["BaseMod","Bestiary","Minty Spire (QoL Compilation)","Relic Stats","Slay the Relics Exporter"],"gold_per_floor":[112,25,39,39,39,39,82,82,106,131,171,194,209,234,234,325,325,343,55,75,75,75,75],"floor_reached":22,"language":"ENG","playtime":1167,"items_purged":[],"score":392,"play_id":"eecae383-618b-4921-b77b-aeb6e8236b06","local_time":"20210125232828","is_ascension_mode":true,"campfire_choices":[{"floor":6,"key":"REST"},{"data":"Loop","floor":8,"key":"SMITH"},{"floor":15,"key":"REST"}],"circlet_count":0,"master_deck":["AscendersBane","Strike_B","Strike_B","Strike_B","Strike_B","Defend_B+1","Defend_B","Defend_B","Defend_B","Zap+1","Dualcast","Glacier","Capacitor","Loop+1","Compile Driver","Capacitor","Defragment","Streamline","Creative AI","Force Field","Seek","Blizzard"],"relics":["Velvet Choker","Golden Idol","War Paint","Bronze Scales","PreservedInsect","Busted Crown","Mummified Hand"],"acts_visited":["Exordium","TheCity"],"potions_floor_usage":[14,14,14,16],"damage_taken":[{"damage":11,"enemies":"Small Slimes","floor":1,"turns":5},{"damage":9,"enemies":"2 Louse","floor":3,"turns":3},{"damage":14,"enemies":"Lagavulin","floor":7,"turns":10},{"damage":1,"enemies":"Cultist","floor":10,"turns":4},{"damage":16,"enemies":"3 Sentries","floor":11,"turns":9},{"damage":0,"enemies":"Large Slime","floor":12,"turns":8},{"damage":19,"enemies":"3 Louse","floor":13,"turns":3},{"damage":0,"enemies":"Exordium Wildlife","floor":14,"turns":5},{"damage":26,"enemies":"Slime Boss","floor":16,"turns":9},{"damage":14,"enemies":"Chosen","floor":18,"turns":6},{"damage":27,"enemies":"Shell Parasite","floor":20,"turns":4},{"damage":15,"enemies":"Centurion and Healer","floor":22,"turns":3}],"seed_played":"5512606737754582054","potions_obtained":[{"floor":1,"key":"Weak Potion"},{"floor":10,"key":"GamblersBrew"},{"floor":13,"key":"EntropicBrew"},{"floor":18,"key":"PotionOfCapacity"}],"is_trial":false,"path_per_floor":["M","$","M","$","?","R","E","R","T","M","E","M","M","M","R","B",null,"M","$","M","?","M"],"character_chosen":"DEFECT","items_purchased":["Capacitor","Mummified Hand"],"campfire_rested":2,"item_purchase_floors":[2,19],"current_hp_per_floor":[53,53,44,44,44,65,51,51,51,50,34,34,15,15,36,10,56,42,42,15,15,0,0],"gold":75,"neow_bonus":"BOSS_RELIC","is_daily":false,"chose_seed":false,"campfire_upgraded":1,"win_rate":0.0,"timestamp":1611638908,"path_taken":["M","$","M","$","?","R","E","R","T","M","E","M","M","M","R","BOSS","M","$","M","?","M"],"items_purchased_type":["Card","Relic"],"build_version":"2020-12-18","purchased_purges":0,"victory":false,"max_hp_per_floor":[71,71,71,71,71,71,71,71,71,71,71,71,71,71,71,71,71,71,71,71,71,71,71],"relic_stats":{"Busted Crown":4,"counters":[12,67],"Golden Idol":61,"Mummified Hand":[12],"Bronze Scales":[112],"PreservedInsect":0,"War Paint":["Zap","Defend_B"],"obtain_stats":[{"Busted Crown":17,"Golden Idol":5,"Mummified Hand":19,"Bronze Scales":9,"Velvet Choker":0,"PreservedInsect":11,"War Paint":7,"Cracked Core":0},{"Busted Crown":9,"Golden Idol":2,"Mummified Hand":10,"Bronze Scales":3,"Velvet Choker":0,"PreservedInsect":5,"War Paint":3,"Cracked Core":0},{"Busted Crown":55,"Golden Idol":8,"Mummified Hand":60,"Bronze Scales":18,"Velvet Choker":0,"PreservedInsect":31,"War Paint":18,"Cracked Core":0}]},"card_choices":[{"not_picked":["Sweeping Beam","Defragment"],"picked":"Glacier","floor":1},{"not_picked":["Barrage","Double Energy"],"picked":"Loop","floor":3},{"not_picked":["Go for the Eyes","Conserve Battery"],"picked":"Compile Driver","floor":7},{"not_picked":["Undo","Go for the Eyes"],"picked":"Capacitor","floor":10},{"not_picked":["Skim","Beam Cell"],"picked":"Defragment","floor":11},{"not_picked":["Reprogram","Gash"],"picked":"Streamline","floor":12},{"not_picked":["White Noise","Cold Snap"],"picked":"Creative AI","floor":13},{"not_picked":["Streamline","Beam Cell"],"picked":"Force Field","floor":14},{"not_picked":["Multi-Cast","Creative AI"],"picked":"Seek","floor":16},{"not_picked":[],"picked":"Blizzard","floor":18},{"not_picked":["Compile Driver"],"picked":"SKIP","floor":20}],"player_experience":3284943,"relics_obtained":[{"floor":7,"key":"War Paint"},{"floor":9,"key":"Bronze Scales"},{"floor":11,"key":"PreservedInsect"}],"event_choices":[{"damage_healed":0,"gold_gain":0,"player_choice":"Take Wound","damage_taken":0,"relics_obtained":["Golden Idol"],"max_hp_gain":0,"max_hp_loss":0,"event_name":"Golden Idol","floor":5,"gold_loss":0,"cards_obtained":["Injury"]},{"cards_removed":["Injury"],"damage_healed":0,"gold_gain":0,"player_choice":"Removed Curses","damage_taken":0,"max_hp_gain":0,"max_hp_loss":0,"event_name":"Fountain of Cleansing","floor":21,"gold_loss":0}],"is_beta":true,"boss_relics":[{"not_picked":["Empty Cage","Sozu"],"picked":"Busted Crown"}],"items_purged_floors":[],"is_endless":false,"potions_floor_spawned":[1,10,13,18],"killed_by":"Centurion and Healer","ascension_level":20}}