{"host":"5uokajoawb3dos2b","time":1611666956,"event":{"mods":["ATMod(∞¢Ë™Mod)","Act Like it!","BaseMod","Curses Come First","Decade(Õı–°√˜)","Gensokyo","KinomotoSakuraMod(ƒæ÷Æ±æ”£)","Minty Spire (QoL Compilation)","Reimu£®≤©¿ˆ¡È√Œ£©","Spicy Shops","StSLib","Waifu the Spire","WarShipGirlsR/’ΩΩ¢…Ÿ≈ÆR mod","Yakumo Yukari mod","Youmu£®ªÍ∆«—˝√Œ£©","°æ“≈ŒÔø®≈∆°øREMEMod"],"gold_per_floor":[116,170,170,93,109,137,137,155,180,211,211,224,41,55,55,159,159,179,179,179,190,209,239,12,12,39,39,56,74,74,84,84,84,84],"floor_reached":33,"language":"ZHS","playtime":1675,"items_purged":[],"score":327,"play_id":"3516962c-ff20-4af0-8f55-8bf88495d6be","local_time":"20210126211556","is_ascension_mode":false,"campfire_choices":[{"data":"SpellCardSeal","floor":7.0,"key":"SMITH"},{"floor":11.0,"key":"REST"},{"floor":15.0,"key":"REST"},{"floor":30,"key":"REST"},{"floor":32,"key":"REST"}],"circlet_count":1,"master_deck":["SakuraCardThePower+","ClowCardTheShield","ClowCardTheShield","ClowCardTheShield","ClowCardTheShield","SpellCardSeal+1","SpellCardRelease","AT_FamilyPortrait","ClowCardTheFirey","DenO_Rod","StateDuplicate_purple","LifeCuttingSword","Decade_Invisible","ClowCardTheLibra","ClowCardTheFight","ClowCardTheErase","SakuraCardTheLove+","ClowCardTheDash","ClowCardTheRain+1","ClowCardTheMaze+1","Bite","Bite","Bite","Bite","Bite","ClowCardTheLittle+1","ClowCardTheLight","ClowCardTheSweet+1"],"relics":["KSMOD_SealedBook","KSMOD_SealedWand","AT_ATBox","NeowsBlessing","MealTicket","KSMOD_TouyasBicycle","Bronze Scales","Circlet","AT_SunfireAegis","RedLine:ReiMu","Matryoshka","KSMOD_TeddyBear","Lantern","AT_BellDemon","Nilry\u0027s Codex"],"acts_visited":["Exordium","TheCity"],"potions_floor_usage":[28,28,28,29,31],"damage_taken":[{"damage":0.0,"enemies":"Small Slimes","floor":1.0,"turns":1.0},{"damage":0.0,"enemies":"Jaw Worm","floor":5.0,"turns":1.0},{"damage":0.0,"enemies":"Lagavulin","floor":6.0,"turns":1.0},{"damage":0.0,"enemies":"Cultist","floor":8.0,"turns":3.0},{"damage":20.0,"enemies":"3 Sentries","floor":10.0,"turns":5.0},{"damage":0.0,"enemies":"Exordium Wildlife","floor":12.0,"turns":2.0},{"damage":12.0,"enemies":"Blue Slaver","floor":14.0,"turns":2.0},{"damage":35.0,"enemies":"Slime Boss","floor":16.0,"turns":7.0},{"damage":9.0,"enemies":"Spheric Guardian","floor":18.0,"turns":4.0},{"damage":0.0,"enemies":"3 Byrds","floor":21.0,"turns":2.0},{"damage":19.0,"enemies":"Centurion and Healer","floor":22.0,"turns":5.0},{"damage":23,"enemies":"Book of Stabbing","floor":23,"turns":6},{"damage":24,"enemies":"Shelled Parasite and Fungi","floor":28,"turns":6},{"damage":6,"enemies":"Cultist and Chosen","floor":29,"turns":4},{"damage":8,"enemies":"Snecko","floor":31,"turns":5},{"damage":57,"enemies":"Collector","floor":33,"turns":2}],"seed_played":"6335889885054424569","potions_obtained":[{"floor":5.0,"key":"Explosive Potion"},{"floor":6.0,"key":"Regen Potion"},{"floor":10.0,"key":"PowerPotion"},{"floor":16.0,"key":"FearPotion"},{"floor":21.0,"key":"Block Potion"},{"floor":22.0,"key":"BlessingOfTheForge"},{"floor":28,"key":"BlessingOfTheForge"},{"floor":29,"key":"Swift Potion"}],"is_trial":false,"path_per_floor":["M","?","?","$","M","E","R","M","T","E","R","M","$","M","R","B",null,"M","?","?","M","M","E","$","?","T","?","M","M","R","M","R","B"],"character_chosen":"KINOMOTOSAKURA","items_purchased":["PrismaticShard","MerchantsRug","AT_SunfireAegis","KSMOD_TeddyBear","Lantern"],"campfire_rested":4,"item_purchase_floors":[4,13,13,24,24],"current_hp_per_floor":[70,70,70,70,70,70,70,70,70,57,70,70,70,58,70,35,70,61,61,61,61,42,19,34,34,34,18,4,6,20,18,32,0,0],"gold":84,"neow_bonus":"THREE_ENEMY_KILL","is_daily":false,"chose_seed":false,"campfire_upgraded":1,"win_rate":0.0,"timestamp":1611666956,"path_taken":["M","?","?","$","M","E","R","M","T","E","R","M","$","?","R","BOSS","M","?","?","M","?","E","$","?","T","?","M","M","R","M","R","BOSS"],"items_purchased_type":["Relic","Undefined","Relic","Relic","Relic"],"build_version":"2020-12-22","purchased_purges":0,"victory":false,"max_hp_per_floor":[70,70,70,70,70,70,70,70,70,70,70,70,70,70,70,70,70,70,70,70,70,70,70,70,49,49,49,49,49,49,49,49,49,49],"card_choices":[{"not_picked":["ClowCardTheSand","ClowCardTheLibra"],"picked":"ClowCardTheFirey","floor":1.0},{"not_picked":["SpringWay:ReiMu","SpiritMediumsBind"],"picked":"DenO_Rod","floor":5.0},{"not_picked":["RainPray2:ReiMu","EmptyFist"],"picked":"StateDuplicate_purple","floor":6.0},{"not_picked":["AT_EMC2","OmniscientAndOmnipotent_Monster_purple"],"picked":"LifeCuttingSword","floor":8.0},{"not_picked":["RideBooker","StateErode_purple"],"picked":"Study","floor":10.0},{"not_picked":["AttackRide","HeartExcerptSlash"],"picked":"Decade_Invisible","floor":12.0},{"not_picked":["ClowCardTheWood","ClowCardTheWave"],"picked":"ClowCardTheLibra","floor":14.0},{"not_picked":["ClowCardTheReturn","ClowCardTheDark"],"picked":"ClowCardTheFight","floor":16.0},{"not_picked":["ClowCardTheMove+1","ClowCardTheMist"],"picked":"ClowCardTheErase","floor":18.0},{"not_picked":["ClowCardTheFly","ClowCardTheJump"],"picked":"ClowCardTheRain+1","floor":21.0},{"not_picked":["ClowCardTheShadow","ClowCardTheSleep"],"picked":"ClowCardTheMaze+1","floor":22.0},{"not_picked":["ClowCardTheVoice","ClowCardTheFloat"],"picked":"ClowCardThePower","floor":23},{"not_picked":["ClowCardTheBig","ClowCardTheBubbles"],"picked":"ClowCardTheLittle+1","floor":28},{"not_picked":["ClowCardTheMove+1","ClowCardTheCloud+1"],"picked":"ClowCardTheLight","floor":29},{"not_picked":["ClowCardTheShadow","ClowCardTheCloud"],"picked":"ClowCardTheSweet+1","floor":31}],"player_experience":87246,"relics_obtained":[{"floor":6.0,"key":"MealTicket"},{"floor":9.0,"key":"KSMOD_TouyasBicycle"},{"floor":10.0,"key":"Bronze Scales"},{"floor":23,"key":"Matryoshka"},{"floor":26,"key":"AT_BellDemon"},{"floor":26,"key":"Circlet"},{"floor":27,"key":"Nilry\u0027s Codex"}],"event_choices":[{"damage_healed":0.0,"max_hp_gain":0.0,"max_hp_loss":0.0,"gold_gain":54.0,"event_name":"Golden Wing","player_choice":"Gained Gold","floor":2.0,"gold_loss":0.0,"damage_taken":0.0},{"damage_healed":0.0,"max_hp_gain":0.0,"max_hp_loss":0.0,"gold_gain":0.0,"event_name":"Wheel of Change","player_choice":"Full Heal","floor":3.0,"gold_loss":0.0,"damage_taken":0.0},{"damage_healed":0.0,"max_hp_gain":0.0,"max_hp_loss":0.0,"gold_gain":0.0,"cards_transformed":["Study"],"event_name":"Transmorgrifier","player_choice":"Transformed","floor":20.0,"gold_loss":0.0,"damage_taken":0.0,"cards_obtained":["ClowCardTheDash"]},{"damage_healed":0,"gold_gain":0,"player_choice":"Became a vampire","damage_taken":0,"max_hp_gain":0,"max_hp_loss":21,"event_name":"Vampires","floor":25,"gold_loss":0,"cards_obtained":["Bite","Bite","Bite","Bite","Bite"]},{"damage_healed":0,"gold_gain":0,"player_choice":"Obtained Book","damage_taken":16,"max_hp_gain":0,"max_hp_loss":0,"event_name":"Cursed Tome","floor":27,"gold_loss":0}],"is_beta":false,"boss_relics":[{"not_picked":["vexMod:NewClearReactor","Busted Crown"],"picked":"RedLine:ReiMu"}],"items_purged_floors":[],"is_endless":false,"potions_floor_spawned":[5,6,10,16,21,22,28,29],"killed_by":"Collector","ascension_level":0}}