{"host":"8c7ixdz8x9d2d2wv","time":1611685797,"event":{"mods":["AYAYA","BaseMod","Better Altar","Better Sensory Stone","Better Third Choice","Better-Laid Plans","BetterRewards","Colored Map","Colored Powertips","Curses Come First","Dark Map","Defuse TimeMaze Blight","Emptier Cage","Good Game Mod","Highlight Path","Minty Spire (QoL Compilation)","Quick Restart","Rare Cards Sparkle","Relic Sorter","Remove Card Discount Mod","Reorder Act Four","Shop Mod","StSLib","Transform Curses","Uncapped","everything is the same but u backflip on backflip"],"gold_per_floor":[117,39,56,56,56,56,56,56],"floor_reached":7,"language":"ENG","playtime":307,"items_purged":["Strike_G","Survivor","Defend_G"],"score":39,"play_id":"da555c5d-5d08-44f1-baf1-0af5bc4236e9","local_time":"20210126192957","is_ascension_mode":false,"campfire_choices":[{"data":"Barricade","floor":6,"key":"SMITH"}],"circlet_count":0,"master_deck":["Strike_G","Strike_G","Strike_G","Strike_G","Defend_G","Defend_G","Defend_G","Defend_G","Neutralize","Footwork","Barricade+1","Catalyst"],"relics":["Ring of the Snake","The Specimen","Snake Skull","REME:ComplimentaryCards","MerchantsRug","Lantern"],"acts_visited":["Exordium"],"potions_floor_usage":[],"damage_taken":[{"damage":0,"enemies":"Cultist","floor":1,"turns":7},{"damage":0,"enemies":"Jaw Worm","floor":3,"turns":7},{"damage":20,"enemies":"3 Sentries","floor":7,"turns":3}],"seed_played":"-6013592833501778502","potions_obtained":[],"is_trial":false,"path_per_floor":["M","$","M","T","?","R","E"],"character_chosen":"THE_SILENT","items_purchased":["The Specimen","MerchantsRug","Footwork","Snake Skull"],"campfire_rested":0,"item_purchase_floors":[0,0,0,2],"current_hp_per_floor":[37,37,37,37,19,19,0,0],"gold":56,"neow_bonus":"","is_daily":false,"chose_seed":false,"campfire_upgraded":1,"win_rate":0.0,"timestamp":1611685797,"path_taken":["M","$","?","?","?","R","E"],"items_purchased_type":["Relic","Relic","Card","Relic"],"build_version":"2020-12-22","purchased_purges":3,"victory":false,"max_hp_per_floor":[70,70,70,70,70,70,70,70],"card_choices":[{"not_picked":["Dagger Spray","Riddle With Holes","Underhanded Strike"],"picked":"SKIP","floor":1},{"not_picked":["Underhanded Strike","Slice"],"picked":"Catalyst","floor":3}],"player_experience":693711,"relics_obtained":[],"event_choices":[{"damage_healed":0,"gold_gain":0,"player_choice":"Relic ","damage_taken":18,"max_hp_gain":0,"max_hp_loss":0,"event_name":"betterThird:BetterScrap","floor":5,"gold_loss":0,"cards_obtained":["Hello World"]}],"is_beta":false,"boss_relics":[],"items_purged_floors":[0,0,0],"is_endless":false,"potions_floor_spawned":[],"killed_by":"3 Sentries","ascension_level":0}}