{"host":"c3lc60y5x60jlt1y","time":1611677202,"event":{"mods":["AchievementEnabler","BaseMod","Bestiary","Colored Map","Minty Spire (QoL Compilation)","Quick Restart","StSLib","ojb\u0027s Info Mod"],"gold_per_floor":[118,118,118,39,58,58,88,102,102,102,102,102,102],"floor_reached":12,"language":"ENG","playtime":343,"items_purged":[],"score":152,"play_id":"fc6b9814-756b-4428-8fc5-5fa2aeba7946","local_time":"20210126180642","is_ascension_mode":true,"campfire_choices":[{"data":"Flex","floor":6,"key":"SMITH"},{"data":"Heavy Blade","floor":10,"key":"SMITH"}],"circlet_count":0,"master_deck":["AscendersBane","Strike_R","Strike_R","Strike_R","Defend_R","Defend_R","Defend_R","Defend_R","Bash","Sadistic Nature","Flex+1","Battle Trance","Thunderclap","Impervious","Heavy Blade+1"],"relics":["Burning Blood","Ice Cream","The Courier","Golden Idol"],"acts_visited":["Exordium"],"potions_floor_usage":[7,12],"damage_taken":[{"damage":1,"enemies":"Cultist","floor":1,"turns":4},{"damage":0,"enemies":"Small Slimes","floor":5,"turns":4},{"damage":40,"enemies":"3 Sentries","floor":7,"turns":9},{"damage":12,"enemies":"Jaw Worm","floor":8,"turns":3},{"damage":31,"enemies":"Gremlin Nob","floor":12,"turns":3}],"seed_played":"10330073647448325","potions_obtained":[{"floor":5,"key":"AttackPotion"},{"floor":8,"key":"Weak Potion"}],"is_trial":false,"path_per_floor":["M","?","?","$","M","R","E","M","T","R","?","E"],"character_chosen":"IRONCLAD","items_purchased":["Battle Trance"],"campfire_rested":0,"item_purchase_floors":[4],"current_hp_per_floor":[55,48,48,48,54,54,20,14,14,14,14,0,0],"gold":102,"neow_bonus":"RANDOM_COLORLESS_2","is_daily":false,"chose_seed":false,"campfire_upgraded":2,"win_rate":0.0,"timestamp":1611677202,"path_taken":["M","?","?","$","M","R","E","?","T","R","?","E"],"items_purchased_type":["Card"],"build_version":"2020-12-22","purchased_purges":0,"victory":false,"max_hp_per_floor":[75,75,75,75,75,75,75,75,75,75,68,68,68],"card_choices":[{"not_picked":["Metamorphosis","Thinking Ahead"],"picked":"Sadistic Nature","floor":0},{"not_picked":["Sword Boomerang","Anger"],"picked":"Flex","floor":1},{"not_picked":["Heavy Blade","Sentinel"],"picked":"Thunderclap","floor":5},{"not_picked":["Body Slam","Bloodletting"],"picked":"Impervious","floor":7},{"not_picked":["Clash","Anger"],"picked":"Heavy Blade","floor":8}],"player_experience":8590937,"relics_obtained":[{"floor":7,"key":"Ice Cream"},{"floor":9,"key":"The Courier"}],"event_choices":[{"cards_removed":["Strike_R"],"damage_healed":0,"gold_gain":0,"player_choice":"Card Removal","damage_taken":7,"max_hp_gain":0,"max_hp_loss":0,"event_name":"Golden Wing","floor":2,"gold_loss":0},{"cards_removed":["Strike_R"],"damage_healed":0,"gold_gain":0,"player_choice":"Offered Basic","damage_taken":0,"max_hp_gain":0,"max_hp_loss":0,"event_name":"Bonfire Elementals","floor":3,"gold_loss":0},{"damage_healed":0,"gold_gain":0,"player_choice":"Lose Max HP","damage_taken":0,"relics_obtained":["Golden Idol"],"max_hp_gain":0,"max_hp_loss":7,"event_name":"Golden Idol","floor":11,"gold_loss":0}],"is_beta":false,"boss_relics":[],"items_purged_floors":[],"is_endless":false,"potions_floor_spawned":[5,8],"killed_by":"Gremlin Nob","ascension_level":20}}