{"host":"hrn9sk6g3e0vcjdq","time":1611670932,"event":{"mods":["AchievementEnabler","BaseMod","BetterRewards","Colored Map","Colored Powertips","Hubris","Minty Spire (QoL Compilation)","Quick Restart","StSLib"],"gold_per_floor":[119,194,214,164,176,202,202,202,202],"floor_reached":8,"language":"ENG","playtime":235,"items_purged":[],"score":56,"play_id":"85cd7435-cf15-412c-ab02-ba7dcce42bc6","local_time":"20210126142212","is_ascension_mode":false,"campfire_choices":[{"data":"True Grit","floor":7,"key":"SMITH"}],"circlet_count":0,"master_deck":["Strike_R","Strike_R","Strike_R","Strike_R","Defend_R","Defend_R","Defend_R","Defend_R","Bash","Pummel","True Grit+1","Wild Strike","Sword Boomerang"],"relics":["Burning Blood","Bag of Preparation"],"acts_visited":["Exordium"],"potions_floor_usage":[6,6],"damage_taken":[{"damage":2,"enemies":"2 Louse","floor":1,"turns":3},{"damage":5,"enemies":"Jaw Worm","floor":3,"turns":4},{"damage":1,"enemies":"Small Slimes","floor":5,"turns":3},{"damage":20,"enemies":"3 Sentries","floor":6,"turns":7},{"damage":0,"enemies":"Lagavulin","floor":8,"turns":1}],"seed_played":"-4282900603092568193","potions_obtained":[{"floor":3,"key":"AttackPotion"},{"floor":5,"key":"Explosive Potion"}],"is_trial":false,"path_per_floor":["M","?","M","?","M","E","R","E"],"character_chosen":"IRONCLAD","items_purchased":[],"campfire_rested":0,"item_purchase_floors":[],"current_hp_per_floor":[88,77,78,78,83,69,69,69,69],"gold":202,"neow_bonus":"TEN_PERCENT_HP_BONUS","is_daily":false,"chose_seed":false,"campfire_upgraded":1,"win_rate":0.0,"timestamp":1611670932,"path_taken":["M","?","M","?","?","E","R","E"],"items_purchased_type":[],"build_version":"2020-12-22","purchased_purges":0,"victory":false,"max_hp_per_floor":[88,88,88,88,88,88,88,88,88],"card_choices":[{"not_picked":["Cleave","Flex"],"picked":"Pummel","floor":1},{"not_picked":["Warcry","Dropkick"],"picked":"True Grit","floor":3},{"not_picked":["Battle Trance","Iron Wave"],"picked":"Wild Strike","floor":5},{"not_picked":["Combust","Thunderclap"],"picked":"Sword Boomerang","floor":6}],"player_experience":612887,"relics_obtained":[{"floor":6,"key":"Bag of Preparation"}],"event_choices":[{"damage_healed":0,"gold_gain":75,"player_choice":"Gather Gold","damage_taken":11,"max_hp_gain":0,"max_hp_loss":0,"event_name":"World of Goop","floor":2,"gold_loss":0},{"cards_removed":["Strike_R"],"damage_healed":0,"gold_gain":0,"player_choice":"Card Removal","damage_taken":0,"max_hp_gain":0,"max_hp_loss":0,"event_name":"The Cleric","floor":4,"gold_loss":50}],"is_beta":false,"boss_relics":[],"items_purged_floors":[],"is_endless":false,"potions_floor_spawned":[3,5],"killed_by":"Lagavulin","ascension_level":0}}