{"host":"sc0o2qwpf9j16a4i","time":1611701312,"event":{"mods":["AchievementEnabler","BaseMod","BetterRewards","Block Reminder","Colored Map","Colored Powertips","Custom Start","Highlight Path","Minty Spire (QoL Compilation)","Relic Stats"],"gold_per_floor":[110,120,120,90,103,103,123,123,177,211,211,241,268,296,296,395,395,408,408,426,336,353,383,383,396,423,443,472,90,123,152,152,247,247,261,1260,1270,672,672,699,754,764,789,1132,1156,1181,1222,1269,1281,1293],"floor_reached":51,"language":"ENG","playtime":2163,"items_purged":[],"score":1098,"play_id":"1c80fa4e-4eaf-4d1f-aa16-282f14692aeb","local_time":"20210127004832","daily_mods":["Heirloom","ControlledChaos","DeadlyEvents"],"is_ascension_mode":false,"campfire_choices":[{"data":"1","floor":6,"key":"LIFT"},{"data":"2","floor":8,"key":"LIFT"},{"data":"Whirlwind","floor":11,"key":"SMITH"},{"data":"3","floor":15,"key":"LIFT"},{"data":"Demon Form","floor":24,"key":"SMITH"},{"data":"Dark Embrace","floor":32,"key":"SMITH"},{"data":"Limit Break","floor":49,"key":"SMITH"}],"circlet_count":0,"master_deck":["Strike_R","Strike_R","Strike_R","Strike_R+1","Strike_R","Defend_R","Defend_R","Defend_R","Defend_R","Bash","Shrug It Off","Flame Barrier","Whirlwind+1","Inflame","Disarm","Demon Form+1","Reaper","CurseOfTheBell","Armaments+1","Evolve","Feel No Pain","Warcry+1","Dark Embrace+1","Fiend Fire","Armaments+1","Seeing Red","Entrench","Juggernaut","Disarm","Normality","Normality","True Grit+1","Apotheosis","Sword Boomerang+1","Offering","Heavy Blade","Limit Break+1","Havoc+1","Seeing Red+1","Corruption"],"relics":["Burning Blood","Frozen Eye","Girya","Happy Flower","Red Skull","Thread and Needle","Blood Vial","Shuriken","Blue Candle","Calling Bell","Strawberry","Eternal Feather","Bird Faced Urn","Toy Ornithopter","Nunchaku","Lantern","DollysMirror","Anchor","CaptainsWheel","Dream Catcher","Snecko Eye","Meat on the Bone","Pen Nib","Orichalcum","Bag of Preparation","Prayer Wheel","MawBank","Old Coin","Ancient Tea Set","PreservedInsect"],"acts_visited":["Exordium","TheCity","TheBeyond"],"potions_floor_usage":[10,14,16,23,28,33,40,41,48,48,50],"damage_taken":[{"damage":3,"enemies":"Jaw Worm","floor":1,"turns":3},{"damage":7,"enemies":"Small Slimes","floor":2,"turns":5},{"damage":0,"enemies":"Cultist","floor":5,"turns":3},{"damage":22,"enemies":"Exordium Thugs","floor":7,"turns":5},{"damage":0,"enemies":"3 Sentries","floor":10,"turns":1},{"damage":21,"enemies":"Lagavulin","floor":12,"turns":7},{"damage":2,"enemies":"Gremlin Nob","floor":13,"turns":3},{"damage":0,"enemies":"3 Sentries","floor":14,"turns":4},{"damage":12,"enemies":"Slime Boss","floor":16,"turns":7},{"damage":0,"enemies":"3 Byrds","floor":18,"turns":5},{"damage":0,"enemies":"Chosen","floor":20,"turns":5},{"damage":25,"enemies":"3 Cultists","floor":22,"turns":6},{"damage":30,"enemies":"Gremlin Leader","floor":23,"turns":5},{"damage":14,"enemies":"Centurion and Healer","floor":25,"turns":8},{"damage":20,"enemies":"Chosen and Byrds","floor":27,"turns":5},{"damage":2,"enemies":"Book of Stabbing","floor":28,"turns":6},{"damage":30,"enemies":"Gremlin Leader","floor":30,"turns":6},{"damage":36,"enemies":"Slavers","floor":31,"turns":6},{"damage":50,"enemies":"Champ","floor":33,"turns":14},{"damage":0,"enemies":"3 Shapes","floor":35,"turns":3},{"damage":3,"enemies":"Orb Walker","floor":37,"turns":4},{"damage":20,"enemies":"Reptomancer","floor":40,"turns":5},{"damage":46,"enemies":"2 Orb Walkers","floor":41,"turns":5},{"damage":20,"enemies":"Spire Growth","floor":42,"turns":6},{"damage":8,"enemies":"Nemesis","floor":44,"turns":3},{"damage":16,"enemies":"Jaw Worm Horde","floor":45,"turns":4},{"damage":9,"enemies":"Sphere and 2 Shapes","floor":46,"turns":5},{"damage":25,"enemies":"Giant Head","floor":47,"turns":8},{"damage":15,"enemies":"Reptomancer","floor":48,"turns":6},{"damage":60,"enemies":"Awakened One","floor":50,"turns":9}],"seed_played":"4025205509609591029","potions_obtained":[{"floor":1,"key":"Weak Potion"},{"floor":4,"key":"Dexterity Potion"},{"floor":4,"key":"Energy Potion"},{"floor":12,"key":"ColorlessPotion"},{"floor":18,"key":"SpeedPotion"},{"floor":25,"key":"HeartOfIron"},{"floor":27,"key":"GamblersBrew"},{"floor":28,"key":"Weak Potion"},{"floor":33,"key":"Explosive Potion"},{"floor":35,"key":"PowerPotion"},{"floor":42,"key":"AttackPotion"},{"floor":44,"key":"Regen Potion"}],"is_trial":true,"path_per_floor":["M","M","?","?","M","R","M","R","T","E","R","E","E","E","R","B",null,"M","?","M","?","M","E","R","M","T","M","E","$","E","E","R","B",null,"M","?","M","$","T","E","?","M","T","E","M","M","E","E","R","B",null],"character_chosen":"IRONCLAD","items_purchased":["DollysMirror","Seeing Red","Anchor","Apotheosis","Meat on the Bone","Pen Nib"],"campfire_rested":0,"item_purchase_floors":[29,29,29,38,38,38],"current_hp_per_floor":[80,79,72,72,78,78,62,62,62,68,68,53,59,67,67,63,87,87,70,89,89,73,70,82,84,84,80,92,92,72,72,87,52,92,92,92,92,92,92,82,75,71,71,77,91,92,79,92,92,60],"gold":1305,"neow_bonus":"","is_daily":false,"chose_seed":false,"campfire_upgraded":4,"win_rate":0.0,"timestamp":1611701312,"path_taken":["M","M","?","?","M","R","M","R","T","E","R","E","?","E","R","BOSS","M","?","?","?","M","E","R","M","T","M","?","$","E","?","R","BOSS","M","?","M","$","?","E","?","M","T","E","M","M","E","?","R","BOSS"],"items_purchased_type":["Relic","Card","Relic","Card","Relic","Relic"],"build_version":"2020-12-22","purchased_purges":0,"victory":true,"max_hp_per_floor":[80,80,80,80,80,80,80,80,80,80,80,80,80,80,80,80,87,87,92,92,92,92,92,92,92,92,92,92,92,92,92,92,92,92,92,92,92,92,92,92,92,92,92,92,92,92,92,92,92,92],"relic_stats":{"Happy Flower":[51],"counters":[30,162],"Blue Candle":[20],"Eternal Feather":27,"Pen Nib":[7],"PreservedInsect":0,"Bag of Preparation":[16],"Orichalcum":[18],"MawBank":96,"Burning Blood":148,"Blood Vial":33,"Nunchaku":[12],"Dream Catcher":0,"Shuriken":[11],"Bird Faced Urn":[107],"Snecko Eye":[123,126,120,123],"Prayer Wheel":3,"obtain_stats":[{"Lantern":28,"Bag of Preparation":40,"Ancient Tea Set":47,"Burning Blood":0,"Old Coin":44,"Blood Vial":12,"Frozen Eye":0,"Nunchaku":26,"Dream Catcher":31,"DollysMirror":29,"Strawberry":17,"Prayer Wheel":41,"Red Skull":9,"Girya":0,"Happy Flower":3,"Blue Candle":14,"Thread and Needle":10,"Eternal Feather":17,"Pen Nib":38,"PreservedInsect":48,"Orichalcum":39,"MawBank":43,"Calling Bell":17,"Anchor":29,"CaptainsWheel":30,"Shuriken":13,"Bird Faced Urn":17,"Snecko Eye":34,"Toy Ornithopter":23,"Meat on the Bone":38},{"Lantern":16,"Bag of Preparation":22,"Ancient Tea Set":28,"Burning Blood":0,"Old Coin":25,"Blood Vial":6,"Frozen Eye":0,"Nunchaku":14,"Dream Catcher":18,"DollysMirror":16,"Strawberry":9,"Prayer Wheel":23,"Red Skull":4,"Girya":0,"Happy Flower":2,"Blue Candle":8,"Thread and Needle":5,"Eternal Feather":9,"Pen Nib":21,"PreservedInsect":29,"Orichalcum":21,"MawBank":24,"Calling Bell":9,"Anchor":16,"CaptainsWheel":17,"Shuriken":7,"Bird Faced Urn":9,"Snecko Eye":19,"Toy Ornithopter":13,"Meat on the Bone":21},{"Lantern":78,"Bag of Preparation":116,"Ancient Tea Set":147,"Burning Blood":0,"Old Coin":130,"Blood Vial":24,"Frozen Eye":0,"Nunchaku":67,"Dream Catcher":90,"DollysMirror":78,"Strawberry":38,"Prayer Wheel":121,"Red Skull":16,"Girya":0,"Happy Flower":8,"Blue Candle":31,"Thread and Needle":17,"Eternal Feather":38,"Pen Nib":111,"PreservedInsect":153,"Orichalcum":111,"MawBank":127,"Calling Bell":38,"Anchor":78,"CaptainsWheel":84,"Shuriken":27,"Bird Faced Urn":38,"Snecko Eye":104,"Toy Ornithopter":59,"Meat on the Bone":111}],"Toy Ornithopter":22,"Meat on the Bone":12},"card_choices":[{"not_picked":["Havoc","Perfected Strike"],"picked":"Shrug It Off","floor":1},{"not_picked":["Warcry","Sever Soul"],"picked":"Flame Barrier","floor":2},{"not_picked":["Iron Wave","Infernal Blade","Dropkick"],"picked":"SKIP","floor":5},{"not_picked":["Anger","Pommel Strike"],"picked":"Whirlwind","floor":7},{"not_picked":["True Grit","Dark Embrace","Sword Boomerang"],"picked":"SKIP","floor":10},{"not_picked":["Iron Wave","Headbutt"],"picked":"Inflame","floor":12},{"not_picked":["Iron Wave","Dark Embrace"],"picked":"Disarm","floor":13},{"not_picked":["Shrug It Off","Flame Barrier"],"picked":"Demon Form","floor":14},{"not_picked":["Brutality","Fiend Fire"],"picked":"Reaper","floor":16},{"not_picked":["Cleave+1","Warcry"],"picked":"Armaments","floor":18},{"not_picked":["Iron Wave","Carnage"],"picked":"Armaments+1","floor":20},{"not_picked":["Pommel Strike","Headbutt"],"picked":"Evolve","floor":22},{"not_picked":["Body Slam","Seeing Red"],"picked":"Feel No Pain","floor":23},{"not_picked":["Double Tap","Sword Boomerang"],"picked":"Warcry+1","floor":25},{"not_picked":["Havoc","Pommel Strike"],"picked":"Dark Embrace","floor":27},{"not_picked":["Pummel","Sword Boomerang+1"],"picked":"Fiend Fire","floor":28},{"not_picked":["Second Wind","Perfected Strike+1","Flex"],"picked":"SKIP","floor":30},{"not_picked":["Second Wind","Whirlwind"],"picked":"Entrench","floor":31},{"not_picked":["Double Tap","Corruption"],"picked":"Juggernaut","floor":33},{"not_picked":["Sword Boomerang","Headbutt+1"],"picked":"Disarm","floor":35},{"not_picked":["Second Wind+1","Sword Boomerang+1"],"picked":"True Grit+1","floor":37},{"not_picked":["Carnage","Warcry+1"],"picked":"Sword Boomerang+1","floor":40},{"not_picked":["Iron Wave","Shrug It Off"],"picked":"Offering","floor":42},{"not_picked":["Flex","Wild Strike+1"],"picked":"Heavy Blade","floor":42},{"not_picked":["Havoc","Whirlwind","Twin Strike+1"],"picked":"SKIP","floor":44},{"not_picked":["Body Slam","Havoc"],"picked":"Limit Break","floor":45},{"not_picked":["Whirlwind+1","Metallicize"],"picked":"Havoc+1","floor":45},{"not_picked":["Perfected Strike+1","Twin Strike","Flex"],"picked":"SKIP","floor":46},{"not_picked":["Blood for Blood","Iron Wave+1","Flex+1"],"picked":"SKIP","floor":46},{"not_picked":["Shrug It Off","Pommel Strike+1"],"picked":"Seeing Red+1","floor":47},{"not_picked":["Battle Trance+1","Armaments"],"picked":"Corruption","floor":48}],"player_experience":1007501,"relics_obtained":[{"floor":9,"key":"Red Skull"},{"floor":10,"key":"Thread and Needle"},{"floor":12,"key":"Blood Vial"},{"floor":13,"key":"Shuriken"},{"floor":14,"key":"Blue Candle"},{"floor":17,"key":"Strawberry"},{"floor":17,"key":"Eternal Feather"},{"floor":17,"key":"Bird Faced Urn"},{"floor":23,"key":"Toy Ornithopter"},{"floor":26,"key":"Nunchaku"},{"floor":28,"key":"Lantern"},{"floor":30,"key":"CaptainsWheel"},{"floor":31,"key":"Dream Catcher"},{"floor":39,"key":"Orichalcum"},{"floor":40,"key":"Bag of Preparation"},{"floor":41,"key":"Prayer Wheel"},{"floor":43,"key":"MawBank"},{"floor":44,"key":"Old Coin"},{"floor":47,"key":"Ancient Tea Set"},{"floor":48,"key":"PreservedInsect"}],"event_choices":[{"damage_healed":0,"gold_gain":0,"player_choice":"Success","damage_taken":7,"relics_obtained":["Happy Flower"],"max_hp_gain":0,"max_hp_loss":0,"event_name":"Scrap Ooze","floor":3,"gold_loss":0},{"damage_healed":0,"gold_gain":0,"player_choice":"Bought 2 Potions","damage_taken":0,"max_hp_gain":0,"max_hp_loss":0,"event_name":"The Woman in Blue","floor":4,"gold_loss":0},{"damage_healed":0,"gold_gain":0,"player_choice":"Shed Blood","damage_taken":22,"max_hp_gain":5,"max_hp_loss":0,"event_name":"Forgotten Altar","floor":19,"gold_loss":0},{"cards_removed":["Armaments"],"damage_healed":0,"gold_gain":0,"player_choice":"Upgrade and Remove","damage_taken":0,"max_hp_gain":0,"max_hp_loss":0,"event_name":"Designer","floor":21,"gold_loss":90,"cards_upgraded":["Strike_R"]},{"damage_healed":0,"gold_gain":999,"player_choice":"Gold","damage_taken":0,"max_hp_gain":0,"max_hp_loss":0,"event_name":"MindBloom","floor":36,"gold_loss":0,"cards_obtained":["Normality","Normality"]},{"damage_healed":0,"gold_gain":0,"player_choice":"Fight","damage_taken":0,"max_hp_gain":0,"max_hp_loss":0,"event_name":"Mysterious Sphere","floor":41,"gold_loss":0}],"is_beta":false,"boss_relics":[{"not_picked":["Runic Cube","Velvet Choker"],"picked":"Calling Bell"},{"not_picked":["SacredBark","Runic Pyramid"],"picked":"Snecko Eye"}],"items_purged_floors":[],"is_endless":false,"potions_floor_spawned":[1,5,12,13,18,25,27,28,33,35,37,42,44],"ascension_level":0}}