{"host":"i0avyit1s6jb1siw","time":1611656109,"event":{"mods":["BaseMod","DeckTracker","Dota2Spire","Highlight Path","Minty Spire (QoL Compilation)","Quick Restart","StSLib","SuperFastMode"],"gold_per_floor":[116,116,116,41,55,82,102,129,148,148,148,148,165,194,194,213,240,261,261,352,352,352,445,445,461,477,427,446,481,481,521,521,544,558,558,597,647,661,786,786,884,884,930,986,986,999,1083,1083,1103,1103,1103,1173,1173,1395,1395,556,556,556,556,556,556,556,556,120,153,153],"floor_reached":67,"language":"ENG","playtime":2052,"items_purged":["Strike_P","Strike_P+1"],"score":3755,"play_id":"ffbaa3de-8a26-4c58-bc55-a03de07e82d4","local_time":"20210126111509","is_ascension_mode":true,"campfire_choices":[{"floor":12,"key":"REST"},{"data":"Meditate","floor":19,"key":"SMITH"},{"data":"Ragnarok","floor":22,"key":"SMITH"},{"floor":30,"key":"REST"},{"floor":32,"key":"REST"},{"data":"LessonLearned","floor":35,"key":"SMITH"},{"data":"1","floor":40,"key":"LIFT"},{"data":"2","floor":48,"key":"LIFT"},{"data":"3","floor":50,"key":"LIFT"},{"floor":55,"key":"RECALL"},{"data":"TalkToTheHand","floor":57,"key":"SMITH"},{"data":"TalkToTheHand","floor":60,"key":"SMITH"},{"floor":63,"key":"REST"}],"circlet_count":0,"master_deck":["AscendersBane","Defend_P+1","Defend_P+1","Defend_P+1","Eruption+1","Vigilance","ReachHeaven","EmptyFist+1","CutThroughFate+1","MasterReality","FlurryOfBlows+1","CrushJoints+1","Perseverance","Meditate+1","Ragnarok+1","DevaForm","LessonLearned+1","MentalFortress+1","Worship","Wish+1","JustLucky+1","Indignation+1","Vault+1","Magnetism","Mayhem","TalkToTheHand+1","WheelKick+1","TalkToTheHand+1","MentalFortress","Vault"],"relics":["PureWater","NeowsBlessing","Dota2Spire:HeartOfTarrasque","Mummified Hand","Kunai","Sundial","Yang","Dota2Spire:LotusOrb","Golden Idol","Happy Flower","Dota2Spire:RefresherOrb","Snecko Eye","Red Mask","Bird Faced Urn","Girya","Dota2Spire:ShivaGuard","HornCleat","Astrolabe","StoneCalendar","Dota2Spire:EyeOfSkadi","Bottled Lightning","Strawberry","Dead Branch","Ginger","Dota2Spire:OctarineCore","Medical Kit"],"acts_visited":["Exordium","TheCity","TheBeyond","TheEnding"],"potions_floor_usage":[28,29,41],"damage_taken":[{"damage":0,"enemies":"2 Louse","floor":1,"turns":2},{"damage":0,"enemies":"Jaw Worm","floor":5,"turns":1},{"damage":0,"enemies":"3 Sentries","floor":6,"turns":1},{"damage":0,"enemies":"Cultist","floor":7,"turns":3},{"damage":8,"enemies":"Gremlin Nob","floor":8,"turns":3},{"damage":9,"enemies":"3 Louse","floor":9,"turns":5},{"damage":1,"enemies":"Exordium Wildlife","floor":13,"turns":3},{"damage":61,"enemies":"3 Sentries","floor":14,"turns":7},{"damage":0,"enemies":"Lots of Slimes","floor":16,"turns":4},{"damage":0,"enemies":"Blue Slaver","floor":18,"turns":4},{"damage":15,"enemies":"The Guardian","floor":20,"turns":12},{"damage":2,"enemies":"The Guardian","floor":23,"turns":8},{"damage":0,"enemies":"Chosen","floor":25,"turns":2},{"damage":32,"enemies":"Shell Parasite","floor":26,"turns":4},{"damage":20,"enemies":"Cultist and Chosen","floor":28,"turns":4},{"damage":0,"enemies":"Masked Bandits","floor":29,"turns":3},{"damage":5,"enemies":"Book of Stabbing","floor":31,"turns":3},{"damage":25,"enemies":"Snake Plant","floor":34,"turns":3},{"damage":0,"enemies":"Gremlin Leader","floor":36,"turns":5},{"damage":12,"enemies":"Centurion and Healer","floor":38,"turns":4},{"damage":7,"enemies":"Colosseum Slavers","floor":39,"turns":2},{"damage":0,"enemies":"Colosseum Nobs","floor":39,"turns":2},{"damage":0,"enemies":"Automaton","floor":41,"turns":5},{"damage":0,"enemies":"3 Shapes","floor":43,"turns":7},{"damage":0,"enemies":"Mind Bloom Boss Battle","floor":44,"turns":4},{"damage":6,"enemies":"Orb Walker","floor":46,"turns":2},{"damage":6,"enemies":"2 Orb Walkers","floor":47,"turns":3},{"damage":0,"enemies":"Sphere and 2 Shapes","floor":49,"turns":3},{"damage":0,"enemies":"Reptomancer","floor":52,"turns":3},{"damage":21,"enemies":"Time Eater","floor":58,"turns":5},{"damage":88,"enemies":"Awakened One","floor":61,"turns":8},{"damage":0,"enemies":"Shield and Spear","floor":65,"turns":4},{"damage":1,"enemies":"The Heart","floor":66,"turns":7}],"seed_played":"74140961947398966","potions_obtained":[{"floor":1,"key":"Regen Potion"},{"floor":6,"key":"Regen Potion"},{"floor":7,"key":"FairyPotion"},{"floor":16,"key":"LiquidMemories"},{"floor":20,"key":"FairyPotion"},{"floor":23,"key":"Fruit Juice"},{"floor":28,"key":"AttackPotion"},{"floor":31,"key":"Fire Potion"},{"floor":34,"key":"FairyPotion"},{"floor":36,"key":"Fruit Juice"},{"floor":41,"key":"SpeedPotion"},{"floor":52,"key":"DistilledChaos"}],"is_trial":false,"path_per_floor":["M","?","?","$","M","E","M","E","M","T","T","R","M","E","?","M","T","M","R","B",null,"R","B",null,"M","M","?","M","?","R","E","R","T","M","R","E","?","M","?","R","B",null,"M","?","?","M","?","R","M","R","T","E","T","?","R","$","R","B","B","R","B",null,"R","$","E","B",null],"character_chosen":"WATCHER","items_purchased":["Ginger","Dota2Spire:OctarineCore","TalkToTheHand","Medical Kit","MentalFortress","Vault"],"campfire_rested":4,"item_purchase_floors":[56,56,56,64,64,64],"current_hp_per_floor":[61,61,43,43,43,43,43,35,26,26,26,48,47,22,22,26,26,30,30,23,23,23,29,59,59,27,27,12,12,34,29,51,51,32,32,46,46,40,37,37,56,73,79,79,69,69,78,78,84,84,84,91,91,91,91,91,91,70,70,70,3,69,91,91,91,91],"gold":153,"neow_bonus":"THREE_ENEMY_KILL","is_daily":false,"chose_seed":false,"campfire_upgraded":5,"win_rate":0.0,"timestamp":1611656109,"path_taken":["M","?","?","?","?","E","M","E","M","T","T","R","M","E","?","M","?","M","R","BOSS","R","BOSS","M","M","?","?","?","R","E","R","T","M","R","E","?","?","?","R","BOSS","M","?","?","?","?","R","M","R","T","E","?","?","R","$","R","BOSS","BOSS","R","BOSS","R","$","E","BOSS"],"items_purchased_type":["Relic","Relic","Card","Relic","Card","Card"],"build_version":"2020-12-22","purchased_purges":2,"victory":true,"max_hp_per_floor":[68,68,76,76,76,76,76,76,76,76,76,76,76,76,69,69,69,69,69,69,69,69,69,69,69,69,69,74,74,74,74,74,74,74,74,74,74,74,74,74,79,79,79,79,79,79,84,84,84,84,84,91,91,91,91,91,91,91,91,91,91,91,91,91,91,91],"card_choices":[{"not_picked":["ThirdEye","Study"],"picked":"ReachHeaven","floor":1},{"not_picked":["InnerPeace","JustLucky"],"picked":"EmptyFist","floor":5},{"not_picked":["Crescendo","ThirdEye","CutThroughFate"],"picked":"SKIP","floor":6},{"not_picked":["Crescendo","ThirdEye"],"picked":"CutThroughFate","floor":6},{"not_picked":["Consecrate","JustLucky"],"picked":"MasterReality","floor":7},{"not_picked":["BowlingBash","SashWhip","CutThroughFate"],"picked":"SKIP","floor":8},{"not_picked":["Nirvana","SashWhip"],"picked":"FlurryOfBlows","floor":9},{"not_picked":["WaveOfTheHand","SashWhip"],"picked":"CrushJoints","floor":13},{"not_picked":["EmptyBody","Prostrate"],"picked":"Perseverance","floor":14},{"not_picked":["Nirvana","WheelKick"],"picked":"Meditate","floor":16},{"not_picked":["FlyingSleeves","BowlingBash"],"picked":"Ragnarok","floor":18},{"not_picked":["Alpha","Ragnarok"],"picked":"DevaForm","floor":20},{"not_picked":["ConjureBlade","Vault"],"picked":"LessonLearned","floor":23},{"not_picked":["ClearTheMind","EmptyFist","PathToVictory+1"],"picked":"SKIP","floor":25},{"not_picked":["Perseverance","WindmillStrike"],"picked":"MentalFortress","floor":26},{"not_picked":["FlurryOfBlows","CutThroughFate","CarveReality+1"],"picked":"SKIP","floor":28},{"not_picked":["FlurryOfBlows","Protect+1"],"picked":"Worship","floor":29},{"not_picked":["ReachHeaven","Consecrate","Meditate+1"],"picked":"SKIP","floor":31},{"not_picked":["FlyingSleeves","ClearTheMind","CrushJoints"],"picked":"SKIP","floor":34},{"not_picked":["SashWhip","Evaluate","WaveOfTheHand"],"picked":"SKIP","floor":36},{"not_picked":["Evaluate","Wireheading","CutThroughFate"],"picked":"SKIP","floor":38},{"not_picked":["Scrawl","Blasphemy"],"picked":"Wish","floor":41},{"not_picked":["ThirdEye+1","EmptyFist+1","BowlingBash"],"picked":"SKIP","floor":43},{"not_picked":["Panache","Good Instincts"],"picked":"Magnetism","floor":45},{"not_picked":["Jack Of All Trades","Discovery"],"picked":"Mayhem","floor":45},{"not_picked":["CrushJoints","ForeignInfluence"],"picked":"TalkToTheHand","floor":46},{"not_picked":["Swivel","Protect"],"picked":"WheelKick","floor":49},{"not_picked":["Vengeance","CutThroughFate","ClearTheMind"],"picked":"SKIP","floor":52},{"not_picked":["Devotion","Protect","TalkToTheHand"],"picked":"SKIP","floor":65}],"player_experience":2340748,"relics_obtained":[{"floor":6,"key":"Mummified Hand"},{"floor":8,"key":"Kunai"},{"floor":10,"key":"Sundial"},{"floor":11,"key":"Yang"},{"floor":14,"key":"Dota2Spire:LotusOrb"},{"floor":17,"key":"Happy Flower"},{"floor":29,"key":"Red Mask"},{"floor":31,"key":"Bird Faced Urn"},{"floor":36,"key":"Girya"},{"floor":39,"key":"Dota2Spire:ShivaGuard"},{"floor":39,"key":"HornCleat"},{"floor":44,"key":"StoneCalendar"},{"floor":47,"key":"Dota2Spire:EyeOfSkadi"},{"floor":51,"key":"Bottled Lightning"},{"floor":52,"key":"Strawberry"},{"floor":53,"key":"Dead Branch"}],"event_choices":[{"damage_healed":0,"gold_gain":0,"player_choice":"Grow","damage_taken":0,"max_hp_gain":0,"max_hp_loss":0,"event_name":"Living Wall","floor":2,"gold_loss":0,"cards_upgraded":["Eruption"]},{"damage_healed":0,"gold_gain":0,"player_choice":"Success","damage_taken":26,"relics_obtained":["Dota2Spire:HeartOfTarrasque"],"max_hp_gain":0,"max_hp_loss":0,"event_name":"Scrap Ooze","floor":3,"gold_loss":0},{"damage_healed":0,"gold_gain":0,"player_choice":"Lose Max HP","damage_taken":0,"relics_obtained":["Golden Idol"],"max_hp_gain":0,"max_hp_loss":7,"event_name":"Golden Idol","floor":15,"gold_loss":0},{"damage_healed":0,"gold_gain":0,"player_choice":"Bet on Owner","damage_taken":0,"max_hp_gain":0,"max_hp_loss":0,"event_name":"The Joust","floor":27,"gold_loss":50},{"damage_healed":0,"gold_gain":0,"player_choice":"Fought Bandits","damage_taken":0,"max_hp_gain":0,"max_hp_loss":0,"event_name":"Masked Bandits","floor":29,"gold_loss":0},{"damage_healed":0,"gold_gain":50,"player_choice":"Pray","damage_taken":0,"max_hp_gain":0,"max_hp_loss":0,"event_name":"Golden Shrine","floor":37,"gold_loss":0},{"damage_healed":0,"gold_gain":0,"player_choice":"Fight","damage_taken":0,"max_hp_gain":0,"max_hp_loss":0,"event_name":"Colosseum","floor":39,"gold_loss":0},{"damage_healed":0,"gold_gain":0,"player_choice":"Fought Nobs","damage_taken":0,"max_hp_gain":0,"max_hp_loss":0,"event_name":"Colosseum","floor":39,"gold_loss":0},{"damage_healed":0,"gold_gain":0,"player_choice":"Fight","damage_taken":0,"max_hp_gain":0,"max_hp_loss":0,"event_name":"MindBloom","floor":44,"gold_loss":0},{"damage_healed":0,"gold_gain":0,"player_choice":"Memory 3","damage_taken":10,"max_hp_gain":0,"max_hp_loss":0,"event_name":"SensoryStone","floor":45,"gold_loss":0},{"damage_healed":0,"gold_gain":0,"player_choice":"Fight","damage_taken":0,"max_hp_gain":0,"max_hp_loss":0,"event_name":"Mysterious Sphere","floor":47,"gold_loss":0},{"damage_healed":0,"gold_gain":222,"player_choice":"Wore Mask","damage_taken":0,"max_hp_gain":0,"max_hp_loss":0,"event_name":"Tomb of Lord Red Mask","floor":54,"gold_loss":0}],"is_beta":false,"boss_relics":[{"not_picked":["Velvet Choker","Coffee Dripper"],"picked":"Dota2Spire:RefresherOrb"},{"not_picked":["Dota2Spire:Bloodstone","Calling Bell"],"picked":"Snecko Eye"},{"not_picked":["VioletLotus","Sozu"],"picked":"Astrolabe"}],"items_purged_floors":[4,56],"is_endless":false,"potions_floor_spawned":[1,6,7,16,18,20,23,28,31,34,36,39,41,44,46,52,65],"ascension_level":20}}