{"host":"1dz819zv7fs9tsdy","time":1611651478,"event":{"mods":["AchievementEnabler","BaseMod","Colored Powertips","Curses Come First","Hubris","Minty Spire (QoL Compilation)","Rare Cards Sparkle","StSLib"],"gold_per_floor":[117,117,128,142,160,160,188,208,260,260,260],"floor_reached":10,"language":"ENG","playtime":573,"items_purged":[],"score":81,"play_id":"945ad1a0-3ffe-4dd2-b001-7157b5875b6f","local_time":"20210126085758","is_ascension_mode":true,"campfire_choices":[],"circlet_count":0,"master_deck":["Strike_B","Strike_B","Strike_B","Strike_B","Defend_B","Defend_B","Defend_B+1","Defend_B","Zap","Dualcast+1","Coolheaded","Sunder","Tempest","Steam","hubris:DoWhile","Defragment"],"relics":["hubris:ScarierMask","hubris:Icosahedron","Darkstone Periapt","Regal Pillow"],"acts_visited":["Exordium"],"potions_floor_usage":[10,10],"damage_taken":[{"damage":0,"enemies":"2 Louse","floor":1,"turns":2},{"damage":3,"enemies":"Small Slimes","floor":3,"turns":4},{"damage":11,"enemies":"Jaw Worm","floor":4,"turns":6},{"damage":8,"enemies":"Lots of Slimes","floor":5,"turns":4},{"damage":12,"enemies":"3 Sentries","floor":7,"turns":4},{"damage":19,"enemies":"Blue Slaver","floor":8,"turns":4},{"damage":8,"enemies":"Lagavulin","floor":10,"turns":7}],"seed_played":"-5047256071183215399","potions_obtained":[{"floor":3,"key":"Strength Potion"},{"floor":5,"key":"PowerPotion"},{"floor":7,"key":"SpeedPotion"}],"is_trial":false,"path_per_floor":["M","?","M","M","M","?","E","M","T","E"],"character_chosen":"DEFECT","items_purchased":[],"campfire_rested":0,"item_purchase_floors":[],"current_hp_per_floor":[75,60,57,46,38,38,26,7,7,0,0],"gold":260,"neow_bonus":"BOSS_RELIC","is_daily":false,"chose_seed":false,"campfire_upgraded":0,"win_rate":0.0,"timestamp":1611651478,"path_taken":["M","?","M","M","M","?","E","M","T","E"],"items_purchased_type":[],"build_version":"2020-12-22","purchased_purges":0,"victory":false,"max_hp_per_floor":[75,75,75,75,75,75,75,75,75,75,75],"card_choices":[{"not_picked":["Sweeping Beam","Streamline"],"picked":"Coolheaded","floor":1},{"not_picked":["Hello World","Genetic Algorithm"],"picked":"Sunder","floor":3},{"not_picked":["Darkness","Leap"],"picked":"Tempest","floor":4},{"not_picked":["Leap","Streamline"],"picked":"Steam","floor":5},{"not_picked":["Leap","Redo"],"picked":"hubris:DoWhile","floor":7},{"not_picked":["Consume","Sweeping Beam"],"picked":"Defragment","floor":8}],"player_experience":317795,"relics_obtained":[{"floor":7,"key":"Darkstone Periapt"},{"floor":9,"key":"Regal Pillow"}],"event_choices":[{"damage_healed":0,"gold_gain":0,"player_choice":"Entered Light","damage_taken":15,"max_hp_gain":0,"max_hp_loss":0,"event_name":"Shining Light","floor":2,"gold_loss":0,"cards_upgraded":["Defend_B","Dualcast"]}],"is_beta":false,"boss_relics":[],"items_purged_floors":[],"is_endless":false,"potions_floor_spawned":[3,5,7],"killed_by":"Lagavulin","ascension_level":3}}