{"host":"1tl36azeqm6yhdgj","time":1611667593,"event":{"mods":["AchievementEnabler","BaseMod","Minty Spire (QoL Compilation)","StSLib","The IronCluck","everything is the same but u backflip on backflip"],"gold_per_floor":[111,161,174,17,17,17,45,45,45,57,86,86,99,130,130,130,130],"floor_reached":16,"language":"ENG","playtime":358,"items_purged":[],"score":286,"play_id":"4b51b3af-4ad0-4680-85f7-8631aa13f220","local_time":"20210126082633","is_ascension_mode":true,"campfire_choices":[{"data":"Clothesline","floor":6.0,"key":"SMITH"},{"data":"Immolate","floor":8.0,"key":"SMITH"},{"data":"1","floor":15.0,"key":"LIFT"}],"circlet_count":0,"master_deck":["AscendersBane","Strike_R","Strike_R","Strike_R","Strike_R","Defend_R","Defend_R","Defend_R","Defend_R","Bash","Flame Barrier","Clothesline+1","Twin Strike","Immolate+1","Shrug It Off","Exhume","Injury","Flex","Pummel"],"relics":["Burning Blood","NeowsBlessing","Tiny Chest","Self Forming Clay","Toy Ornithopter","Girya","Golden Idol","Charon\u0027s Ashes"],"acts_visited":["Exordium"],"potions_floor_usage":[],"damage_taken":[{"damage":0.0,"enemies":"Jaw Worm","floor":1.0,"turns":1.0},{"damage":0.0,"enemies":"Cultist","floor":3.0,"turns":1.0},{"damage":0.0,"enemies":"Lagavulin","floor":7.0,"turns":1.0},{"damage":0.0,"enemies":"Small Slimes","floor":10.0,"turns":2.0},{"damage":18.0,"enemies":"Gremlin Nob","floor":11.0,"turns":4.0},{"damage":4.0,"enemies":"Exordium Wildlife","floor":13.0,"turns":3.0},{"damage":31.0,"enemies":"Lagavulin","floor":14.0,"turns":8.0},{"damage":51,"enemies":"The Guardian","floor":16,"turns":12}],"seed_played":"-2109984886156249027","potions_obtained":[{"floor":1.0,"key":"PowerPotion"},{"floor":3.0,"key":"ColorlessPotion"},{"floor":11.0,"key":"Fire Potion"}],"is_trial":false,"path_per_floor":["M","?","M","$","?","R","E","R","T","M","E","?","M","E","R","B"],"character_chosen":"IRONCLAD","items_purchased":["Tiny Chest"],"campfire_rested":0,"item_purchase_floors":[4],"current_hp_per_floor":[74,67,73,73,73,73,75,75,75,75,63,63,70,50,50,0,0],"gold":130,"neow_bonus":"THREE_ENEMY_KILL","is_daily":false,"chose_seed":false,"campfire_upgraded":2,"win_rate":0.0,"timestamp":1611667593,"path_taken":["M","?","?","$","?","R","E","R","T","M","E","?","M","E","R","BOSS"],"items_purchased_type":["Relic"],"build_version":"2020-12-22","purchased_purges":0,"victory":false,"max_hp_per_floor":[75,75,75,75,75,75,75,75,75,75,75,75,75,75,75,75,75],"card_choices":[{"not_picked":["Bloodletting","Armaments"],"picked":"Flame Barrier","floor":1.0},{"not_picked":["Iron Wave","Headbutt"],"picked":"Clothesline","floor":3.0},{"not_picked":["Fiend Fire","Twin Strike"],"picked":"Immolate","floor":7.0},{"not_picked":["Sword Boomerang","Second Wind"],"picked":"Shrug It Off","floor":10.0},{"not_picked":["Entrench","Evolve"],"picked":"Exhume","floor":11.0},{"not_picked":["Rupture","Pommel Strike"],"picked":"Flex","floor":13.0},{"not_picked":["Havoc","Pommel Strike"],"picked":"Pummel","floor":14.0}],"player_experience":2059322,"relics_obtained":[{"floor":7.0,"key":"Self Forming Clay"},{"floor":9.0,"key":"Toy Ornithopter"},{"floor":11.0,"key":"Girya"},{"floor":14.0,"key":"Charon\u0027s Ashes"}],"event_choices":[{"damage_healed":0.0,"max_hp_gain":0.0,"max_hp_loss":0.0,"gold_gain":50.0,"event_name":"FaceTrader","player_choice":"Touch","floor":2.0,"gold_loss":0.0,"damage_taken":7.0},{"damage_healed":0.0,"max_hp_gain":0.0,"max_hp_loss":0.0,"gold_gain":0.0,"cards_transformed":["Strike_R"],"event_name":"Living Wall","player_choice":"Change","floor":5.0,"gold_loss":0.0,"damage_taken":0.0,"cards_obtained":["Twin Strike"]},{"damage_healed":0.0,"max_hp_gain":0.0,"max_hp_loss":0.0,"gold_gain":0.0,"event_name":"Golden Idol","player_choice":"Take Wound","floor":12.0,"gold_loss":0.0,"damage_taken":0.0,"relics_obtained":["Golden Idol"],"cards_obtained":["Injury"]}],"is_beta":false,"boss_relics":[],"items_purged_floors":[],"is_endless":false,"potions_floor_spawned":[1,3,11],"killed_by":"The Guardian","ascension_level":20}}