{"host":"j9ki0s1dicmcfq9y","time":1611619667,"event":{"mods":["BaseMod","KinomotoSakuraMod(????)","Minty Spire (QoL Compilation)","StSLib"],"gold_per_floor":[109,119,119,119,69,104,104,104,173,186,29,47,58,58,58,162,162,185,208,235,235,235,250,289,289,315,315,324,324,363,383,383,480,480,501,501,501],"floor_reached":36,"language":"ENG","playtime":3050,"items_purged":[],"score":402,"play_id":"1f8b8226-2185-4748-b649-790dd131496a","local_time":"20210125190747","is_ascension_mode":false,"campfire_choices":[{"data":"ClowCardTheMist","floor":8,"key":"SMITH"},{"floor":15,"key":"REST"},{"data":"ClowCardTheWave","floor":25,"key":"SMITH"},{"floor":27,"key":"RECALL"},{"floor":29,"key":"REST"},{"floor":32,"key":"REST"}],"circlet_count":0,"master_deck":["SakuraCardTheSweet+","SakuraCardTheSand+","ClowCardTheSword","ClowCardTheSword","ClowCardTheSword","ClowCardTheShield","ClowCardTheShield","ClowCardTheShield","SpellCardSeal+1","SpellCardRelease","ClowCardTheMist+1","ClowCardTheDash","ClowCardTheRain","ClowCardTheLight","ClowCardTheWave+1","ClowCardTheShot","ClowCardTheShadow","ClowCardTheFlower","ClowCardTheWave+1","ClowCardTheBubbles"],"relics":["KSMOD_SealedBook","KSMOD_SealedWand","Kunai","Happy Flower","PreservedInsect","CeramicFish","Empty Cage","White Beast Statue","Art of War","Bag of Marbles","FossilizedHelix","SlaversCollar"],"acts_visited":["Exordium","TheCity","TheBeyond"],"potions_floor_usage":[16,24,24,30,31],"damage_taken":[{"damage":8,"enemies":"Jaw Worm","floor":1,"turns":4},{"damage":7,"enemies":"Small Slimes","floor":2,"turns":4},{"damage":22,"enemies":"Gremlin Nob","floor":6,"turns":4},{"damage":0,"enemies":"Cultist","floor":10,"turns":2},{"damage":8,"enemies":"Lots of Slimes","floor":12,"turns":4},{"damage":0,"enemies":"3 Louse","floor":13,"turns":2},{"damage":9,"enemies":"Hexaghost","floor":16,"turns":8},{"damage":10,"enemies":"Shell Parasite","floor":18,"turns":5},{"damage":14,"enemies":"2 Thieves","floor":19,"turns":4},{"damage":18,"enemies":"3 Cultists","floor":20,"turns":6},{"damage":11,"enemies":"Centurion and Healer","floor":23,"turns":7},{"damage":22,"enemies":"Book of Stabbing","floor":24,"turns":6},{"damage":20,"enemies":"Slavers","floor":30,"turns":5},{"damage":7,"enemies":"Snake Plant","floor":31,"turns":3},{"damage":30,"enemies":"Automaton","floor":33,"turns":13},{"damage":27,"enemies":"Orb Walker","floor":35,"turns":5},{"damage":59,"enemies":"3 Darklings","floor":36,"turns":4}],"seed_played":"-7540697377018512316","potions_obtained":[{"floor":12,"key":"Energy Potion"},{"floor":13,"key":"AttackPotion"},{"floor":20,"key":"DuplicationPotion"},{"floor":23,"key":"ColorlessPotion"},{"floor":24,"key":"ColorlessPotion"},{"floor":30,"key":"SmokeBomb"},{"floor":31,"key":"FearPotion"},{"floor":33,"key":"DuplicationPotion"},{"floor":35,"key":"LiquidMemories"}],"is_trial":false,"path_per_floor":["M","M","?","?","?","E","?","R","T","M","$","M","M","?","R","B",null,"M","M","M","?","?","M","E","R","T","R","?","R","E","M","R","B",null,"M","M"],"character_chosen":"KINOMOTOSAKURA","items_purchased":["PreservedInsect"],"campfire_rested":3,"item_purchase_floors":[11],"current_hp_per_floor":[69,62,62,62,62,40,40,40,40,40,40,32,32,20,43,34,77,67,53,35,35,60,49,27,27,27,27,27,50,30,28,51,26,77,53,0,0],"gold":501,"neow_bonus":"TEN_PERCENT_HP_BONUS","is_daily":false,"chose_seed":false,"campfire_upgraded":2,"win_rate":0.0,"timestamp":1611619667,"path_taken":["M","M","?","?","?","E","?","R","T","M","$","?","?","?","R","BOSS","M","M","M","?","?","M","E","R","T","R","?","R","E","M","R","BOSS","M","?"],"items_purchased_type":["Relic"],"build_version":"2020-12-22","purchased_purges":0,"victory":false,"max_hp_per_floor":[77,77,77,77,77,77,77,77,77,77,77,77,77,77,77,77,77,77,77,77,77,77,77,77,77,77,77,77,77,77,77,77,77,77,77,77,77],"card_choices":[{"not_picked":["ClowCardTheChange","ClowCardTheSleep"],"picked":"ClowCardTheMist","floor":1},{"not_picked":["ClowCardTheIllusion","ClowCardTheMaze"],"picked":"ClowCardTheSand","floor":2},{"not_picked":["ClowCardTheVoice","ClowCardTheLock","ClowCardTheDream"],"picked":"SKIP","floor":6},{"not_picked":["ClowCardTheLock","ClowCardTheSilent"],"picked":"ClowCardTheDash","floor":10},{"not_picked":["ClowCardTheMist","ClowCardTheMaze"],"picked":"ClowCardTheRain","floor":12},{"not_picked":["ClowCardTheWood","ClowCardTheDream"],"picked":"ClowCardTheCreate","floor":13},{"not_picked":["ClowCardTheReturn","ClowCardTheTime"],"picked":"ClowCardTheLight","floor":16},{"not_picked":["ClowCardTheWood","ClowCardTheFreeze"],"picked":"ClowCardTheWave","floor":18},{"not_picked":["ClowCardTheFreeze+1","ClowCardTheVoice"],"picked":"ClowCardTheShot","floor":19},{"not_picked":["ClowCardTheMirror","ClowCardTheLittle"],"picked":"ClowCardTheShadow","floor":20},{"not_picked":["ClowCardTheSand","ClowCardTheLibra+1","ClowCardTheMist"],"picked":"SKIP","floor":23},{"not_picked":["ClowCardTheSweet","ClowCardTheShot"],"picked":"ClowCardTheFlower","floor":24},{"not_picked":["ClowCardTheMaze","ClowCardTheGlow"],"picked":"ClowCardTheSweet","floor":30},{"not_picked":["ClowCardTheSleep+1","ClowCardTheLibra","ClowCardTheMist"],"picked":"SKIP","floor":31},{"not_picked":["ClowCardTheFlower","ClowCardTheGlow"],"picked":"ClowCardTheBubbles","floor":35}],"player_experience":643493,"relics_obtained":[{"floor":6,"key":"Happy Flower"},{"floor":20,"key":"White Beast Statue"},{"floor":24,"key":"Art of War"},{"floor":26,"key":"Bag of Marbles"},{"floor":30,"key":"FossilizedHelix"}],"event_choices":[{"damage_healed":0,"gold_gain":0,"player_choice":"Box","damage_taken":0,"relics_obtained":["Kunai"],"max_hp_gain":0,"max_hp_loss":0,"event_name":"Big Fish","floor":3,"gold_loss":0,"cards_obtained":["Regret"]},{"damage_healed":0,"gold_gain":0,"player_choice":"Grow","damage_taken":0,"max_hp_gain":0,"max_hp_loss":0,"event_name":"Living Wall","floor":4,"gold_loss":0,"cards_upgraded":["SpellCardSeal"]},{"cards_removed":["Regret"],"damage_healed":0,"gold_gain":0,"player_choice":"Card Removal","damage_taken":0,"max_hp_gain":0,"max_hp_loss":0,"event_name":"The Cleric","floor":5,"gold_loss":50},{"damage_healed":0,"gold_gain":0,"player_choice":"Upgraded","damage_taken":0,"max_hp_gain":0,"max_hp_loss":0,"event_name":"Upgrade Shrine","floor":7,"gold_loss":0,"cards_upgraded":["ClowCardTheSand"]},{"damage_healed":0,"gold_gain":0,"player_choice":"Success","damage_taken":12,"relics_obtained":["CeramicFish"],"max_hp_gain":0,"max_hp_loss":0,"event_name":"Scrap Ooze","floor":14,"gold_loss":0},{"damage_healed":0,"gold_gain":0,"player_choice":"Ignored","damage_taken":0,"max_hp_gain":0,"max_hp_loss":0,"event_name":"Ghosts","floor":21,"gold_loss":0},{"damage_healed":25,"gold_gain":0,"player_choice":"Heal","damage_taken":0,"max_hp_gain":0,"max_hp_loss":0,"event_name":"The Library","floor":22,"gold_loss":0},{"damage_healed":0,"gold_gain":0,"player_choice":"Copied","damage_taken":0,"max_hp_gain":0,"max_hp_loss":0,"event_name":"Duplicator","floor":28,"gold_loss":0,"cards_obtained":["ClowCardTheWave"]}],"is_beta":false,"boss_relics":[{"not_picked":["Coffee Dripper","Calling Bell"],"picked":"Empty Cage"},{"not_picked":["Velvet Choker","SacredBark"],"picked":"SlaversCollar"}],"items_purged_floors":[],"is_endless":false,"potions_floor_spawned":[12,13,20,23,24,30,31,33,35],"killed_by":"3 Darklings","ascension_level":0}}