{"host":"h4qgcirtxz6qax9j","time":1611673725,"event":{"mods":["AchievementEnabler","BaseMod","Colored Powertips","Custom Start","Hermit","Marisa£¨Ùöéë¡¡Øª×âÞÞ£©","Minty Spire (QoL Compilation)","StSLib","SuperFastMode","The Servant 0.9.4"],"gold_per_floor":[114,127,127,147,147,174,174,174,174,174,191,209,223,255,255,352,352,366,381,381,397,0,0,17,17,17,42,58,58,58,58,58,160,160,179,139,150,150,0,34,34,34,61,61,81,81,92,111,111,111,111],"floor_reached":50,"language":"KOR","playtime":1070,"items_purged":[],"score":531,"play_id":"bea286ed-3d6a-4a64-ab67-9c7f8ecbfd17","local_time":"20210127000845","is_ascension_mode":false,"campfire_choices":[{"data":"FinalSpark","floor":7.0,"key":"SMITH"},{"floor":15.0,"key":"REST"},{"floor":23.0,"key":"REST"},{"floor":25.0,"key":"REST"},{"floor":32.0,"key":"REST"},{"floor":41.0,"key":"REST"},{"floor":44.0,"key":"REST"},{"floor":49.0,"key":"REST"}],"circlet_count":0,"master_deck":["Strike_MRS","Strike_MRS+1","Strike_MRS","Strike_MRS","Defend_MRS+1","Defend_MRS","Defend_MRS","Defend_MRS","MasterSpark","UpSweep+1","FinalSpark+1","DoubleSpark+1","Parasite","ChargingUp+1","UltimateShortwave","DoubleSpark+1"],"relics":["BewitchedHakkero","Potion Belt","Meat on the Bone","Gremlin Horn","Matryoshka","Shuriken","Centennial Puzzle","Torii","Runic Pyramid","Red Mask","Orichalcum","The Courier","Bag of Preparation"],"acts_visited":["Exordium","TheCity","TheBeyond"],"potions_floor_usage":[50],"damage_taken":[{"damage":0.0,"enemies":"Small Slimes","floor":1.0,"turns":3.0},{"damage":13.0,"enemies":"Jaw Worm","floor":2.0,"turns":3.0},{"damage":0.0,"enemies":"Cultist","floor":4.0,"turns":3.0},{"damage":11.0,"enemies":"Gremlin Nob","floor":6.0,"turns":3.0},{"damage":10.0,"enemies":"Looter","floor":11.0,"turns":3.0},{"damage":9.0,"enemies":"Blue Slaver","floor":12.0,"turns":3.0},{"damage":16.0,"enemies":"Red Slaver","floor":13.0,"turns":3.0},{"damage":12.0,"enemies":"3 Sentries","floor":14.0,"turns":3.0},{"damage":43.0,"enemies":"Hexaghost","floor":16.0,"turns":7.0},{"damage":30.0,"enemies":"2 Thieves","floor":18.0,"turns":3.0},{"damage":5.0,"enemies":"Spheric Guardian","floor":19.0,"turns":3.0},{"damage":36.0,"enemies":"Snake Plant","floor":21.0,"turns":4.0},{"damage":7.0,"enemies":"Centurion and Healer","floor":24.0,"turns":2.0},{"damage":60.0,"enemies":"Gremlin Leader","floor":27.0,"turns":5.0},{"damage":5.0,"enemies":"Shelled Parasite and Fungi","floor":28.0,"turns":2.0},{"damage":25.0,"enemies":"Automaton","floor":33.0,"turns":5.0},{"damage":17.0,"enemies":"Orb Walker","floor":35.0,"turns":4.0},{"damage":26.0,"enemies":"3 Darklings","floor":37.0,"turns":3.0},{"damage":19.0,"enemies":"Spire Growth","floor":38.0,"turns":4.0},{"damage":36.0,"enemies":"Nemesis","floor":40.0,"turns":3.0},{"damage":6.0,"enemies":"Sphere and 2 Shapes","floor":45.0,"turns":3.0},{"damage":1.0,"enemies":"Transient","floor":46.0,"turns":5.0},{"damage":7.0,"enemies":"3 Darklings","floor":47.0,"turns":3.0},{"damage":0.0,"enemies":"Sphere and 2 Shapes","floor":48.0,"turns":3.0},{"damage":83,"enemies":"Awakened One","floor":50,"turns":6}],"seed_played":"-5888017699070960247","potions_obtained":[{"floor":2.0,"key":"SteroidPotion"},{"floor":11.0,"key":"ShroomBrew"},{"floor":12.0,"key":"Weak Potion"},{"floor":16.0,"key":"BottledSpark"},{"floor":18.0,"key":"GamblersBrew"},{"floor":19.0,"key":"BottledSpark"},{"floor":27.0,"key":"DuplicationPotion"},{"floor":28.0,"key":"Weak Potion"},{"floor":48.0,"key":"Swift Potion"}],"is_trial":false,"path_per_floor":["M","M","$","M","$","E","R","?","T","?","M","M","M","E","R","B",null,"M","M","?","M","?","R","M","R","T","E","M","?","$","T","R","B",null,"M","?","M","M","?","E","R","$","T","R","M","M","M","M","R","B"],"character_chosen":"MARISA","items_purchased":[],"campfire_rested":7,"item_purchase_floors":[],"current_hp_per_floor":[75,62,62,62,62,51,51,69,69,69,59,50,46,46,68,37,75,45,40,40,16,16,38,43,65,65,17,24,49,49,49,71,46,75,58,58,44,37,37,13,35,35,35,57,51,50,43,43,65,0,0],"gold":111,"neow_bonus":"ONE_RANDOM_RARE_CARD","is_daily":false,"chose_seed":false,"campfire_upgraded":1,"win_rate":0.0,"timestamp":1611673725,"path_taken":["M","M","$","M","$","E","R","?","T","?","M","M","M","E","R","BOSS","M","M","?","?","?","R","M","R","T","E","M","?","$","?","R","BOSS","M","?","?","M","?","E","R","$","T","R","M","M","M","M","R","BOSS"],"items_purchased_type":[],"build_version":"2020-12-22","purchased_purges":0,"victory":false,"max_hp_per_floor":[75,75,75,75,75,75,75,75,75,75,75,75,75,75,75,75,75,75,75,75,75,75,75,75,75,75,75,75,75,75,75,75,75,75,75,75,75,75,75,75,75,75,75,75,75,75,75,75,75,75,75],"card_choices":[{"not_picked":["ShootingEcho","EnergyFlow","IllusionStar"],"picked":"SKIP","floor":1.0},{"not_picked":["PowerUp","SprinkleStarSeal"],"picked":"DoubleSpark","floor":2.0},{"not_picked":["FairyDestructionRay","AlicesGift","EnergyRecoil"],"picked":"SKIP","floor":4.0},{"not_picked":["EnergyFlow","CollectingQuirk","EarthLightRay"],"picked":"SKIP","floor":6.0},{"not_picked":["PowerUp","AsteroidBelt","GravityBeat"],"picked":"SKIP","floor":11.0},{"not_picked":["GalacticHalo","DC","6A"],"picked":"SKIP","floor":12.0},{"not_picked":["ChargeUpSpray","GalacticHalo","WitchLeyline"],"picked":"SKIP","floor":13.0},{"not_picked":["BlazingStar","LuminesStrike","AbsoluteMagnitude"],"picked":"SKIP","floor":14.0},{"not_picked":["NonDirectionalLaser+1","ChargeUpSpray","WitchOfGreed"],"picked":"SKIP","floor":18.0},{"not_picked":["EnergyFlow","DoubleSpark"],"picked":"ChargingUp+1","floor":19.0},{"not_picked":["Robbery","OrrerysSun+1","WitchLeyline"],"picked":"SKIP","floor":21.0},{"not_picked":["FairyDestructionRay","PowerUp+1","TreasureHunter"],"picked":"SKIP","floor":24.0},{"not_picked":["WitchLeyline+1","GrandCross","WitchOfGreed"],"picked":"SKIP","floor":27.0},{"not_picked":["GasGiant","OrrerysSun","ChargeUpSpray+1"],"picked":"SKIP","floor":28.0},{"not_picked":["AbsoluteMagnitude","BigCrunch"],"picked":"UltimateShortwave","floor":33.0},{"not_picked":["IllusionStar+1","WitchLeyline","Orbital+1"],"picked":"SKIP","floor":35.0},{"not_picked":["LuminesStrike+1","FairyDestructionRay","BlazeAway+1"],"picked":"SKIP","floor":37.0},{"not_picked":["UnstableBomb","StarBarrage+1","Singularity"],"picked":"SKIP","floor":40.0},{"not_picked":["AlicesGift","NonDirectionalLaser","FairyDestructionRay+1"],"picked":"SKIP","floor":45.0},{"not_picked":["GravityBeat+1","MilkyWay+1","ShootingEcho+1"],"picked":"SKIP","floor":47.0},{"not_picked":["MilkyWay+1","EnergyRecoil+1"],"picked":"DoubleSpark+1","floor":48.0}],"player_experience":102102,"relics_obtained":[{"floor":6.0,"key":"Potion Belt"},{"floor":9.0,"key":"Meat on the Bone"},{"floor":14.0,"key":"Gremlin Horn"},{"floor":26.0,"key":"Matryoshka"},{"floor":27.0,"key":"Shuriken"},{"floor":31.0,"key":"Centennial Puzzle"},{"floor":31.0,"key":"Torii"},{"floor":40.0,"key":"Orichalcum"},{"floor":43.0,"key":"The Courier"},{"floor":43.0,"key":"Bag of Preparation"}],"event_choices":[{"damage_healed":18.0,"max_hp_gain":0.0,"max_hp_loss":0.0,"gold_gain":0.0,"event_name":"Mushrooms_MRS","player_choice":"Healed and dodged fight","floor":8.0,"gold_loss":0.0,"damage_taken":0.0,"cards_obtained":["Parasite"]},{"damage_healed":0.0,"max_hp_gain":0.0,"max_hp_loss":0.0,"gold_gain":0.0,"event_name":"Living Wall","player_choice":"Grow","floor":10.0,"gold_loss":0.0,"damage_taken":0.0,"cards_upgraded":["UpSweep"]},{"damage_healed":0.0,"max_hp_gain":0.0,"max_hp_loss":0.0,"gold_gain":0.0,"event_name":"Accursed Blacksmith","player_choice":"Forge","floor":20.0,"gold_loss":0.0,"damage_taken":0.0,"cards_upgraded":["DoubleSpark"]},{"damage_healed":0.0,"max_hp_gain":0.0,"max_hp_loss":0.0,"gold_gain":0.0,"event_name":"Masked Bandits","player_choice":"Paid Fearfully","floor":22.0,"gold_loss":397.0,"damage_taken":0.0},{"damage_healed":25.0,"max_hp_gain":0.0,"max_hp_loss":0.0,"gold_gain":0.0,"event_name":"The Library","player_choice":"Heal","floor":29.0,"gold_loss":0.0,"damage_taken":0.0},{"damage_healed":0.0,"max_hp_gain":0.0,"max_hp_loss":0.0,"gold_gain":0.0,"event_name":"Designer","player_choice":"Upgraded Two","floor":36.0,"gold_loss":40.0,"damage_taken":0.0,"cards_upgraded":["Defend_MRS","Strike_MRS"]},{"damage_healed":0.0,"max_hp_gain":0.0,"max_hp_loss":0.0,"gold_gain":0.0,"event_name":"Tomb of Lord Red Mask","player_choice":"Paid","floor":39.0,"gold_loss":150.0,"damage_taken":0.0,"relics_obtained":["Red Mask"]}],"is_beta":false,"boss_relics":[{"not_picked":["Cursed Key","Black Star"],"picked":"BewitchedHakkero"},{"not_picked":["Busted Crown","Pandora\u0027s Box"],"picked":"Runic Pyramid"}],"items_purged_floors":[],"is_endless":false,"potions_floor_spawned":[2,11,12,16,18,19,27,28,38,46,48],"killed_by":"Awakened One","ascension_level":0}}