{"host":"eeb412nj2w7f9cz8","time":1611664504,"event":{"mods":["Act Like it!","BaseMod","Downfall","Minty Spire (QoL Compilation)","StSLib"],"gold_per_floor":[99,99,274,274,11,11,11,40,40,67,79,126,151,173,201,318,330,242,454,480,37,53,53,53,53,153,153,153,153,164,264,281,377,377,277,293,72,85,85,85,85],"floor_reached":39,"language":"ZHS","playtime":3038,"items_purged":["Doubt","downfall:Malfunctioning","Doubt"],"score":418,"play_id":"b3a999a8-b15a-4457-a25b-96cc3d18c389","local_time":"20210126203504","is_ascension_mode":false,"campfire_choices":[{"floor":18,"key":"RECALL"}],"circlet_count":0,"master_deck":["sneckomod:TailWhip","sneckomod:SnekBite","bronze:Library+1","expansioncontent:QuickStudy+1","bronze:Deprecate","sneckomod:UnknownUncommonSkill","sneckomod:CheapStock","sneckomod:SerpentMind","sneckomod:QuickMove","sneckomod:UnknownDraw","sneckomod:UnendingSupply","sneckomod:Cheat","sneckomod:DefensiveFlair","sneckomod:UnknownUncommonPower","bronze:RecursiveStrike","CurseOfTheBell","CurseOfTheBell","Doubt","sneckomod:UnlimitedRolls","Madness+1","bronze:Library+1","sneckomod:CheapStock"],"relics":["sneckomod:SneckoSoul","downfall:ShatteredFragment","Meat on the Bone","Regal Pillow","MawBank","MealTicket","Pandora\u0027s Box","downfall:HeartBlessingGreen","Juzu Bracelet","Boot","Gremlin Horn","downfall:ExtraCursedBell","Bronze Scales","Toxic Egg 2","Torii","Snecko Eye","downfall:HeartBlessingRed"],"acts_visited":["Exordium","TheCity","TheBeyond"],"potions_floor_usage":[12,16,16,20,21,33],"damage_taken":[{"damage":4,"enemies":"downfall:FleeingMerchant","floor":5,"turns":4},{"damage":25,"enemies":"Gremlin Nob","floor":8,"turns":4},{"damage":20,"enemies":"Lagavulin","floor":10,"turns":5},{"damage":22,"enemies":"3 Sentries","floor":12,"turns":4},{"damage":6,"enemies":"2 Louse","floor":13,"turns":3},{"damage":11,"enemies":"Small Slimes","floor":14,"turns":3},{"damage":11,"enemies":"Jaw Worm","floor":15,"turns":2},{"damage":23,"enemies":"WA_ARCHETYPE_RETAIN","floor":16,"turns":7},{"damage":25,"enemies":"Shell Parasite","floor":20,"turns":5},{"damage":5,"enemies":"downfall:FleeingMerchant","floor":21,"turns":4},{"damage":15,"enemies":"Chosen","floor":22,"turns":5},{"damage":32,"enemies":"Snake Plant","floor":30,"turns":5},{"damage":6,"enemies":"Cultist and Chosen","floor":32,"turns":6},{"damage":28,"enemies":"SI_MIRROR_ARCHETYPE","floor":33,"turns":7},{"damage":27,"enemies":"3 Darklings","floor":36,"turns":4},{"damage":1,"enemies":"downfall:FleeingMerchant","floor":37,"turns":4},{"damage":12,"enemies":"Orb Walker","floor":38,"turns":3},{"damage":92,"enemies":"4 Shapes","floor":39,"turns":3}],"seed_played":"869862214152669653","potions_obtained":[{"floor":10,"key":"Fire Potion"},{"floor":13,"key":"SteroidPotion"},{"floor":14,"key":"DuplicationPotion"},{"floor":15,"key":"Fire Potion"},{"floor":16,"key":"sneckomod:DiceRollPotion"},{"floor":32,"key":"GamblersBrew"},{"floor":37,"key":"DistilledChaos"},{"floor":38,"key":"CultistPotion"}],"is_trial":false,"path_per_floor":["R","?","?","?","$","R","T","E","R","E","?","E","M","M","M","B",null,"R","?","M","$","M","R","T","?","?","?","?","R","M","?","M","B",null,"R","M","$","M","M"],"character_chosen":"THE_SNECKO","items_purchased":["expansioncontent:QuickStudy","Juzu Bracelet","Boot","sneckomod:UnknownUncommonPower","sneckomod:CheapStock"],"campfire_rested":0,"item_purchase_floors":[5,21,21,21,37],"current_hp_per_floor":[99,99,99,78,74,74,74,61,61,53,53,53,59,60,61,50,99,99,99,74,84,69,69,69,69,69,49,49,49,29,29,52,46,104,104,77,91,79,0,0,0],"gold":85,"neow_bonus":"TEN_PERCENT_HP_BONUS","is_daily":false,"chose_seed":false,"campfire_upgraded":0,"win_rate":0.0,"timestamp":1611664504,"path_taken":["R","?","?","?","$","R","T","E","R","E","?","E","?","M","M","BOSS","R","?","M","$","M","R","T","?","?","?","?","R","M","?","M","BOSS","R","M","$","M","M"],"items_purchased_type":["Card","Relic","Relic","Card","Card"],"build_version":"2020-12-22","purchased_purges":3,"victory":false,"max_hp_per_floor":[99,99,99,99,99,99,99,99,99,99,99,99,99,99,99,99,99,99,99,99,99,99,99,99,99,99,104,104,104,104,104,104,104,104,104,104,104,104,104,104,104],"card_choices":[{"not_picked":["sneckomod:QuickMove","sneckomod:IronFang"],"picked":"sneckomod:UnknownWeak","floor":5},{"not_picked":["sneckomod:UnknownCommonAttack","sneckomod:ImprovisedGuard","sneckomod:UnknownX"],"picked":"SKIP","floor":8},{"not_picked":["sneckomod:ImprovisedAttack","sneckomod:SerpentIdol"],"picked":"sneckomod:Unknown2Cost","floor":10},{"not_picked":["sneckomod:UnlimitedRolls","sneckomod:SnakeSap"],"picked":"sneckomod:UnknownBoss","floor":12},{"not_picked":["sneckomod:ImprovisedAttack","sneckomod:SlitherStrike"],"picked":"sneckomod:UnknownUncommonSkill","floor":13},{"not_picked":["sneckomod:UnknownDraw","sneckomod:SoulDraw","sneckomod:Unknown2Cost"],"picked":"SKIP","floor":14},{"not_picked":["sneckomod:UnknownCommonAttack","sneckomod:QuickMove"],"picked":"sneckomod:CheapStock","floor":15},{"not_picked":["sneckomod:Mudshield","sneckomod:SoulExchange"],"picked":"sneckomod:SerpentMind","floor":16},{"not_picked":["sneckomod:UnknownCommonAttack","sneckomod:ImprovisedAttack+1","sneckomod:SnekBeam"],"picked":"SKIP","floor":20},{"not_picked":["sneckomod:UnendingSupply","sneckomod:WideSting","sneckomod:DiceBoulder"],"picked":"SKIP","floor":21},{"not_picked":["sneckomod:QuickBite","sneckomod:WideSting","sneckomod:SoulDraw"],"picked":"SKIP","floor":22},{"not_picked":["sneckomod:DefensiveFlair+1","sneckomod:SoulExchange+1","sneckomod:RainOfDice"],"picked":"SKIP","floor":30},{"not_picked":["sneckomod:ImprovisedGuard+1","sneckomod:DefensiveFlair+1","sneckomod:RainOfDice"],"picked":"SKIP","floor":32},{"not_picked":["sneckomod:UnknownRareAttack","sneckomod:UnknownRareSkill+1"],"picked":"sneckomod:Unknown3Cost+1","floor":33},{"not_picked":["sneckomod:UnknownStrike","sneckomod:SoulCleanse+1","sneckomod:DefensiveFlair+1"],"picked":"SKIP","floor":36},{"not_picked":["sneckomod:Nope+1","sneckomod:DiceBoulder+1","sneckomod:Unknown2Cost+1"],"picked":"SKIP","floor":37},{"not_picked":["sneckomod:DiceBlock+1","sneckomod:SlitherStrike","sneckomod:SerpentIdol+1"],"picked":"SKIP","floor":38}],"player_experience":107906,"relics_obtained":[{"floor":7,"key":"Meat on the Bone"},{"floor":8,"key":"Regal Pillow"},{"floor":10,"key":"MawBank"},{"floor":12,"key":"MealTicket"},{"floor":24,"key":"Gremlin Horn"},{"floor":26,"key":"Bronze Scales"},{"floor":26,"key":"Toxic Egg 2"},{"floor":26,"key":"Torii"}],"event_choices":[],"is_beta":false,"boss_relics":[{"not_picked":["Cursed Key","Tiny House"],"picked":"Pandora\u0027s Box"},{"not_picked":["Runic Dome","Busted Crown"],"picked":"Snecko Eye"}],"items_purged_floors":[5,21,37],"is_endless":false,"potions_floor_spawned":[10,13,14,15,16,32,38],"killed_by":"4 Shapes","ascension_level":0}}