{"host":"a76kj1hq3s7111r2","time":1611619923,"event":{"mods":["Alarm Clock","BaseMod","GifTheSpireLib","Gold Saver","Hermit","Koishi","Marisa????????","Marked Mod","Minty Spire (QoL Compilation)","Potionbrewer","Rare Cards Sparkle","Shop Mod","StSLib","The Cursed","The Marked","The Servant 0.9.4"],"gold_per_floor":[477,491,491,491,49,49,49,73,73,73,97,166,166,187,187,308,308,303,322,24,123,323,323,348,348,402,420,453,472,486,486,486,614,614,627,727,740,740,753,753,1086,1086,1133,830,850,882,898,915,915,915],"floor_reached":51,"language":"ENG","playtime":4171,"items_purged":["Pain"],"score":687,"play_id":"0cb75e60-ab39-4f0f-825c-cad2172c9b90","local_time":"20210125191203","is_ascension_mode":false,"campfire_choices":[{"data":"Neutralize","floor":6,"key":"SMITH"},{"data":"Backstab","floor":13,"key":"SMITH"},{"floor":15,"key":"REST"},{"data":"After Image","floor":23,"key":"SMITH"},{"data":"Accuracy","floor":25,"key":"SMITH"},{"floor":32,"key":"REST"},{"data":"Caltrops","floor":40,"key":"SMITH"},{"floor":49,"key":"REST"}],"circlet_count":0,"master_deck":["Strike_G","Strike_G","Strike_G","Strike_G","Defend_G","Defend_G","Defend_G","Survivor","Neutralize+1","Blur","Caltrops+1","Infinite Blades+1","Backstab+1","PiercingWail","Blade Dance","After Image+1","Accuracy+1","Writhe","Shame","Infinite Blades+1","Caltrops+1","Dash+1","Deflect","Adrenaline","Calculated Gamble+1","Backstab+1","Decay","Dramatic Entrance+1","Blade Dance","Footwork","Blur","PiercingWail"],"relics":["Ring of the Snake","Tiny Chest","Lantern","Pocketwatch","Molten Egg 2","Cursed Key","StoneCalendar","Anchor","Centennial Puzzle","Incense Burner","WristBlade","CaptainsWheel","Potion Belt","Membership Card","PreservedInsect"],"acts_visited":["Exordium","TheCity","TheBeyond"],"potions_floor_usage":[16,16,16,30,30,33,39,46,46,48],"damage_taken":[{"damage":0,"enemies":"2 Louse","floor":1,"turns":3},{"damage":0,"enemies":"Small Slimes","floor":2,"turns":5},{"damage":0,"enemies":"Cultist","floor":8,"turns":5},{"damage":0,"enemies":"2 Fungi Beasts","floor":11,"turns":4},{"damage":2,"enemies":"Blue Slaver","floor":14,"turns":4},{"damage":55,"enemies":"Slime Boss","floor":16,"turns":14},{"damage":7,"enemies":"2 Thieves","floor":18,"turns":4},{"damage":6,"enemies":"Spheric Guardian","floor":19,"turns":4},{"damage":2,"enemies":"Snake Plant","floor":27,"turns":4},{"damage":1,"enemies":"Gremlin Leader","floor":28,"turns":6},{"damage":6,"enemies":"Chosen and Byrds","floor":29,"turns":5},{"damage":10,"enemies":"Cultist and Chosen","floor":30,"turns":6},{"damage":27,"enemies":"Automaton","floor":33,"turns":9},{"damage":2,"enemies":"3 Darklings","floor":35,"turns":4},{"damage":0,"enemies":"Orb Walker","floor":37,"turns":3},{"damage":7,"enemies":"3 Darklings","floor":39,"turns":4},{"damage":0,"enemies":"Spire Growth","floor":45,"turns":4},{"damage":11,"enemies":"Nemesis","floor":46,"turns":5},{"damage":0,"enemies":"Sphere and 2 Shapes","floor":47,"turns":2},{"damage":0,"enemies":"Transient","floor":48,"turns":5},{"damage":10,"enemies":"Donu and Deca","floor":50,"turns":8}],"seed_played":"-448086330681396777","potions_obtained":[{"floor":1,"key":"Explosive Potion"},{"floor":8,"key":"potionbrewer:AcidPotion"},{"floor":11,"key":"LiquidMemories"},{"floor":27,"key":"FearPotion"},{"floor":28,"key":"potionbrewer:InfectionPotion"},{"floor":29,"key":"Dexterity Potion"},{"floor":33,"key":"ColorlessPotion"},{"floor":35,"key":"potionbrewer:NoxiousPotion"},{"floor":37,"key":"potionbrewer:HastePotion"},{"floor":45,"key":"Block Potion"}],"is_trial":false,"path_per_floor":["M","M","?","?","$","R","?","M","T","?","M","T","R","M","R","B",null,"M","M","$","?","?","R","T","R","T","M","E","M","M","?","R","B",null,"M","?","M","T","M","R","?","?","T","$","M","E","M","M","R","B",null],"character_chosen":"THE_SILENT","items_purchased":["Lantern","Pocketwatch","StoneCalendar","Dramatic Entrance+1","Membership Card"],"campfire_rested":3,"item_purchase_floors":[5,5,20,44,44],"current_hp_per_floor":[70,70,58,58,58,58,58,58,58,51,51,51,51,49,65,10,65,58,52,52,52,52,52,52,52,52,50,49,43,33,33,52,25,65,63,63,63,63,56,56,56,56,56,56,56,45,45,45,64,54],"gold":915,"neow_bonus":"THREE_CARDS","is_daily":false,"chose_seed":false,"campfire_upgraded":5,"win_rate":0.0,"timestamp":1611619923,"path_taken":["M","M","?","?","$","R","?","M","T","?","M","?","R","?","R","BOSS","M","M","$","?","?","R","?","R","T","M","E","?","M","?","R","BOSS","M","?","M","?","?","R","?","?","T","$","M","E","M","M","R","BOSS"],"items_purchased_type":["Relic","Relic","Relic","Card","Relic"],"build_version":"2020-12-22","purchased_purges":1,"victory":true,"max_hp_per_floor":[70,70,70,70,70,70,65,65,65,65,65,65,65,65,65,65,65,65,65,65,65,65,65,65,65,65,65,65,65,65,65,65,65,65,65,65,65,65,65,65,65,65,65,65,65,65,65,65,65,65],"card_choices":[{"not_picked":["Sucker Punch","Reflex"],"picked":"Blur","floor":0},{"not_picked":["Eviscerate","Flying Knee"],"picked":"Caltrops","floor":1},{"not_picked":["Blur","Tactician"],"picked":"Infinite Blades","floor":2},{"not_picked":["Cloak And Dagger","Quick Slash"],"picked":"Backstab","floor":8},{"not_picked":["Predator+1","Quick Slash+1"],"picked":"PiercingWail","floor":11},{"not_picked":["Dagger Throw+1","Prepared"],"picked":"Blade Dance","floor":14},{"not_picked":["Phantasmal Killer","Wraith Form v2"],"picked":"After Image","floor":16},{"not_picked":["Deadly Poison+1","Skewer+1","Acrobatics"],"picked":"SKIP","floor":18},{"not_picked":["Dagger Throw+1","Catalyst"],"picked":"Accuracy","floor":19},{"not_picked":["Outmaneuver","Caltrops"],"picked":"Infinite Blades+1","floor":27},{"not_picked":["Poisoned Stab+1","Escape Plan"],"picked":"Caltrops+1","floor":28},{"not_picked":["Backflip","Bane+1"],"picked":"Dash+1","floor":29},{"not_picked":["Escape Plan+1","Concentrate"],"picked":"Deflect","floor":30},{"not_picked":["Night Terror","Phantasmal Killer"],"picked":"Adrenaline","floor":33},{"not_picked":["Dagger Spray+1","Flying Knee+1"],"picked":"Calculated Gamble+1","floor":35},{"not_picked":["Sucker Punch+1","Skewer+1","Backflip"],"picked":"SKIP","floor":37},{"not_picked":["Riddle With Holes+1","Distraction"],"picked":"Backstab+1","floor":39},{"not_picked":["Bane+1","Eviscerate+1"],"picked":"Blade Dance","floor":45},{"not_picked":["Leg Sweep","Slice+1"],"picked":"Footwork","floor":46},{"not_picked":["Phantasmal Killer","Crippling Poison"],"picked":"Blur","floor":47},{"not_picked":["Acrobatics","Dash+1"],"picked":"PiercingWail","floor":48}],"player_experience":404642,"relics_obtained":[{"floor":9,"key":"Molten Egg 2"},{"floor":24,"key":"Anchor"},{"floor":26,"key":"Centennial Puzzle"},{"floor":28,"key":"Incense Burner"},{"floor":38,"key":"CaptainsWheel"},{"floor":43,"key":"Potion Belt"},{"floor":46,"key":"PreservedInsect"}],"event_choices":[{"damage_healed":0,"gold_gain":0,"player_choice":"Success","damage_taken":12,"relics_obtained":["Tiny Chest"],"max_hp_gain":0,"max_hp_loss":0,"event_name":"Scrap Ooze","floor":3,"gold_loss":0},{"damage_healed":0,"gold_gain":0,"player_choice":"Grow","damage_taken":0,"max_hp_gain":0,"max_hp_loss":0,"event_name":"Living Wall","floor":4,"gold_loss":0,"cards_upgraded":["Infinite Blades"]},{"damage_healed":0,"gold_gain":0,"player_choice":"Lose Max HP","damage_taken":0,"relics_obtained":["Golden Idol"],"max_hp_gain":0,"max_hp_loss":5,"event_name":"Golden Idol","floor":7,"gold_loss":0},{"cards_removed":["Strike_G"],"damage_healed":0,"gold_gain":0,"player_choice":"Card Removal","damage_taken":7,"max_hp_gain":0,"max_hp_loss":0,"event_name":"Golden Wing","floor":10,"gold_loss":0},{"damage_healed":0,"gold_gain":99,"player_choice":"Stole From Cult","damage_taken":0,"max_hp_gain":0,"max_hp_loss":0,"event_name":"Nest","floor":21,"gold_loss":0},{"damage_healed":0,"gold_gain":200,"player_choice":"Gold","damage_taken":0,"max_hp_gain":0,"max_hp_loss":0,"event_name":"Wheel of Change","floor":22,"gold_loss":0},{"cards_removed":["Defend_G"],"damage_healed":0,"gold_gain":0,"player_choice":"Elegance","damage_taken":0,"max_hp_gain":0,"max_hp_loss":0,"event_name":"Back to Basics","floor":31,"gold_loss":0},{"damage_healed":0,"gold_gain":100,"player_choice":"Pray","damage_taken":0,"max_hp_gain":0,"max_hp_loss":0,"event_name":"Golden Shrine","floor":36,"gold_loss":0},{"damage_healed":0,"gold_gain":333,"player_choice":"Gave Idol","damage_taken":0,"max_hp_gain":0,"max_hp_loss":0,"event_name":"The Moai Head","floor":41,"relics_lost":["Golden Idol"],"gold_loss":0},{"cards_removed":["Defend_G"],"damage_healed":0,"gold_gain":0,"player_choice":"Removed Skill","damage_taken":0,"max_hp_gain":0,"max_hp_loss":0,"event_name":"Falling","floor":42,"gold_loss":0}],"is_beta":false,"boss_relics":[{"not_picked":["Snecko Eye","Ectoplasm"],"picked":"Cursed Key"},{"not_picked":["Ring of the Serpent","Calling Bell"],"picked":"WristBlade"}],"items_purged_floors":[44],"is_endless":false,"potions_floor_spawned":[1,8,11,27,28,29,33,35,37,45],"ascension_level":0}}