{"host":"yvsfsto0agm53yt2","time":1611635587,"event":{"mods":["AchievementEnabler","Aspiration","BaseMod","Bestiary","Ironclad Rager","Minty Spire (QoL Compilation)","Practice Mode","Rare Cards Sparkle","Relic Stats","Spicy Shops","Spire Arcade","StSLib","everything is the same but u backflip on backflip"],"gold_per_floor":[18,28,44,20,31,31,44,79,79,93,93,93,93],"floor_reached":12,"language":"ENG","playtime":390,"items_purged":[],"score":135,"play_id":"7495c88b-929c-46cf-9412-f1fec0e78c0c","local_time":"20210126143307","is_ascension_mode":true,"campfire_choices":[{"data":"Deadly Poison","floor":6,"key":"SMITH"}],"circlet_count":0,"master_deck":["AscendersBane","Survivor","Neutralize","Shame","Poisoned Stab","Poisoned Stab","Poisoned Stab","Poisoned Stab","Poisoned Stab","Dodge and Roll","Dodge and Roll","Dodge and Roll","Dodge and Roll","Dodge and Roll","Infinite Blades","Deadly Poison+1","Prepared","Deadly Poison+1","Deadly Poison","Prepared"],"relics":["Ring of the Snake","PreservedInsect","Darkstone Periapt"],"acts_visited":["Exordium"],"potions_floor_usage":[7,12],"damage_taken":[{"damage":0,"enemies":"Small Slimes","floor":1,"turns":3},{"damage":0,"enemies":"2 Louse","floor":2,"turns":3},{"damage":0,"enemies":"Cultist","floor":3,"turns":3},{"damage":0,"enemies":"Blue Slaver","floor":5,"turns":4},{"damage":9,"enemies":"Gremlin Gang","floor":7,"turns":5},{"damage":28,"enemies":"Gremlin Nob","floor":8,"turns":4},{"damage":2,"enemies":"Red Slaver","floor":10,"turns":4},{"damage":8,"enemies":"Lagavulin","floor":12,"turns":2}],"seed_played":"-4665001037144616006","potions_obtained":[{"floor":1,"key":"Explosive Potion"},{"floor":5,"key":"CultistPotion"},{"floor":8,"key":"Swift Potion"}],"is_trial":false,"path_per_floor":["M","M","M","$","M","R","M","E","T","M","?","E"],"character_chosen":"THE_SILENT","items_purchased":["Deadly Poison"],"campfire_rested":0,"item_purchase_floors":[4],"current_hp_per_floor":[45,45,45,45,45,45,36,8,8,6,6,0,0],"gold":93,"neow_bonus":"SILENT_ASSASSIN","is_daily":false,"chose_seed":false,"campfire_upgraded":1,"win_rate":0.0,"timestamp":1611635587,"path_taken":["M","M","M","$","M","R","M","E","T","M","?","E"],"items_purchased_type":["Card"],"build_version":"2020-12-22","purchased_purges":0,"victory":false,"max_hp_per_floor":[63,63,63,63,63,63,63,63,63,63,63,63,63],"relic_stats":{"Darkstone Periapt":0,"counters":[8,28],"PreservedInsect":29,"obtain_stats":[{"Darkstone Periapt":9,"PreservedInsect":8,"Ring of the Snake":0},{"Darkstone Periapt":6,"PreservedInsect":6,"Ring of the Snake":0},{"Darkstone Periapt":22,"PreservedInsect":22,"Ring of the Snake":0}],"Ring of the Snake":[16]},"card_choices":[{"not_picked":["Blade Dance","Slice"],"picked":"Infinite Blades","floor":1},{"not_picked":["Quick Slash","Prepared"],"picked":"Deadly Poison","floor":2},{"not_picked":["Setup","Endless Agony"],"picked":"Prepared","floor":3},{"not_picked":["Quick Slash","Heel Hook"],"picked":"Deadly Poison","floor":5},{"not_picked":["Predator","Dagger Throw","Underhanded Strike"],"picked":"SKIP","floor":7},{"not_picked":["Quick Slash","Setup"],"picked":"Prepared","floor":8},{"not_picked":["Finisher","Heel Hook","Dagger Throw"],"picked":"SKIP","floor":10}],"player_experience":277819,"relics_obtained":[{"floor":8,"key":"PreservedInsect"},{"floor":9,"key":"Darkstone Periapt"}],"event_choices":[{"damage_healed":0,"gold_gain":0,"player_choice":"Grow","damage_taken":0,"max_hp_gain":0,"max_hp_loss":0,"event_name":"Living Wall","floor":11,"gold_loss":0,"cards_upgraded":["Deadly Poison"]}],"is_beta":false,"boss_relics":[],"items_purged_floors":[],"is_endless":false,"potions_floor_spawned":[1,5,8],"killed_by":"Lagavulin","ascension_level":13}}