{"host":"g01l53quoe6lrer0","time":1611672164,"event":{"mods":["2.2 Compatiblity","AchievementEnabler","BaseMod","Colored Map","Highlight Path","Keyboard Shortcuts","Minty Spire (QoL Compilation)","Permanent Neow","StSLib","SuperFastMode","everything is the same but u backflip on backflip"],"gold_per_floor":[115,115,129,144,161,190,190,215,515,540,559,577,594,19,19,92,92,111,111,122,141,141,141,41,41,65,65,98,117,117,147,147,219,219,235,73,92,92,92,119,119,134,134,50,50,50,0,0,0,0],"floor_reached":51,"language":"KOR","playtime":1628,"items_purged":["Strike_G","Defend_G"],"score":1459,"play_id":"87fd8b8f-9ac2-4e25-9cbf-ffa1075c143f","local_time":"20210126234244","is_ascension_mode":true,"campfire_choices":[{"data":"Blade Dance","floor":7.0,"key":"SMITH"},{"floor":15.0,"key":"REST"},{"floor":23.0,"key":"REST"},{"data":"Tactician","floor":25.0,"key":"SMITH"},{"data":"Finisher","floor":27.0,"key":"SMITH"},{"data":"Burst","floor":32.0,"key":"SMITH"},{"floor":41.0,"key":"REST"},{"floor":46,"key":"REST"},{"floor":49,"key":"REST"}],"circlet_count":0,"master_deck":["AscendersBane","Strike_G+1","Defend_G+1","Defend_G+1","Defend_G+1","Defend_G+1","Survivor+1","Neutralize+1","Panache+1","Blade Dance+1","Calculated Gamble+1","Dagger Throw+1","Finisher+1","Tactician+1","Blade Dance+1","Terror+1","Unload+1","Cloak And Dagger+1","Heel Hook+1","Eviscerate+1","Burst+1","Backflip+1","Reflex+1","Phantasmal Killer+1","Outmaneuver+1","Footwork+1","Blade Dance+1","Slice+1","Concentrate+1","Prepared+1","Parasite","Accuracy+1"],"relics":["Ring of the Snake","Gambling Chip","Ornamental Fan","Old Coin","Unceasing Top","Tough Bandages","War Paint","Empty Cage","Oddly Smooth Stone","StoneCalendar","Matryoshka","Fusion Hammer","Pen Nib","Snake Skull","StrikeDummy","Red Mask","Mark of the Bloom"],"acts_visited":["Exordium","TheCity","TheBeyond"],"potions_floor_usage":[42,50],"damage_taken":[{"damage":1.0,"enemies":"Cultist","floor":1.0,"turns":5.0},{"damage":0.0,"enemies":"Small Slimes","floor":3.0,"turns":4.0},{"damage":0.0,"enemies":"Jaw Worm","floor":4.0,"turns":2.0},{"damage":0.0,"enemies":"2 Fungi Beasts","floor":5.0,"turns":2.0},{"damage":0.0,"enemies":"Gremlin Nob","floor":6.0,"turns":2.0},{"damage":7.0,"enemies":"Lagavulin","floor":8.0,"turns":5.0},{"damage":4.0,"enemies":"3 Sentries","floor":10.0,"turns":5.0},{"damage":0.0,"enemies":"Exordium Wildlife","floor":11.0,"turns":2.0},{"damage":0.0,"enemies":"Large Slime","floor":12.0,"turns":3.0},{"damage":5.0,"enemies":"2 Fungi Beasts","floor":13.0,"turns":3.0},{"damage":19.0,"enemies":"The Guardian","floor":16.0,"turns":10.0},{"damage":0.0,"enemies":"Chosen","floor":18.0,"turns":3.0},{"damage":0.0,"enemies":"Spheric Guardian","floor":20.0,"turns":1.0},{"damage":0.0,"enemies":"Centurion and Healer","floor":21.0,"turns":3.0},{"damage":0.0,"enemies":"Slavers","floor":28.0,"turns":2.0},{"damage":0.0,"enemies":"Snake Plant","floor":29.0,"turns":2.0},{"damage":0.0,"enemies":"Book of Stabbing","floor":31.0,"turns":3.0},{"damage":41.0,"enemies":"Champ","floor":33.0,"turns":7.0},{"damage":0.0,"enemies":"3 Shapes","floor":35.0,"turns":4.0},{"damage":0.0,"enemies":"3 Darklings","floor":37.0,"turns":4.0},{"damage":23.0,"enemies":"Nemesis","floor":40.0,"turns":4.0},{"damage":12,"enemies":"Writhing Mass","floor":42,"turns":7},{"damage":9,"enemies":"Time Eater","floor":50,"turns":5}],"seed_played":"5346423124648812740","potions_obtained":[{"floor":3.0,"key":"Fire Potion"},{"floor":4.0,"key":"SneckoOil"},{"floor":10.0,"key":"Ancient Potion"},{"floor":13.0,"key":"SpeedPotion"},{"floor":16.0,"key":"PowerPotion"},{"floor":20.0,"key":"SkillPotion"},{"floor":21.0,"key":"Fire Potion"},{"floor":35.0,"key":"SteroidPotion"},{"floor":42,"key":"BlessingOfTheForge"}],"is_trial":false,"path_per_floor":["M","?","M","M","M","E","R","E","T","E","M","M","M","$","R","B",null,"M","?","M","M","?","R","$","R","T","R","E","M","?","E","R","B",null,"M","$","M","?","?","E","R","M","T","$","?","R","?","?","R","B",null],"character_chosen":"THE_SILENT","items_purchased":["Tough Bandages","War Paint","Footwork","Blade Dance","Slice","Accuracy"],"campfire_rested":5,"item_purchase_floors":[14,14,36,36,36,44],"current_hp_per_floor":[43,43,43,43,43,43,43,36,36,32,32,32,27,27,46,27,56,56,56,56,56,38,59,59,59,59,59,59,59,59,59,59,18,58,58,58,58,58,58,35,56,44,44,44,44,64,64,64,64,55],"gold":0,"neow_bonus":"RANDOM_COLORLESS_2","is_daily":false,"chose_seed":false,"campfire_upgraded":4,"win_rate":0.0,"timestamp":1611672164,"path_taken":["M","?","M","?","M","E","R","E","T","E","M","M","M","$","R","BOSS","M","?","?","M","?","R","$","R","T","R","E","M","?","E","R","BOSS","M","$","M","?","?","E","R","M","T","$","?","R","?","?","R","BOSS"],"items_purchased_type":["Relic","Relic","Card","Card","Card","Card"],"build_version":"2020-12-22","purchased_purges":2,"victory":true,"max_hp_per_floor":[66,66,66,66,66,66,66,66,66,66,66,66,66,66,66,66,66,66,66,66,66,71,71,71,71,71,71,71,71,71,71,71,71,71,71,71,71,71,71,71,71,71,71,71,67,67,67,67,67,67],"card_choices":[{"not_picked":["Metamorphosis","Thinking Ahead"],"picked":"Panache","floor":0.0},{"not_picked":["Flechettes","Flying Knee"],"picked":"Blade Dance","floor":1.0},{"not_picked":["Underhanded Strike","Blade Dance"],"picked":"Calculated Gamble","floor":3.0},{"not_picked":["Poisoned Stab","Outmaneuver"],"picked":"Dagger Throw","floor":4.0},{"not_picked":["Deadly Poison","Prepared"],"picked":"Finisher","floor":5.0},{"not_picked":["Underhanded Strike","Wraith Form v2"],"picked":"Infinite Blades","floor":6.0},{"not_picked":["Concentrate","Skewer"],"picked":"Tactician","floor":8.0},{"not_picked":["Heel Hook","Noxious Fumes","Outmaneuver"],"picked":"SKIP","floor":10.0},{"not_picked":["Heel Hook","Noxious Fumes","Outmaneuver"],"picked":"SKIP","floor":10.0},{"not_picked":["Heel Hook","Noxious Fumes","Outmaneuver"],"picked":"SKIP","floor":10.0},{"not_picked":["Heel Hook","Noxious Fumes","Outmaneuver"],"picked":"SKIP","floor":10.0},{"not_picked":["Deadly Poison","Infinite Blades"],"picked":"Blade Dance","floor":11.0},{"not_picked":["Cloak And Dagger","Flechettes"],"picked":"Terror","floor":12.0},{"not_picked":["Poisoned Stab","Outmaneuver","Distraction"],"picked":"SKIP","floor":13.0},{"not_picked":["Corpse Explosion","Adrenaline"],"picked":"Unload","floor":16.0},{"not_picked":["Backstab","Noxious Fumes"],"picked":"Cloak And Dagger+1","floor":18.0},{"not_picked":["Bane","Setup"],"picked":"Heel Hook+1","floor":20.0},{"not_picked":["Acrobatics","Deadly Poison"],"picked":"Eviscerate","floor":21.0},{"not_picked":["Flying Knee+1","Cloak And Dagger"],"picked":"Burst","floor":28.0},{"not_picked":["Cloak And Dagger","Outmaneuver"],"picked":"Backflip","floor":29.0},{"not_picked":["Flechettes","Choke"],"picked":"Reflex","floor":31.0},{"not_picked":["Malaise","Grand Finale"],"picked":"Phantasmal Killer","floor":33.0},{"not_picked":["Deadly Poison","All Out Attack"],"picked":"Outmaneuver","floor":35.0},{"not_picked":["Setup","Bouncing Flask+1"],"picked":"Concentrate","floor":37.0},{"not_picked":["Dagger Spray","Predator"],"picked":"Prepared+1","floor":40.0},{"not_picked":["Poisoned Stab","Outmaneuver","Expertise"],"picked":"SKIP","floor":42}],"player_experience":301814,"relics_obtained":[{"floor":6.0,"key":"Gambling Chip"},{"floor":8.0,"key":"Ornamental Fan"},{"floor":9.0,"key":"Old Coin"},{"floor":10.0,"key":"Unceasing Top"},{"floor":26.0,"key":"Oddly Smooth Stone"},{"floor":28.0,"key":"StoneCalendar"},{"floor":31.0,"key":"Matryoshka"},{"floor":40.0,"key":"Pen Nib"},{"floor":43,"key":"Snake Skull"},{"floor":43,"key":"StrikeDummy"}],"event_choices":[{"cards_removed":["Strike_G"],"damage_healed":0.0,"max_hp_gain":0.0,"max_hp_loss":0.0,"gold_gain":0.0,"event_name":"Purifier","player_choice":"Purged","floor":2.0,"gold_loss":0.0,"damage_taken":0.0},{"damage_healed":0.0,"max_hp_gain":0.0,"max_hp_loss":0.0,"gold_gain":0.0,"event_name":"Accursed Blacksmith","player_choice":"Forge","floor":19.0,"gold_loss":0.0,"damage_taken":0.0,"cards_upgraded":["Terror"]},{"damage_healed":0.0,"max_hp_gain":5.0,"max_hp_loss":0.0,"gold_gain":0.0,"event_name":"Forgotten Altar","player_choice":"Shed Blood","floor":22.0,"gold_loss":0.0,"damage_taken":23.0},{"damage_healed":0.0,"max_hp_gain":0.0,"max_hp_loss":0.0,"gold_gain":0.0,"event_name":"Ghosts","player_choice":"Ignored","floor":30.0,"gold_loss":0.0,"damage_taken":0.0},{"cards_removed":["Infinite Blades"],"damage_healed":0.0,"max_hp_gain":0.0,"max_hp_loss":0.0,"gold_gain":0.0,"event_name":"Falling","player_choice":"Removed Power","floor":38.0,"gold_loss":0.0,"damage_taken":0.0},{"damage_healed":0.0,"max_hp_gain":0.0,"max_hp_loss":0.0,"gold_gain":0.0,"event_name":"SensoryStone","player_choice":"Memory 1","floor":39.0,"gold_loss":0.0,"damage_taken":0.0},{"damage_healed":0,"gold_gain":0,"player_choice":"Max HP","damage_taken":0,"max_hp_gain":0,"max_hp_loss":4,"event_name":"Winding Halls","floor":45,"gold_loss":0},{"damage_healed":0,"gold_gain":0,"player_choice":"Paid","damage_taken":0,"relics_obtained":["Red Mask"],"max_hp_gain":0,"max_hp_loss":0,"event_name":"Tomb of Lord Red Mask","floor":47,"gold_loss":50},{"damage_healed":0,"gold_gain":0,"player_choice":"Upgrade","damage_taken":0,"relics_obtained":["Mark of the Bloom"],"max_hp_gain":0,"max_hp_loss":0,"event_name":"MindBloom","floor":48,"gold_loss":0,"cards_upgraded":["Strike_G","Defend_G","Defend_G","Defend_G","Survivor","Neutralize","Panache","Dagger Throw","Blade Dance","Unload","Eviscerate","Backflip","Reflex","Phantasmal Killer","Outmaneuver","Footwork","Blade Dance","Slice","Concentrate","Accuracy"]}],"is_beta":false,"boss_relics":[{"not_picked":["Snecko Eye","SlaversCollar"],"picked":"Empty Cage"},{"not_picked":["Philosopher\u0027s Stone","Calling Bell"],"picked":"Fusion Hammer"}],"items_purged_floors":[14,24],"is_endless":false,"potions_floor_spawned":[3,4,10,13,16,20,21,28,29,35,42],"ascension_level":16}}