{"host":"zxd7sxkt31l2m2hb","time":1611696225,"event":{"mods":["AchievementEnabler","BaseMod","BetterRewards","Colored Map","Colored Powertips","Highlight Path","Minty Spire (QoL Compilation)","Quick Restart","StSLib","SuperFastMode","The Jungle","slay the spire mod where everything is the same but ironclad has a cowboy hat"],"gold_per_floor":[109,109,109,109,109,109,109,123,148,148,148,148,160,179,179,276,276,293,177,177,107,207,207,207,217,242,259,259,259,259,272,272,368,368,380,380,397,46,56,56,56,75,75,75,75,104,104,120,120,120],"floor_reached":51,"language":"DEU","playtime":8635,"items_purged":[],"score":911,"play_id":"83e90267-05d6-452e-bab8-9df7dc81e5a7","local_time":"20210126222345","daily_mods":["SealedDeck","Hoarder","Vintage","Heirloom","Time Dilation","Flight","Night Terrors"],"is_ascension_mode":false,"campfire_choices":[{"data":"Coolheaded","floor":6,"key":"SMITH"},{"data":"Scrape","floor":10,"key":"SMITH"},{"data":"Scrape","floor":11,"key":"SMITH"},{"data":"Scrape","floor":12,"key":"SMITH"},{"data":"Coolheaded","floor":15,"key":"SMITH"},{"data":"Impatience","floor":23,"key":"SMITH"},{"data":"Impatience","floor":24,"key":"SMITH"},{"data":"Impatience","floor":29,"key":"SMITH"},{"data":"Ghostly","floor":30,"key":"SMITH"},{"data":"Ghostly","floor":32,"key":"SMITH"},{"data":"Ghostly","floor":40,"key":"SMITH"},{"data":"Ghostly","floor":44,"key":"SMITH"},{"data":"Ghostly","floor":47,"key":"SMITH"},{"data":"Ghostly","floor":49,"key":"SMITH"}],"circlet_count":0,"master_deck":["Sweeping Beam","Sweeping Beam","Sweeping Beam","Go for the Eyes","Go for the Eyes","Go for the Eyes","Gash","Gash","Gash","Scrape+1","Scrape+1","Scrape+1","Gash","Gash","Gash","Conserve Battery","Conserve Battery","Conserve Battery","Beam Cell","Beam Cell","Beam Cell","Coolheaded","Coolheaded+1","Coolheaded+1","Chill","Chill","Chill","Chill","Chill","Chill","Chaos+1","Chaos+1","Chaos+1","Hologram","Hologram","Hologram","Ghostly+1","Ghostly+1","Ghostly","Ghostly","Ghostly","Ghostly","Ghostly+1","Ghostly+1","Ghostly","Ghostly+1","Ghostly","Ghostly","Ghostly+1","Ghostly","Ghostly","Impatience+1","Impatience+1","Impatience+1","Coolheaded","Coolheaded","Coolheaded","Seek","Seek","Seek","Master of Strategy","Master of Strategy","Master of Strategy","Deep Breath","Deep Breath","Deep Breath"],"relics":["FrozenCore","Mango","Pocketwatch","Singing Bowl","Boot","The Courier","Symbiotic Virus","Orichalcum","Orrery","DataDisk","PreservedInsect","Vajra","StrikeDummy","Nuclear Battery","Akabeko","Lantern","Ginger","InkBottle","Meat on the Bone","Thread and Needle","Blue Candle"],"acts_visited":["Exordium","TheCity","TheBeyond"],"potions_floor_usage":[],"damage_taken":[{"damage":2,"enemies":"2 Louse","floor":1,"turns":2},{"damage":0,"enemies":"Small Slimes","floor":8,"turns":2},{"damage":11,"enemies":"Jaw Worm","floor":13,"turns":2},{"damage":5,"enemies":"Blue Slaver","floor":14,"turns":2},{"damage":24,"enemies":"Hexaghost","floor":16,"turns":3},{"damage":0,"enemies":"Spheric Guardian","floor":18,"turns":2},{"damage":0,"enemies":"3 Byrds","floor":25,"turns":4},{"damage":0,"enemies":"Shelled Parasite and Fungi","floor":27,"turns":5},{"damage":0,"enemies":"Centurion and Healer","floor":31,"turns":5},{"damage":0,"enemies":"Champ","floor":33,"turns":9},{"damage":0,"enemies":"3 Darklings","floor":35,"turns":8},{"damage":5,"enemies":"3 Shapes","floor":37,"turns":4},{"damage":0,"enemies":"3 Darklings","floor":39,"turns":2},{"damage":0,"enemies":"Jaw Worm Horde","floor":42,"turns":5},{"damage":0,"enemies":"Reptomancer","floor":46,"turns":6},{"damage":0,"enemies":"Sphere and 2 Shapes","floor":48,"turns":2},{"damage":0,"enemies":"Awakened One","floor":50,"turns":8}],"seed_played":"-5287371501602279827","potions_obtained":[{"floor":1,"key":"PowerPotion"},{"floor":18,"key":"AttackPotion"},{"floor":27,"key":"PowerPotion"}],"is_trial":true,"path_per_floor":["M","?","?","?","$","R","?","M","T","R","R","R","M","M","R","B",null,"M","$","?","$","?","R","R","M","T","M","$","R","R","M","R","B",null,"M","?","M","$","M","R","$","M","T","R","$","E","R","M","R","B",null],"character_chosen":"DEFECT","items_purchased":["Orrery","Impatience","Coolheaded","Seek","Master of Strategy","Deep Breath"],"campfire_rested":0,"item_purchase_floors":[19,21,38,38,38,38],"current_hp_per_floor":[87,84,84,89,89,89,89,89,89,89,89,89,78,73,73,51,96,96,102,51,51,51,51,51,51,51,51,51,51,51,51,51,53,53,53,53,48,48,48,48,48,48,48,48,48,50,50,50,50,50],"gold":120,"neow_bonus":"","is_daily":false,"chose_seed":false,"campfire_upgraded":14,"win_rate":0.0,"timestamp":1611696225,"path_taken":["M","?","?","?","$","R","?","M","T","R","R","R","M","M","R","BOSS","M","$","?","$","?","R","R","M","T","M","$","R","R","M","R","BOSS","M","?","M","$","M","R","$","M","T","R","$","E","R","M","R","BOSS"],"items_purchased_type":["Relic","Card","Card","Card","Card","Card"],"build_version":"2020-12-22","purchased_purges":0,"victory":true,"max_hp_per_floor":[89,89,89,94,94,94,94,94,94,94,94,94,94,94,94,96,96,96,102,51,51,51,51,51,51,51,51,51,51,51,51,51,53,53,53,53,53,53,53,53,53,53,53,53,53,55,55,55,55,55],"card_choices":[{"not_picked":["Seek","Multi-Cast","Biased Cognition"],"picked":"Singing Bowl","floor":16},{"not_picked":["Go for the Eyes","Reprogram"],"picked":"Chaos+1","floor":19},{"not_picked":["Sweeping Beam","Streamline","Go for the Eyes"],"picked":"Singing Bowl","floor":19},{"not_picked":["Reinforced Body","Chill+1"],"picked":"Hologram","floor":19},{"not_picked":["Recycle+1","Go for the Eyes+1","Static Discharge"],"picked":"Singing Bowl","floor":19},{"not_picked":["Ball Lightning","Steam","Fusion"],"picked":"Singing Bowl","floor":19},{"not_picked":["Amplify","Echo Form","Electrodynamics"],"picked":"Singing Bowl","floor":33},{"not_picked":["Sweeping Beam+1","Chaos+1","Streamline"],"picked":"Singing Bowl","floor":46}],"player_experience":114095,"relics_obtained":[{"floor":1,"key":"Pocketwatch"},{"floor":8,"key":"Singing Bowl"},{"floor":9,"key":"Boot"},{"floor":13,"key":"The Courier"},{"floor":14,"key":"Symbiotic Virus"},{"floor":18,"key":"Orichalcum"},{"floor":25,"key":"DataDisk"},{"floor":26,"key":"PreservedInsect"},{"floor":27,"key":"Vajra"},{"floor":31,"key":"StrikeDummy"},{"floor":35,"key":"Akabeko"},{"floor":37,"key":"Lantern"},{"floor":39,"key":"Ginger"},{"floor":42,"key":"InkBottle"},{"floor":43,"key":"Meat on the Bone"},{"floor":46,"key":"Thread and Needle"},{"floor":48,"key":"Blue Candle"}],"event_choices":[{"damage_healed":0,"gold_gain":0,"player_choice":"Fled","damage_taken":3,"max_hp_gain":0,"max_hp_loss":0,"event_name":"Scrap Ooze","floor":2,"gold_loss":0},{"damage_healed":0,"gold_gain":0,"player_choice":"Ignored","damage_taken":0,"max_hp_gain":0,"max_hp_loss":0,"event_name":"Golden Idol","floor":3,"gold_loss":0},{"damage_healed":0,"gold_gain":0,"player_choice":"Donut","damage_taken":0,"max_hp_gain":5,"max_hp_loss":0,"event_name":"Big Fish","floor":4,"gold_loss":0},{"damage_healed":0,"gold_gain":0,"player_choice":"Searched \u00270\u0027 times","damage_taken":0,"max_hp_gain":0,"max_hp_loss":0,"event_name":"Dead Adventurer","floor":7,"gold_loss":0},{"damage_healed":0,"gold_gain":0,"player_choice":"Became a Ghost","damage_taken":0,"max_hp_gain":0,"max_hp_loss":51,"event_name":"Ghosts","floor":20,"gold_loss":0,"cards_obtained":["Ghostly","Ghostly","Ghostly","Ghostly","Ghostly"]},{"damage_healed":0,"gold_gain":100,"player_choice":"Pray","damage_taken":0,"max_hp_gain":0,"max_hp_loss":0,"event_name":"Golden Shrine","floor":22,"gold_loss":0},{"damage_healed":0,"gold_gain":0,"player_choice":"Ignored","damage_taken":0,"max_hp_gain":0,"max_hp_loss":0,"event_name":"Tomb of Lord Red Mask","floor":36,"gold_loss":0}],"is_beta":false,"boss_relics":[{"not_picked":["Inserter","Runic Pyramid"],"picked":"FrozenCore"},{"not_picked":["Calling Bell","Snecko Eye"],"picked":"Nuclear Battery"}],"items_purged_floors":[],"is_endless":false,"potions_floor_spawned":[1,18,27,35,37],"ascension_level":0}}