{"host":"jumrmhf584hajrnz","time":1611670675,"event":{"mods":["BaseMod","Duelist Mod","GifTheSpireLib","Minty Spire (QoL Compilation)","Quick Restart","Replay The Spire","StSLib"],"gold_per_floor":[142,157,157,172,172,172,188,219,243,243,253,273,289,324,324,395,395,407,422,422,422],"floor_reached":20,"language":"ENG","playtime":1515,"items_purged":[],"score":576,"play_id":"52d5b8be-5967-4a75-8e36-f7db2e78c223","local_time":"20210126151755","is_ascension_mode":true,"campfire_choices":[{"data":"theDuelist:StormSparks","floor":6,"key":"SMITH"},{"floor":10,"key":"REST"},{"floor":15,"key":"REST"}],"circlet_count":0,"master_deck":["AscendersBane","theDuelist:CastleWalls","theDuelist:CastleWalls","theDuelist:DarkMagician","theDuelist:MysticalElf","theDuelist:MysticalElf","theDuelist:NeoMagic","theDuelist:NeoMagic","theDuelist:Sparks","theDuelist:Sparks","theDuelist:StormSparks+1","Regret","theDuelist:WitchBlackRose","theDuelist:Fissure","theDuelist:Sparks","theDuelist:Sparks","theDuelist:StormSparks","theDuelist:Fissure","theDuelist:SummoningCurse","theDuelist:CurseDarkness","theDuelist:InfernoFireBlast","theDuelist:Sparks","theDuelist:Sparks","theDuelist:StormSparks","theDuelist:Fissure","theDuelist:Sparks","theDuelist:Sparks","theDuelist:StormSparks","theDuelist:Fissure","theDuelist:InfernoFireBlast","Doubt","theDuelist:CurseDarkness","theDuelist:TimeWizard","theDuelist:MysticalElf","theDuelist:FrontierWiseman","theDuelist:DarkMagician","theDuelist:DarkMagician","Pot Of Greed","Pot Of Greed","Pot Of Greed","Pot Of Greed","theDuelist:InjectionFairy","theDuelist:IrisEarthMother","theDuelist:StatueAnguishPattern+1","theDuelist:RainbowOverdragon"],"relics":["theDuelist:MillenniumPuzzle","theDuelist:CardPoolRelic","theDuelist:CardPoolBasicRelic","theDuelist:BoosterPackPoolRelic","theDuelist:CardPoolAddRelic","theDuelist:CardPoolMinusRelic","theDuelist:CardPoolSaveRelic","theDuelist:CardPoolOptionsRelic","Blue Doll","MealTicket","Grinning Jar","Cursed Key"],"acts_visited":["Exordium","TheCity"],"potions_floor_usage":[8,14,16],"damage_taken":[{"damage":6,"enemies":"Cultist","floor":1,"turns":4},{"damage":5,"enemies":"2 Louse","floor":2,"turns":3},{"damage":4,"enemies":"Jaw Worm","floor":4,"turns":3},{"damage":0,"enemies":"Exordium Wildlife","floor":7,"turns":4},{"damage":22,"enemies":"Lagavulin","floor":8,"turns":6},{"damage":0,"enemies":"Gremlin Gang","floor":11,"turns":3},{"damage":5,"enemies":"Exordium Thugs","floor":12,"turns":4},{"damage":0,"enemies":"Exordium Wildlife","floor":13,"turns":2},{"damage":23,"enemies":"3 Sentries","floor":14,"turns":7},{"damage":46,"enemies":"Fading Forest","floor":16,"turns":13},{"damage":0,"enemies":"3 Byrds","floor":18,"turns":5},{"damage":33,"enemies":"2 Thieves","floor":19,"turns":4},{"damage":2,"enemies":"3 Cultists","floor":20,"turns":3}],"seed_played":"6156943599410177423","potions_obtained":[{"floor":2,"key":"Strength Potion"},{"floor":4,"key":"PowerPotion"},{"floor":8,"key":"theDuelist:WhiteBottle"},{"floor":14,"key":"SteroidPotion"}],"is_trial":false,"path_per_floor":["M","M","?","M","?","R","M","E","T","R","M","M","M","E","R","B",null,"M","M","M"],"character_chosen":"THE_DUELIST","items_purchased":[],"campfire_rested":2,"item_purchase_floors":[],"current_hp_per_floor":[57,52,52,48,48,48,48,26,26,45,45,40,40,17,35,1,45,45,12,10,10],"gold":422,"neow_bonus":"RANDOM_EVENT","is_daily":false,"chose_seed":false,"campfire_upgraded":1,"win_rate":0.0,"timestamp":1611670675,"path_taken":["M","?","?","M","?","R","M","E","T","R","M","M","M","E","R","BOSS","M","?","M"],"items_purchased_type":[],"build_version":"2020-12-22","purchased_purges":0,"victory":false,"max_hp_per_floor":[70,70,70,68,68,68,68,64,64,64,64,64,64,60,60,60,60,60,60,60,60],"card_choices":[{"not_picked":["theDuelist:RainbowMagician","theDuelist:DarkHorizon","theDuelist:DoomShaman","theDuelist:ExodiaHead"],"picked":"theDuelist:WitchBlackRose","floor":1},{"not_picked":["theDuelist:WingedKuriboh","theDuelist:ReinforcementsArmy","theDuelist:GemArmadillo","theDuelist:BigKoala"],"picked":"theDuelist:Fissure","floor":2},{"not_picked":["theDuelist:MagicalBlast","theDuelist:GiantTrunade","theDuelist:BookSecret","theDuelist:ContractExodia"],"picked":"theDuelist:InfernoFireBlast","floor":4},{"not_picked":["theDuelist:BlizzardWarrior","theDuelist:DarkMagician","theDuelist:SpiritHarp","theDuelist:DarkMagicianGirl"],"picked":"theDuelist:TimeWizard","floor":7},{"not_picked":["theDuelist:NeoMagic","theDuelist:GeminiElf","theDuelist:SpellShatteringArrow","theDuelist:SpiritHarp"],"picked":"theDuelist:MysticalElf","floor":8},{"not_picked":["theDuelist:ExodiaRL","theDuelist:ThousandEyesIdol","theDuelist:MysticalElf","theDuelist:OnslaughtFireKings"],"picked":"theDuelist:FrontierWiseman","floor":11},{"not_picked":["theDuelist:SpiritHarp","theDuelist:BlueDragonSummoner","theDuelist:CallAtlanteans","theDuelist:SpellShatteringArrow"],"picked":"theDuelist:DarkMagician","floor":12},{"not_picked":["theDuelist:NeoMagic","theDuelist:AltarTribute","theDuelist:SangaThunder","theDuelist:DiffusionWaveMotion"],"picked":"theDuelist:DarkMagician","floor":13},{"not_picked":["theDuelist:WhiteMagicalHat","theDuelist:ThousandEyesIdol","theDuelist:SpiritHarp","theDuelist:DiffusionWaveMotion"],"picked":"theDuelist:InjectionFairy","floor":14},{"not_picked":["theDuelist:RainbowDarkDragon","theDuelist:RainbowMagician","theDuelist:RainbowKuriboh","theDuelist:RainbowOverdragon"],"picked":"theDuelist:IrisEarthMother","floor":16},{"not_picked":["theDuelist:InariFire+1","theDuelist:BadReaction+1","theDuelist:WhiteHowling+1","theDuelist:TimeWizard+1"],"picked":"theDuelist:StatueAnguishPattern+1","floor":18},{"not_picked":["theDuelist:GreenGraveOni","theDuelist:GreyGreedOni","theDuelist:PurplePainOni","theDuelist:RedHeadedOni"],"picked":"theDuelist:RainbowOverdragon","floor":19}],"player_experience":1540443,"relics_obtained":[{"floor":8,"key":"MealTicket"},{"floor":14,"key":"Grinning Jar"}],"event_choices":[{"damage_healed":0,"gold_gain":0,"player_choice":"Box","damage_taken":0,"relics_obtained":["Blue Doll"],"max_hp_gain":0,"max_hp_loss":0,"event_name":"Big Fish","floor":0,"gold_loss":0,"cards_obtained":["Regret"]},{"damage_healed":0,"gold_gain":0,"player_choice":"Intellect - dupe all spells","duelist":true,"damage_taken":0,"max_hp_gain":0,"max_hp_loss":0,"event_name":"Aknamkanon\u0027s Tomb","floor":3,"gold_loss":0},{"damage_healed":0,"gold_gain":0,"player_choice":"Intellect - dupe all spells","duelist":true,"damage_taken":0,"max_hp_gain":0,"max_hp_loss":0,"event_name":"Aknamkanon\u0027s Tomb","floor":5,"gold_loss":0}],"is_beta":false,"boss_relics":[{"not_picked":["HoveringKite","Replay:Grab Bag"],"picked":"Cursed Key"}],"items_purged_floors":[],"is_endless":false,"potions_floor_spawned":[2,4,8,13,14,18],"killed_by":"3 Cultists","ascension_level":20}}