{"host":"7tqog9fnhs0gxmti","time":1611656413,"event":{"mods":["AchievementEnabler","Act Like it!","Astrologer","BaseMod","Beaked The Cultist","CapriCore","Colored Map","Colored Powertips","Hermit","Highlight Path","Marisa????????","Minty Spire (QoL Compilation)","Quick Restart","Random Character Button","Rare Cards Sparkle","Robot Space Explorer","Somnambulant","StSLib","The Bug Knight","The Construct","The Cursed","The Disciple","The Gatherer","The Hayseed","The Marked","Wandering Minibosses","everything is the same but u backflip on backflip"],"gold_per_floor":[119,130,130,130,130,130,145,145,145,168,168,211,240,240,240,365,365,647,647,647,647],"floor_reached":20,"language":"ENG","playtime":720,"items_purged":[],"score":170,"play_id":"dc84f31f-456c-4287-b8a4-aefdf7f7b140","local_time":"20210126182013","is_ascension_mode":false,"campfire_choices":[{"data":"beaked:Hexing","floor":6,"key":"SMITH"},{"data":"beaked:Brace","floor":8,"key":"SMITH"},{"data":"beaked:TuckingFeathers","floor":11,"key":"SMITH"},{"data":"beaked:Ceremony","floor":15,"key":"SMITH"}],"circlet_count":0,"master_deck":["beaked:Strike_Y","beaked:Strike_Y","beaked:Strike_Y","beaked:Strike_Y","beaked:Strike_Y","beaked:Defend_Y","beaked:Defend_Y","beaked:Defend_Y","beaked:Defend_Y","beaked:Ceremony+1","beaked:CrazyRituals+1","beaked:CrazyRituals+1","beaked:Overpower","beaked:Hexing+1","Injury","beaked:TuckingFeathers+1","beaked:Brace+1","Regret","beaked:SacrificialScars+1","beaked:MimicHuntress+1","beaked:DigDeep+1"],"relics":["beaked:MendingPlumage","Golden Idol","Toxic Egg 2","Frozen Egg 2","Odd Mushroom","Mercury Hourglass","Philosopher\u0027s Stone"],"acts_visited":["Exordium","TheCity"],"potions_floor_usage":[12,16],"damage_taken":[{"damage":11,"enemies":"Jaw Worm","floor":1,"turns":4},{"damage":5,"enemies":"Small Slimes","floor":2,"turns":3},{"damage":7,"enemies":"2 Louse","floor":7,"turns":3},{"damage":29,"enemies":"Gremlin Gang","floor":10,"turns":6},{"damage":10,"enemies":"Lagavulin","floor":12,"turns":5},{"damage":18,"enemies":"The Mushroom Lair","floor":13,"turns":4},{"damage":51,"enemies":"Hexaghost","floor":16,"turns":9},{"damage":67,"enemies":"Spheric Guardian","floor":18,"turns":8},{"damage":0,"enemies":"3 Byrds","floor":20,"turns":1}],"seed_played":"-3591822145426542159","potions_obtained":[{"floor":7,"key":"DistilledChaos"},{"floor":13,"key":"LiquidBronze"},{"floor":16,"key":"Dexterity Potion"},{"floor":18,"key":"SpeedPotion"}],"is_trial":false,"path_per_floor":["M","M","?","?","?","R","M","R","T","M","R","E","?","?","R","B",null,"M","?","M"],"character_chosen":"BEAKED_THE_CULTIST","items_purchased":[],"campfire_rested":0,"item_purchase_floors":[],"current_hp_per_floor":[48,47,47,47,47,47,45,45,45,40,40,43,44,44,44,31,50,14,14,19,19],"gold":647,"neow_bonus":"UPGRADE_CARD","is_daily":false,"chose_seed":false,"campfire_upgraded":4,"win_rate":0.0,"timestamp":1611656413,"path_taken":["M","M","?","?","?","R","M","R","T","?","R","E","?","?","R","BOSS","M","?","?"],"items_purchased_type":[],"build_version":"2020-12-22","purchased_purges":0,"victory":false,"max_hp_per_floor":[50,50,50,50,50,50,50,50,50,50,50,50,50,50,50,50,50,53,53,53,53],"card_choices":[{"not_picked":["beaked:SurvivalInstinct","beaked:WarriorEssence"],"picked":"beaked:Overpower","floor":1},{"not_picked":["beaked:Flinch","beaked:BloodRitual"],"picked":"beaked:Hexing","floor":2},{"not_picked":["beaked:Negation","beaked:HuntressSpirit"],"picked":"beaked:Brace","floor":7},{"not_picked":["beaked:Struggle","beaked:SacrificialAttack","beaked:Overexert+1"],"picked":"SKIP","floor":10},{"not_picked":["beaked:Windmill","beaked:WarriorEssence","beaked:Flinch+1"],"picked":"SKIP","floor":12},{"not_picked":["beaked:FakeOut","beaked:DarkPact+1"],"picked":"beaked:SacrificialScars+1","floor":16},{"not_picked":["beaked:Tradeoff+1","beaked:Poke+1"],"picked":"beaked:MimicHuntress+1","floor":18}],"player_experience":862120,"relics_obtained":[{"floor":9,"key":"Toxic Egg 2"},{"floor":12,"key":"Frozen Egg 2"},{"floor":13,"key":"Odd Mushroom"}],"event_choices":[{"damage_healed":0,"gold_gain":0,"player_choice":"Take Wound","damage_taken":0,"relics_obtained":["Golden Idol"],"max_hp_gain":0,"max_hp_loss":0,"event_name":"Golden Idol","floor":3,"gold_loss":0,"cards_obtained":["Injury"]},{"damage_healed":0,"gold_gain":0,"player_choice":"Grow","damage_taken":0,"max_hp_gain":0,"max_hp_loss":0,"event_name":"Living Wall","floor":4,"gold_loss":0,"cards_upgraded":["beaked:CrazyRituals"]},{"damage_healed":0,"gold_gain":0,"cards_transformed":["beaked:Strike_Y"],"player_choice":"Transformed","damage_taken":0,"max_hp_gain":0,"max_hp_loss":0,"event_name":"Transmorgrifier","floor":5,"gold_loss":0,"cards_obtained":["beaked:TuckingFeathers"]},{"damage_healed":0,"gold_gain":0,"player_choice":"Fought Mushrooms","damage_taken":0,"max_hp_gain":0,"max_hp_loss":0,"event_name":"Mushrooms","floor":13,"gold_loss":0},{"damage_healed":0,"gold_gain":0,"player_choice":"Box","damage_taken":0,"relics_obtained":["Mercury Hourglass"],"max_hp_gain":0,"max_hp_loss":0,"event_name":"Big Fish","floor":14,"gold_loss":0,"cards_obtained":["Regret"]},{"damage_healed":0,"gold_gain":0,"player_choice":"1 cards matched","damage_taken":0,"max_hp_gain":0,"max_hp_loss":0,"event_name":"Match and Keep!","floor":19,"gold_loss":0,"cards_obtained":["beaked:DigDeep"]}],"is_beta":false,"boss_relics":[{"not_picked":["Pandora\u0027s Box","Empty Cage"],"picked":"Philosopher\u0027s Stone"}],"items_purged_floors":[],"is_endless":false,"potions_floor_spawned":[7,13,16,18],"killed_by":"3 Byrds","ascension_level":0}}