{"host":"9nrmtysnr3vignd7","time":1611650186,"event":{"mods":["2.2 Compatiblity","AchievementEnabler","Act Like it!","BaseMod","Beaked The Cultist","BetterRewards","Block Reminder","Dota2Spire","Downfall","Duelist Mod","Energized Spire","Friendly Minions","Hallownest","Hermit","Highlight Path","Hubris","Infinite Spire","Koishi","Mari Mod (Legacy)","Mari\u0027s V1 Patch","Marisa????????","Minty Spire (QoL Compilation)","Prisma Mod","Quick Restart","Rare Cards Sparkle","Relic Sorter","Relic Stats","Replay The Spire","Retaliation","RumiaBox-????????","SCP261 Mod","SOS???????","Shop Mod","StSLib","Synergy Search","Td1madao Mod","The Alterego","The Bladedancer","The Blue Laboratory","The Bug Knight","The Construct","The Cursed","The Death Knight","The Disciple","The Edgeheg","The Gatherer","The Hierophant","The Marked","The Necromancer","The Runesmith","The Senshi","The Wild Card","TheHeartMod","TheSwordswoman","Waifu the Spire","Yakumo Yukari mod","Yuri Mod","Yuyuko","everything is the same but u backflip on backflip","slay the spire mod where everything is the same but ironclad has a cowboy hat","???Mod??????Boss"],"gold_per_floor":[87,104,104,51,71,71,86,103,103,15,32,42,42,57,57,57,57],"floor_reached":16,"language":"ENG","playtime":1729,"items_purged":[],"score":96,"play_id":"ed2aaaf7-7af9-4a3f-be28-9aeb02f13bd4","local_time":"20210126023626","is_ascension_mode":false,"campfire_choices":[{"data":"theEdgeheg:StarterDodgeSkill","floor":6,"key":"SMITH"},{"data":"theEdgeheg:DrawBlade","floor":13,"key":"SMITH"},{"data":"theEdgeheg:Reload","floor":15,"key":"SMITH"}],"circlet_count":0,"master_deck":["theEdgeheg:StarterShootAttack","theEdgeheg:StarterShootAttack","theEdgeheg:StarterShootAttack","theEdgeheg:StarterDodgeSkill","theEdgeheg:StarterDodgeSkill","theEdgeheg:StarterDodgeSkill+1","theEdgeheg:BloodyKatana","theEdgeheg:ChaosControlSkill","theEdgeheg:GatherChaos","theEdgeheg:HappiestTimmy","theEdgeheg:TimmyBackflip","theEdgeheg:BloodyKatana","theEdgeheg:MachineGun","theEdgeheg:Fastness","theEdgeheg:DrawBlade+1","theEdgeheg:QuickKatana","theEdgeheg:QuickKatana","theEdgeheg:Reload+1","theEdgeheg:RollAndShoot","theEdgeheg:DrawGun","theEdgeheg:SexyGirlfriend"],"relics":["theEdgeheg:UltimateLifeformRelic","theEdgeheg:CSGunRelic","NeowsBlessing","construct:BoolHorns"],"acts_visited":["Exordium"],"potions_floor_usage":[16,16],"damage_taken":[{"damage":0,"enemies":"Jaw Worm","floor":1,"turns":1},{"damage":0,"enemies":"Cultist","floor":2,"turns":1},{"damage":0,"enemies":"Small Slimes","floor":5,"turns":2},{"damage":0,"enemies":"2 Fungi Beasts","floor":7,"turns":5},{"damage":1,"enemies":"Exordium Thugs","floor":8,"turns":7},{"damage":0,"enemies":"Lots of Slimes","floor":11,"turns":2},{"damage":0,"enemies":"3 Louse","floor":12,"turns":2},{"damage":0,"enemies":"Blue Slaver","floor":14,"turns":4},{"damage":5,"enemies":"The Guardian","floor":16,"turns":6}],"seed_played":"-5341935605962137115","potions_obtained":[{"floor":7,"key":"Languid Potion"},{"floor":8,"key":"Reflective Coating"},{"floor":11,"key":"blueLaboratory:TrueEctoplasm"}],"is_trial":false,"path_per_floor":["M","M","?","$","M","R","M","M","T","$","M","M","R","M","R","B"],"character_chosen":"THE_DEFAULT","items_purchased":["theEdgeheg:BloodyKatana","theEdgeheg:QuickKatana","theEdgeheg:Reload"],"campfire_rested":0,"item_purchase_floors":[4,10,10],"current_hp_per_floor":[4,5,5,5,5,5,5,5,5,5,5,5,5,5,5,0,0],"gold":57,"neow_bonus":"THREE_ENEMY_KILL","is_daily":false,"chose_seed":false,"campfire_upgraded":3,"win_rate":0.0,"timestamp":1611650186,"path_taken":["M","M","?","$","M","R","M","M","T","$","M","M","R","M","R","BOSS"],"items_purchased_type":["Card","Card","Card"],"build_version":"2020-12-22","purchased_purges":0,"victory":false,"max_hp_per_floor":[5,5,5,5,5,5,5,5,5,5,5,5,5,5,5,5,5],"relic_stats":{"counters":[9,30],"obtain_stats":[{"construct:BoolHorns":9,"NeowsBlessing":0,"theEdgeheg:UltimateLifeformRelic":0,"theEdgeheg:CSGunRelic":0},{"construct:BoolHorns":5,"NeowsBlessing":0,"theEdgeheg:UltimateLifeformRelic":0,"theEdgeheg:CSGunRelic":0},{"construct:BoolHorns":16,"NeowsBlessing":0,"theEdgeheg:UltimateLifeformRelic":0,"theEdgeheg:CSGunRelic":0}]},"card_choices":[{"not_picked":["theEdgeheg:RedGun","theEdgeheg:BetterShoot"],"picked":"theEdgeheg:HappiestTimmy","floor":1},{"not_picked":["theEdgeheg:Shotgun","theEdgeheg:BlackKatana"],"picked":"theEdgeheg:TimmyBackflip","floor":2},{"not_picked":["theEdgeheg:CrazyGirlfriend","theEdgeheg:Heh"],"picked":"theEdgeheg:MachineGun","floor":5},{"not_picked":["theEdgeheg:Tsk","theEdgeheg:BloodyKatana"],"picked":"theEdgeheg:Fastness","floor":7},{"not_picked":["theEdgeheg:Sniper","theEdgeheg:RandomChaosCard"],"picked":"theEdgeheg:DrawBlade","floor":8},{"not_picked":["theEdgeheg:BlowCover","theEdgeheg:BetterShoot"],"picked":"theEdgeheg:RollAndShoot","floor":11},{"not_picked":["theEdgeheg:Sniper","theEdgeheg:ChaosEnergyKatana"],"picked":"theEdgeheg:DrawGun","floor":12},{"not_picked":["theEdgeheg:Grr","theEdgeheg:Heh"],"picked":"theEdgeheg:SexyGirlfriend","floor":14}],"player_experience":62229,"relics_obtained":[{"floor":9,"key":"construct:BoolHorns"}],"event_choices":[{"cards_removed":["theEdgeheg:StarterShootAttack"],"damage_healed":0,"gold_gain":0,"player_choice":"Purged","damage_taken":0,"max_hp_gain":0,"max_hp_loss":0,"event_name":"Purifier","floor":3,"gold_loss":0}],"is_beta":false,"boss_relics":[],"items_purged_floors":[],"is_endless":false,"potions_floor_spawned":[7,8,11],"killed_by":"The Guardian","ascension_level":0}}