{"host":"fmb9x04chdot191d","time":1611630180,"event":{"mods":["2.2 Compatiblity","AchievementEnabler","BaseMod","BetterRewards","Colored Map","Downfall","Hermit","Highlight Path","Marisa（霧雨　魔理沙）","Minty Spire (QoL Compilation)","Permanent Neow","Quick Restart","StSLib","The Servant 0.9.4","[IsaacMod]以撒尖塔"],"gold_per_floor":[112,112,112,129,51,86,86,121,121,138,157,173,173,173,173,270,270,282,295,220,285,285,318,318,335,417,142,142,142],"floor_reached":28,"language":"ENG","playtime":1315,"items_purged":["Strike_R","Defend_R","Perfected Strike"],"score":365,"play_id":"b4343086-783e-42fd-a5a2-6a0f32b3183e","local_time":"20210126160300","is_ascension_mode":true,"campfire_choices":[{"data":"Whirlwind","floor":7.0,"key":"SMITH"},{"data":"Rampage","floor":13.0,"key":"SMITH"},{"data":"Rampage","floor":15.0,"key":"SMITH"},{"data":"Juggernaut","floor":24,"key":"SMITH"}],"circlet_count":0,"master_deck":["Strike_R","Strike_R","Strike_R","Defend_R","Defend_R","Defend_R","Bash","Brutality","Rampage+1","Whirlwind+1","Rampage+1","Juggernaut+1","Double Tap+1","Enlightenment+1","Rampage+1","Shrug It Off+1","Shrug It Off+1","Rampage"],"relics":["Burning Blood","HushsDoor","Bronze Scales","PunchingBag","BookofShadows","TheBean","TheBible","Runic Pyramid","Bottled Tornado","War Paint","Smiling Mask","Pen Nib"],"acts_visited":["Exordium","TheCity"],"potions_floor_usage":[23,28],"damage_taken":[{"damage":4.0,"enemies":"2 Louse","floor":1.0,"turns":3.0},{"damage":3.0,"enemies":"Cultist","floor":4.0,"turns":3.0},{"damage":7.0,"enemies":"Lagavulin","floor":6.0,"turns":6.0},{"damage":9.0,"enemies":"Gremlin Nob","floor":8.0,"turns":4.0},{"damage":2.0,"enemies":"Jaw Worm","floor":10.0,"turns":2.0},{"damage":0.0,"enemies":"Exordium Thugs","floor":11.0,"turns":2.0},{"damage":0.0,"enemies":"2 Fungi Beasts","floor":12.0,"turns":2.0},{"damage":29.0,"enemies":"Hexaghost","floor":16.0,"turns":7.0},{"damage":2.0,"enemies":"3 Byrds","floor":18.0,"turns":3.0},{"damage":7,"enemies":"Shell Parasite","floor":19,"turns":4},{"damage":1,"enemies":"Hiden Room Battle","floor":21,"turns":4},{"damage":5,"enemies":"Gremlin Leader","floor":23,"turns":5},{"damage":34,"enemies":"Snake Plant","floor":25,"turns":3},{"damage":1,"enemies":"Slavers","floor":28,"turns":2}],"seed_played":"-2322092966917224136","potions_obtained":[{"floor":4.0,"key":"SneckoOil"},{"floor":6.0,"key":"hexamod:SoulburnPotion"},{"floor":8.0,"key":"Fruit Juice"},{"floor":16.0,"key":"sneckomod:MuddlingPotion"},{"floor":18.0,"key":"PowerPotion"},{"floor":23,"key":"AttackPotion"}],"is_trial":false,"path_per_floor":["M","?","?","M","$","E","R","E","T","M","M","M","R","?","R","B",null,"M","M","$","?","?","E","R","M","T","$","E"],"character_chosen":"IRONCLAD","items_purchased":["Rampage","Double Tap","Enlightenment","Rampage","Pen Nib"],"campfire_rested":0,"item_purchase_floors":[5,17,17,27,27],"current_hp_per_floor":[80,80,80,80,80,79,79,81,81,85,85,85,85,85,85,62,74,74,73,73,63,63,64,64,36,36,36,35,35],"gold":142,"neow_bonus":"RANDOM_COMMON_RELIC","is_daily":false,"chose_seed":false,"campfire_upgraded":4,"win_rate":0.0,"timestamp":1611630180,"path_taken":["M","?","?","?","$","E","R","E","T","M","M","M","R","?","R","BOSS","M","M","$","?","?","E","R","?","T","$","E"],"items_purchased_type":["Card","Card","Card","Card","Relic"],"build_version":"2020-12-22","purchased_purges":3,"victory":false,"max_hp_per_floor":[80,80,80,80,80,80,80,85,85,85,85,85,85,85,85,85,74,74,74,74,74,74,74,74,74,74,74,74,74],"card_choices":[{"not_picked":["Pommel Strike","Thunderclap","Clash"],"picked":"SKIP","floor":1.0},{"not_picked":["Sword Boomerang","Warcry"],"picked":"Perfected Strike","floor":4.0},{"not_picked":["Armaments","Sword Boomerang"],"picked":"Whirlwind","floor":6.0},{"not_picked":["Warcry","Reaper","Searing Blow"],"picked":"SKIP","floor":8.0},{"not_picked":["Heavy Blade","Burning Pact","Searing Blow"],"picked":"SKIP","floor":10.0},{"not_picked":["True Grit","Clash"],"picked":"Rampage","floor":11.0},{"not_picked":["Anger","Perfected Strike"],"picked":"Bomb","floor":12.0},{"not_picked":["Fiend Fire","Bludgeon"],"picked":"Juggernaut","floor":16.0},{"not_picked":["Warcry","Power Through","Wild Strike"],"picked":"SKIP","floor":18.0},{"not_picked":["Shockwave+1","Sword Boomerang+1"],"picked":"Rampage+1","floor":19},{"not_picked":["Body Slam","Thunderclap"],"picked":"Shrug It Off+1","floor":21},{"not_picked":["Heavy Blade","True Grit","Spot Weakness"],"picked":"SKIP","floor":23},{"not_picked":["Fire Breathing","Spot Weakness"],"picked":"Shrug It Off+1","floor":25}],"player_experience":75583,"relics_obtained":[{"floor":6.0,"key":"BookofShadows"},{"floor":8.0,"key":"TheBean"},{"floor":9.0,"key":"TheBible"},{"floor":21,"key":"Bottled Tornado"},{"floor":21,"key":"War Paint"},{"floor":23,"key":"Smiling Mask"}],"event_choices":[{"damage_healed":0.0,"max_hp_gain":0.0,"max_hp_loss":0.0,"gold_gain":0.0,"cards_transformed":["Strike_R"],"event_name":"Transmorgrifier","player_choice":"Transformed","floor":2.0,"gold_loss":0.0,"damage_taken":0.0,"cards_obtained":["Brutality"]},{"damage_healed":0.0,"max_hp_gain":0.0,"max_hp_loss":0.0,"gold_gain":0.0,"event_name":"Shining Light","player_choice":"Ignored","floor":3.0,"gold_loss":0.0,"damage_taken":0.0},{"damage_healed":0.0,"max_hp_gain":0.0,"max_hp_loss":0.0,"gold_gain":0.0,"event_name":"Liars Game","player_choice":"Ignored","floor":14.0,"gold_loss":0.0,"damage_taken":0.0},{"damage_healed":0,"gold_gain":0,"player_choice":"Fight","damage_taken":0,"max_hp_gain":0,"max_hp_loss":0,"event_name":"HidenRoomEvent","floor":21,"gold_loss":0}],"is_beta":false,"boss_relics":[{"not_picked":["Snecko Eye","Runic Cube"],"picked":"Runic Pyramid"},{"not_picked":[]}],"items_purged_floors":[17,20,27],"is_endless":false,"potions_floor_spawned":[4,6,8,16,18,23],"killed_by":"Slavers","ascension_level":3}}