{"host":"amnup8uv961nil3y","time":1611620210,"event":{"mods":["Act Like it!","Aspiration","BaseMod","Bestiary","Better Altar","Better Match","Better Sensory Stone","Better Synergies","Better Third Choice","Block Reminder","Challenge The Spire","Colored Map","Colored Powertips","Colorless Booster Pack","Conspire","DeckTracker","Disable Question Mark Monsters","Elementarium","Energized Spire","Evolution","GifTheSpireLib","Glutton Mod","Halation","HexUI Lib","Highlight Path","Hubris","Infinite Spire","Lotus Mark","Menagerie","Minty Spire (QoL Compilation)","Pale of the Ancients","Potion Indicator Mod","Quarter Circle Forward PUNCH!","Random Character Button","Relic Stats","Reliquary","Replay The Spire","Reworked Bosses","Shop Mod","Small Relic Pack","Spicy Shops","Spikes Relics","StSLib","Stuff the Spire","Swap Starting Deck Mod","The Jungle","Trackpad","Useless Jewels Mod","Wandering Minibosses"],"gold_per_floor":[119,135,135,168,194,235,263,263,263,263,297,297,366,9,9,162,162,223,223,148,20,81,81,111,193,220,220,263,325,351,381,381,498,498,533,533,533,552,587,631,631,681,681,681,681,681,691,645,645,693,693,708],"floor_reached":53,"language":"ENG","playtime":8077,"items_purged":["Shame"],"score":949,"play_id":"3e8b9a2d-d32d-4a41-9969-28b68637bca2","local_time":"20210126001650","is_ascension_mode":true,"campfire_choices":[{"data":"Glutton:PainMeditation","floor":8.0,"key":"SMITH"},{"floor":12.0,"key":"REST"},{"data":"Glutton:PainMeditation","floor":15.0,"key":"SMITH"},{"data":"Glutton:Treat","floor":23,"key":"SMITH"},{"floor":32,"key":"DIG"},{"data":"infinitespire:NeuralNetwork","floor":41,"key":"SMITH"},{"data":"Glutton:ToxicResidue","floor":49,"key":"SMITH"},{"floor":51,"key":"DIG"}],"circlet_count":0,"master_deck":["Glutton:GuardStance","Glutton:PainMeditation+1","Glutton:Devour","Glutton:GnawingHunger","Glutton:KneeJerk","Glutton:Demolish","Glutton:Thrombosis","Glutton:Demolish","Glutton:PainMeditation+1","Glutton:Feed","Glutton:Feed","Glutton:Mug","Glutton:Thrombosis","Glutton:KneeJerk","Glutton:GuardStance","Glutton:Treasure","Glutton:Brace","Good Instincts","Glutton:EatAlive","Forethought+1","Glutton:Treat+1","Glutton:Hemophilia","Glutton:ToxicResidue+1","infinitespire:NeuralNetwork+1","Glutton:Chomp","Glutton:ToxicResidue","Glutton:Rest+1","Glutton:SelfFlagellate+1","Glutton:Treat","Glutton:PainMeditation+1","Glutton:LashOut+1","Glutton:Slam+1","Glutton:Slam+1"],"relics":["Glutton:EternalHunger","EVO:Axolotl","StuffTheSpire:EmeraldSignet","hubris:SphereOfDissonance","Blood Vial","Orichalcum","reliquary:QuartzCube","halation:Prosthetics","trackpad:FieryHotPepper","infinitespire:Lucky Rock","Replay:Baseball","aspiration:VileToxins","StuffTheSpire:Gunfinga","Akabeko","halation:BottledLove","Elementarium:ElementariumTrophy","energizedSpire:OgreHead","Ring of Fury","Ring of Peace","Nunchaku","Chameleon Ring","Meat on the Bone","Molten Egg 2","halation:StarCompass","RoseTintedShades","qcfpunch:Not_Strongest_Fighting_Style_Guidebook"],"acts_visited":["Menagerie:Menagerie","Elementarium:Elementarium","TheBeyond"],"potions_floor_usage":[38,52,52,52],"damage_taken":[{"damage":19.0,"enemies":"Menagerie:2_RABBITS","floor":1.0,"turns":3.0},{"damage":20.0,"enemies":"Menagerie:StygianBoar","floor":2.0,"turns":3.0},{"damage":22.0,"enemies":"Menagerie:WhisperingWraith","floor":4.0,"turns":4.0},{"damage":14.0,"enemies":"Menagerie:STYGIAN_BOAR_AND_RABBIT","floor":5.0,"turns":2.0},{"damage":31.0,"enemies":"Menagerie:Hydra","floor":6.0,"turns":4.0},{"damage":22.0,"enemies":"Menagerie:BEAST_MAGE_AND_PROWLING_AMALGAM","floor":7.0,"turns":4.0},{"damage":36.0,"enemies":"Menagerie:VoidReaper","floor":11.0,"turns":3.0},{"damage":21.0,"enemies":"Menagerie:Hydra","floor":13.0,"turns":3.0},{"damage":31.0,"enemies":"Menagerie:AVATARS","floor":16.0,"turns":7.0},{"damage":18,"enemies":"Elementarium:MUD_AND_TAR_GOLEMS","floor":18,"turns":5},{"damage":18,"enemies":"Elementarium:VoidCorruption","floor":22,"turns":4},{"damage":22,"enemies":"Elementarium:3_ELEMENTALS","floor":24,"turns":5},{"damage":51,"enemies":"Elementarium:FIRE_NOBILITY","floor":25,"turns":8},{"damage":20,"enemies":"Elementarium:WarGolem","floor":28,"turns":4},{"damage":27,"enemies":"Elementarium:RubyGolem","floor":29,"turns":4},{"damage":17,"enemies":"Elementarium:CYCLONE_AND_LIVING_STORMCLOUD","floor":30,"turns":5},{"damage":23,"enemies":"Elementarium:3_ELEMENTALS","floor":31,"turns":6},{"damage":56,"enemies":"Elementarium:PHOENIXES","floor":33,"turns":9},{"damage":24,"enemies":"3 Darklings","floor":35,"turns":4},{"damage":0,"enemies":"Orb Walker","floor":38,"turns":1},{"damage":35,"enemies":"Maw","floor":39,"turns":4},{"damage":48,"enemies":"Reptomancer","floor":40,"turns":4},{"damage":28,"enemies":"R_Hoarder","floor":42,"turns":5},{"damage":42,"enemies":"Sphere and 2 Shapes","floor":47,"turns":5},{"damage":30,"enemies":"Giant Head","floor":50,"turns":4},{"damage":31,"enemies":"Time Eater","floor":52,"turns":4}],"seed_played":"-4444744676619396265","potions_obtained":[{"floor":4.0,"key":"Strength Potion"},{"floor":5.0,"key":"Energy Potion"},{"floor":11.0,"key":"Dexterity Potion"},{"floor":16.0,"key":"Explosive Potion"},{"floor":24,"key":"PowerPotion"},{"floor":33,"key":"LifebloodPotion"},{"floor":38,"key":"Strength Potion"},{"floor":47,"key":"Flashbang"}],"is_trial":false,"path_per_floor":["M","M","?","M","M","E","M","R","T","$","E","R","E","$","R","B",null,"M","?","?","$","M","R","M","E","T","AVR","E","M","M","M","R_BF","B",null,"M","?","AVR","M","M","E","R","E","T","PTL","PTL","?","M","$","R","E","R_BF","B",null],"character_chosen":"GLUTTON","items_purchased":["Good Instincts","reliquary:QuartzCube","Glutton:Treat","infinitespire:Lucky Rock","Glutton:Slam+1"],"campfire_rested":1,"item_purchase_floors":[14,14,21,21,48],"current_hp_per_floor":[58,52,65,60,52,47,53,53,53,53,34,76,79,79,79,82,115,121,121,121,121,118,118,141,131,131,131,147,143,149,177,177,171,215,224,224,224,237,248,230,230,233,233,233,233,233,269,269,269,292,292,283],"gold":708,"neow_bonus":"","is_daily":false,"chose_seed":false,"campfire_upgraded":5,"win_rate":0.0,"timestamp":1611620210,"path_taken":["M","M","?","M","M","E","M","R","T","?","E","R","E","$","R","BOSS","M","?","?","?","M","R","M","E","T","AVR","E","M","M","?","R_BF","BOSS","M","?","AVR","M","M","E","R","E","T","PTL","PTL","?","M","$","R","E","R_BF","BOSS"],"items_purchased_type":["Card","Relic","Card","Relic","Card"],"build_version":"2020-12-22","purchased_purges":1,"victory":true,"max_hp_per_floor":[123,126,126,129,132,135,138,138,138,138,141,141,144,144,144,150,115,122,122,122,122,132,132,145,148,148,148,163,170,183,197,197,215,215,234,234,234,237,258,265,265,278,278,278,278,278,296,296,296,324,324,328],"relic_stats":{"Blood Vial":31,"Nunchaku":[5],"counters":[26,114],"Orichalcum":[174],"obtain_stats":[{"qcfpunch:Not_Strongest_Fighting_Style_Guidebook":51,"RoseTintedShades":50,"StuffTheSpire:EmeraldSignet":6,"EVO:Axolotl":0,"halation:Prosthetics":17,"reliquary:QuartzCube":14,"halation:StarCompass":46,"Blood Vial":11,"StuffTheSpire:Gunfinga":27,"Nunchaku":37,"Chameleon Ring":40,"trackpad:FieryHotPepper":19,"Ring of Peace":36,"Glutton:EternalHunger":0,"aspiration:VileToxins":26,"halation:BottledLove":32,"hubris:SphereOfDissonance":9,"energizedSpire:OgreHead":34,"infinitespire:Lucky Rock":21,"Orichalcum":13,"Akabeko":28,"Replay:Baseball":25,"Elementarium:ElementariumTrophy":33,"Ring of Fury":36,"Molten Egg 2":43,"Meat on the Bone":42},{"qcfpunch:Not_Strongest_Fighting_Style_Guidebook":25,"RoseTintedShades":25,"StuffTheSpire:EmeraldSignet":5,"EVO:Axolotl":0,"halation:Prosthetics":9,"reliquary:QuartzCube":8,"halation:StarCompass":23,"Blood Vial":7,"StuffTheSpire:Gunfinga":13,"Nunchaku":19,"Chameleon Ring":22,"trackpad:FieryHotPepper":10,"Ring of Peace":19,"Glutton:EternalHunger":0,"aspiration:VileToxins":13,"halation:BottledLove":17,"hubris:SphereOfDissonance":6,"energizedSpire:OgreHead":18,"infinitespire:Lucky Rock":10,"Orichalcum":8,"Akabeko":14,"Replay:Baseball":13,"Elementarium:ElementariumTrophy":18,"Ring of Fury":19,"Molten Egg 2":23,"Meat on the Bone":23},{"qcfpunch:Not_Strongest_Fighting_Style_Guidebook":110,"RoseTintedShades":110,"StuffTheSpire:EmeraldSignet":16,"EVO:Axolotl":0,"halation:Prosthetics":33,"reliquary:QuartzCube":26,"halation:StarCompass":101,"Blood Vial":23,"StuffTheSpire:Gunfinga":55,"Nunchaku":87,"Chameleon Ring":96,"trackpad:FieryHotPepper":38,"Ring of Peace":87,"Glutton:EternalHunger":0,"aspiration:VileToxins":55,"halation:BottledLove":74,"hubris:SphereOfDissonance":20,"energizedSpire:OgreHead":83,"infinitespire:Lucky Rock":38,"Orichalcum":26,"Akabeko":59,"Replay:Baseball":55,"Elementarium:ElementariumTrophy":83,"Ring of Fury":87,"Molten Egg 2":101,"Meat on the Bone":101}],"Meat on the Bone":0},"card_choices":[{"not_picked":["Glutton:KneeJerk","Glutton:Thrombosis"],"picked":"Glutton:Feed","floor":1.0},{"not_picked":["Glutton:Tumor","Glutton:Tantrum"],"picked":"Glutton:Mug","floor":2.0},{"not_picked":["Glutton:Slam","Glutton:Salivate"],"picked":"Glutton:Thrombosis","floor":4.0},{"not_picked":["Glutton:LashOut","Glutton:Bite","Glutton:Brace"],"picked":"SKIP","floor":5.0},{"not_picked":["Glutton:Borborygmi","Glutton:Nostalgia"],"picked":"Glutton:KneeJerk","floor":6.0},{"not_picked":["Glutton:Torment","Glutton:Slam"],"picked":"Glutton:GuardStance","floor":7.0},{"not_picked":["Glutton:Scab","Glutton:KneeJerk"],"picked":"Glutton:Treasure","floor":11.0},{"not_picked":["Glutton:Slam","Glutton:Torment"],"picked":"Glutton:Brace","floor":13.0},{"not_picked":["Glutton:Retaliation","Glutton:FragileMight"],"picked":"Glutton:EatAlive","floor":16.0},{"not_picked":["Glutton:Rest","Glutton:Yearn","Glutton:Tumor"],"picked":"SKIP","floor":18},{"not_picked":["Bandage Up+1","Dramatic Entrance+1"],"picked":"Forethought+1","floor":20},{"not_picked":["Glutton:LashOut","Glutton:GuardStance+1"],"picked":"Glutton:Hemophilia","floor":22},{"not_picked":["Glutton:LashOut","Glutton:Overreach","Glutton:Fever+1"],"picked":"SKIP","floor":24},{"not_picked":["Glutton:Yearn","Glutton:GnawingHunger+1"],"picked":"Glutton:ToxicResidue","floor":25},{"not_picked":["Glutton:Delusion","Glutton:Autotomy+1"],"picked":"Glutton:Chomp","floor":28},{"not_picked":["Glutton:Revivification","Glutton:Borborygmi"],"picked":"Glutton:ToxicResidue","floor":29},{"not_picked":["Glutton:FeebleKick","Glutton:FeverVisions","Glutton:Yearn+1"],"picked":"SKIP","floor":30},{"not_picked":["Glutton:FeverVisions","Glutton:DistilledAgony+1","Glutton:Bite"],"picked":"SKIP","floor":31},{"not_picked":["Glutton:Treat+1","Glutton:Tantrum+1"],"picked":"Glutton:Rest+1","floor":35},{"not_picked":["Glutton:Salivate","Glutton:Yearn+1"],"picked":"Glutton:SelfFlagellate+1","floor":38},{"not_picked":["Glutton:GnawingHunger+1","Glutton:PainMeditation"],"picked":"Glutton:Treat","floor":39},{"not_picked":["Glutton:BellySlam","Glutton:Tumor","Glutton:Enfeeblement"],"picked":"SKIP","floor":40},{"not_picked":["Glutton:ObsessiveGreed","Glutton:Tumor"],"picked":"Glutton:PainMeditation+1","floor":42},{"not_picked":["Glutton:BloodyKnuckle+1","Glutton:FeverVisions+1"],"picked":"Glutton:LashOut+1","floor":47},{"not_picked":["Glutton:Treat","Glutton:FeebleKick+1"],"picked":"Glutton:Slam+1","floor":50}],"player_experience":382951,"relics_obtained":[{"floor":6.0,"key":"StuffTheSpire:EmeraldSignet"},{"floor":9.0,"key":"hubris:SphereOfDissonance"},{"floor":11.0,"key":"Blood Vial"},{"floor":13.0,"key":"Orichalcum"},{"floor":25,"key":"Replay:Baseball"},{"floor":26,"key":"aspiration:VileToxins"},{"floor":28,"key":"Akabeko"},{"floor":32,"key":"halation:BottledLove"},{"floor":36,"key":"Ring of Fury"},{"floor":36,"key":"Ring of Peace"},{"floor":40,"key":"Chameleon Ring"},{"floor":42,"key":"Meat on the Bone"},{"floor":43,"key":"Molten Egg 2"},{"floor":50,"key":"RoseTintedShades"},{"floor":51,"key":"qcfpunch:Not_Strongest_Fighting_Style_Guidebook"}],"event_choices":[{"damage_healed":0,"gold_gain":0,"player_choice":"Open","damage_taken":0,"relics_obtained":["trackpad:FieryHotPepper"],"max_hp_gain":0,"max_hp_loss":0,"event_name":"Elementarium:TarCoveredCasket","floor":19,"gold_loss":0,"cards_obtained":["Elementarium:StickyTar"]},{"damage_healed":0,"gold_gain":0,"player_choice":"2","damage_taken":0,"max_hp_gain":0,"max_hp_loss":0,"event_name":"betterMatch:BetterMatch","floor":20,"gold_loss":0,"cards_obtained":["betterMatch:ColorlessUncommonCard"]}],"is_beta":false,"boss_relics":[{"not_picked":["relicPack:StarArrow","hubris:BlackHole"],"picked":"halation:Prosthetics"},{"not_picked":["Snecko Eye","trackpad:Coffee"],"picked":"energizedSpire:OgreHead"}],"items_purged_floors":[37],"is_endless":false,"potions_floor_spawned":[4,5,11,16,22,24,33,38,39,47,50],"ascension_level":2}}