{"host":"4rvakrj1idbgia3f","time":1611651346,"event":{"mods":["BaseMod","Colored Map","Colored Powertips","DeckTracker","Highlight Path","Minty Spire (QoL Compilation)","Random Character Button","StSLib"],"gold_per_floor":[115,125,143,143,153,153,181,181,181,198,198,61,93,103,103,103,103],"floor_reached":16,"language":"JPN","playtime":1349,"items_purged":[],"score":224,"play_id":"e0297cbc-fc55-4445-8cfc-87ea71a1e9fe","local_time":"20210126175546","is_ascension_mode":true,"campfire_choices":[{"data":"Ball Lightning","floor":6,"key":"SMITH"},{"data":"Loop","floor":8,"key":"SMITH"},{"data":"Zap","floor":11,"key":"SMITH"},{"data":"Defragment","floor":15,"key":"SMITH"}],"circlet_count":0,"master_deck":["AscendersBane","Strike_B","Strike_B","Strike_B","Defend_B","Defend_B","Defend_B","Zap+1","Dualcast","Coolheaded","Ball Lightning+1","Aggregate","Go for the Eyes","Loop+1","Steam Power","Coolheaded","Storm","Defragment+1","Fission"],"relics":["Cracked Core","Kunai","HornCleat"],"acts_visited":["Exordium"],"potions_floor_usage":[13],"damage_taken":[{"damage":0,"enemies":"2 Louse","floor":1,"turns":3},{"damage":0,"enemies":"Small Slimes","floor":2,"turns":4},{"damage":0,"enemies":"Jaw Worm","floor":3,"turns":3},{"damage":5,"enemies":"Looter","floor":5,"turns":4},{"damage":13,"enemies":"Lagavulin","floor":7,"turns":6},{"damage":5,"enemies":"2 Fungi Beasts","floor":10,"turns":3},{"damage":9,"enemies":"Gremlin Nob","floor":13,"turns":3},{"damage":9,"enemies":"Red Slaver","floor":14,"turns":3},{"damage":28,"enemies":"Slime Boss","floor":16,"turns":9}],"seed_played":"-7163644995872600378","potions_obtained":[{"floor":3,"key":"FocusPotion"},{"floor":5,"key":"Fire Potion"},{"floor":14,"key":"SteroidPotion"}],"is_trial":false,"path_per_floor":["M","M","M","?","M","R","E","R","T","M","R","$","E","M","R","B"],"character_chosen":"DEFECT","items_purchased":["Coolheaded","Storm"],"campfire_rested":0,"item_purchase_floors":[12,12],"current_hp_per_floor":[64,64,64,64,59,59,46,46,46,41,41,41,32,23,23,0,0],"gold":103,"neow_bonus":"REMOVE_TWO","is_daily":false,"chose_seed":false,"campfire_upgraded":4,"win_rate":0.0,"timestamp":1611651346,"path_taken":["M","M","M","?","M","R","E","R","T","M","R","$","E","M","R","BOSS"],"items_purchased_type":["Card","Card"],"build_version":"2020-12-22","purchased_purges":0,"victory":false,"max_hp_per_floor":[64,64,64,64,64,64,64,64,64,64,64,64,64,64,64,64,64],"card_choices":[{"not_picked":["Undo","Cold Snap"],"picked":"Coolheaded","floor":1},{"not_picked":["Genetic Algorithm","Conserve Battery"],"picked":"Ball Lightning","floor":2},{"not_picked":["Heatsinks","Streamline"],"picked":"Aggregate","floor":3},{"not_picked":["Auto Shields","Turbo"],"picked":"Go for the Eyes","floor":5},{"not_picked":["Conserve Battery","Barrage"],"picked":"Loop","floor":7},{"not_picked":["Conserve Battery","Go for the Eyes"],"picked":"Steam Power","floor":10},{"not_picked":["Fusion","Turbo"],"picked":"Defragment","floor":13},{"not_picked":["Streamline","BootSequence"],"picked":"Fission","floor":14}],"player_experience":2120048,"relics_obtained":[{"floor":7,"key":"Kunai"},{"floor":13,"key":"HornCleat"}],"event_choices":[{"damage_healed":0,"gold_gain":0,"player_choice":"Ignored","damage_taken":0,"max_hp_gain":0,"max_hp_loss":0,"event_name":"Liars Game","floor":4,"gold_loss":0}],"is_beta":false,"boss_relics":[],"items_purged_floors":[],"is_endless":false,"potions_floor_spawned":[3,5,10,14],"killed_by":"Slime Boss","ascension_level":20}}