{"host":"hn99riirbf0lv0ml","time":1611700875,"event":{"mods":["AchievementEnabler","Act Like it!","Bard","BaseMod","Beaked The Cultist","Colored Map","Colored Powertips","Conspire","Curses Come First","Downfall","Duelist Mod","Friendly Minions","Gensokyo","GifTheSpireLib","Glutton Mod","Halation","Jorbs\u0027s Wanderer Trilogy","Mad Scientist","Marisa????????","Minty Spire (QoL Compilation)","Rare Cards Sparkle","Replay The Spire","StSLib","The Blackbeard","The Bug Knight","The Construct","The Cursed","The Disciple","The Mystic","The Runesmith","The Servant 0.9.4","The Witch"],"gold_per_floor":[119,119,119,139,3,36,36,63,63,63,63,88,102,119,119,119,119],"floor_reached":16,"language":"ENG","playtime":2360,"items_purged":[],"score":193,"play_id":"fb61fae0-a88e-49f7-923a-88fe0d5e7201","local_time":"20210126174115","is_ascension_mode":false,"campfire_choices":[{"floor":7,"key":"REST"},{"data":"ForgedInTime","floor":11,"key":"SMITH"},{"data":"Unruled","floor":15,"key":"SMITH"}],"circlet_count":0,"master_deck":["Strike_S","Strike_S","Strike_S","Defend_S","Defend_S","KidneyShot","Exchange","Misdirection","ForgedInTime+1","Defy","ReturningBlade","Sabotage","Unruled+1","Snipe"],"relics":["Uniform","NeowsBlessing","Sundial","MealTicket","Happy Flower","halation:KoshaPiece"],"acts_visited":["Gensokyo:Gensokyo"],"potions_floor_usage":[16,16,16],"damage_taken":[{"damage":0,"enemies":"Gensokyo:3_Fairies","floor":1,"turns":2},{"damage":0,"enemies":"Gensokyo:Gryphon","floor":4,"turns":1},{"damage":0,"enemies":"Gensokyo:Mamizou","floor":6,"turns":2},{"damage":0,"enemies":"Gensokyo:Aya","floor":8,"turns":7},{"damage":0,"enemies":"Gensokyo:Mamizou","floor":12,"turns":12},{"damage":3,"enemies":"Gensokyo:Python","floor":13,"turns":4},{"damage":0,"enemies":"Gensokyo:5_Fairies","floor":14,"turns":6},{"damage":67,"enemies":"Gensokyo:Reimu","floor":16,"turns":9}],"seed_played":"7282168521189935814","potions_obtained":[{"floor":8,"key":"LifebloodPotion"},{"floor":12,"key":"SkillPotion"},{"floor":13,"key":"hexamod:SoulburnPotion"}],"is_trial":false,"path_per_floor":["M","?","?","M","$","E","R","E","T","?","R","E","M","M","R","B"],"character_chosen":"THE_SERVANT","items_purchased":["ForgedInTime"],"campfire_rested":1,"item_purchase_floors":[5],"current_hp_per_floor":[65,65,39,39,39,39,58,58,58,58,58,58,55,55,55,0,0],"gold":119,"neow_bonus":"THREE_ENEMY_KILL","is_daily":false,"chose_seed":false,"campfire_upgraded":2,"win_rate":0.0,"timestamp":1611700875,"path_taken":["M","?","?","M","$","E","R","E","T","?","R","E","M","M","R","BOSS"],"items_purchased_type":["Card"],"build_version":"2020-12-22","purchased_purges":0,"victory":false,"max_hp_per_floor":[65,65,65,65,65,65,65,65,65,65,65,65,65,65,65,65,65],"card_choices":[{"not_picked":["Advance","Comet"],"picked":"Gouge","floor":1},{"not_picked":["FanOfKnives","Defy"],"picked":"Misdirection","floor":4},{"not_picked":["DualDimension","Alleviate"],"picked":"Defy","floor":6},{"not_picked":["LightFlow","Alleviate"],"picked":"ReturningBlade","floor":8},{"not_picked":["BottledTime","Spin"],"picked":"Sabotage","floor":12},{"not_picked":["Alleviate","TimeWarp"],"picked":"Unruled","floor":13},{"not_picked":["Read","Potential"],"picked":"Snipe","floor":14}],"player_experience":242601,"relics_obtained":[{"floor":6,"key":"Sundial"},{"floor":8,"key":"MealTicket"},{"floor":12,"key":"halation:KoshaPiece"}],"event_choices":[{"damage_healed":0,"gold_gain":0,"player_choice":"Leave","damage_taken":0,"max_hp_gain":0,"max_hp_loss":0,"event_name":"conspire:Investor","floor":2,"gold_loss":0}],"is_beta":false,"boss_relics":[],"items_purged_floors":[],"is_endless":false,"potions_floor_spawned":[8,12,13],"killed_by":"Gensokyo:Reimu","ascension_level":0}}