{"host":"4krn2igabd8jt2kc","time":1611705383,"event":{"mods":["AchievementEnabler","BaseMod","Colored Map","Colored Powertips","Highlight Path","Minty Spire (QoL Compilation)"],"gold_per_floor":[210,31,206,220,220,246,246,246,246,261,261,19,37,56,56,128,128,142,156,156,156,174,200,200,213,265,279,194,194,204,16,16,93,93,128,128,1127,1127,1174,1174,1174],"floor_reached":40,"language":"ENG","playtime":7405,"items_purged":["Doubt"],"score":695,"play_id":"991fb9d9-acca-46f6-8916-bd5cf011e57b","local_time":"20210126185623","is_ascension_mode":true,"campfire_choices":[{"floor":7,"key":"REST"},{"floor":11,"key":"REST"},{"floor":15,"key":"REST"},{"data":"CrushJoints","floor":24,"key":"SMITH"},{"data":"Eruption","floor":29,"key":"SMITH"},{"data":"Adaptation","floor":32,"key":"SMITH"}],"circlet_count":0,"master_deck":["AscendersBane","Strike_P","Strike_P","Strike_P","Defend_P","Defend_P","Defend_P","Eruption+1","Vigilance","EmptyBody","MentalFortress","ClearTheMind","Vengeance","BowlingBash","CrushJoints+1","EmptyFist","FearNoEvil","Devotion","EmptyMind","WaveOfTheHand","Devotion","ForeignInfluence","SpiritShield","Protect","WaveOfTheHand+1","Adaptation+1","SandsOfTime","DeceiveReality","Wish+1","PathToVictory+1","Writhe","Normality","Normality"],"relics":["PureWater","Frozen Eye","CloakClasp","Dream Catcher","Matryoshka","Coffee Dripper","CultistMask","Blood Vial","Meat on the Bone","Centennial Puzzle","HornCleat","Black Star"],"acts_visited":["Exordium","TheCity","TheBeyond"],"potions_floor_usage":[6,10,16,16,19,27,27,30,33,35],"damage_taken":[{"damage":0,"enemies":"Cultist","floor":1,"turns":4},{"damage":0,"enemies":"2 Louse","floor":4,"turns":5},{"damage":50,"enemies":"3 Sentries","floor":6,"turns":18},{"damage":10,"enemies":"Small Slimes","floor":10,"turns":4},{"damage":1,"enemies":"Blue Slaver","floor":13,"turns":3},{"damage":6,"enemies":"Red Slaver","floor":14,"turns":2},{"damage":22,"enemies":"Hexaghost","floor":16,"turns":9},{"damage":8,"enemies":"2 Thieves","floor":18,"turns":4},{"damage":35,"enemies":"Spheric Guardian","floor":19,"turns":6},{"damage":4,"enemies":"Centurion and Healer","floor":22,"turns":7},{"damage":18,"enemies":"Gremlin Leader","floor":23,"turns":6},{"damage":2,"enemies":"3 Cultists","floor":25,"turns":6},{"damage":0,"enemies":"Snake Plant","floor":27,"turns":3},{"damage":3,"enemies":"Snecko","floor":30,"turns":7},{"damage":11,"enemies":"Champ","floor":33,"turns":8},{"damage":24,"enemies":"3 Darklings","floor":35,"turns":7},{"damage":6,"enemies":"3 Shapes","floor":39,"turns":8},{"damage":64,"enemies":"Reptomancer","floor":40,"turns":6}],"seed_played":"1953740844796879434","potions_obtained":[{"floor":1,"key":"EssenceOfSteel"},{"floor":6,"key":"DistilledChaos"},{"floor":14,"key":"LiquidMemories"},{"floor":16,"key":"SneckoOil"},{"floor":18,"key":"SkillPotion"},{"floor":25,"key":"LiquidMemories"},{"floor":27,"key":"SpeedPotion"},{"floor":33,"key":"GamblersBrew"},{"floor":39,"key":"BlessingOfTheForge"}],"is_trial":false,"path_per_floor":["M","$","?","M","?","E","R","?","T","M","R","$","M","M","R","B",null,"M","M","?","?","M","E","R","M","T","M","?","R","M","$","R","B",null,"M","?","?","?","M","E"],"character_chosen":"WATCHER","items_purchased":["MentalFortress","Frozen Eye","EmptyFist","FearNoEvil","Dexterity Potion","SandsOfTime","Fire Potion","DeceiveReality"],"campfire_rested":3,"item_purchase_floors":[2,2,12,12,12,31,31,31],"current_hp_per_floor":[65,65,65,65,70,20,43,25,25,15,38,38,37,31,54,32,66,58,23,23,23,19,1,1,1,1,15,15,15,26,26,26,29,65,43,62,62,62,58,0,0],"gold":1174,"neow_bonus":"HUNDRED_GOLD","is_daily":false,"chose_seed":false,"campfire_upgraded":3,"win_rate":0.0,"timestamp":1611705383,"path_taken":["M","$","?","M","?","E","R","?","T","M","R","?","M","?","R","BOSS","M","M","?","?","M","E","R","M","T","?","?","R","M","$","R","BOSS","M","?","?","?","M","E"],"items_purchased_type":["Card","Relic","Card","Card","Potion","Card","Potion","Card"],"build_version":"2020-12-22","purchased_purges":1,"victory":false,"max_hp_per_floor":[72,72,72,72,77,77,77,77,77,77,77,77,77,77,77,77,77,77,77,77,77,77,77,77,77,77,77,77,77,77,77,77,77,77,77,77,77,77,77,77,77],"card_choices":[{"not_picked":["Collect","SashWhip"],"picked":"EmptyBody","floor":1},{"not_picked":["CutThroughFate","LikeWater"],"picked":"ClearTheMind","floor":4},{"not_picked":["ClearTheMind","Protect"],"picked":"Vengeance","floor":6},{"not_picked":["Consecrate","EmptyBody"],"picked":"BowlingBash","floor":10},{"not_picked":["Evaluate","Weave"],"picked":"CrushJoints","floor":11},{"not_picked":["ThirdEye","FollowUp"],"picked":"Devotion","floor":13},{"not_picked":["SashWhip","SignatureMove"],"picked":"EmptyMind","floor":14},{"not_picked":["WreathOfFlame","ClearTheMind"],"picked":"WaveOfTheHand","floor":15},{"not_picked":["DeusExMachina","Blasphemy"],"picked":"Devotion","floor":16},{"not_picked":["ThirdEye+1","Collect","Vengeance"],"picked":"SKIP","floor":18},{"not_picked":["Consecrate","InnerPeace","SandsOfTime"],"picked":"SKIP","floor":19},{"not_picked":["BowlingBash","Wireheading","CrushJoints"],"picked":"SKIP","floor":22},{"not_picked":["Perseverance","FearNoEvil"],"picked":"Protect","floor":23},{"not_picked":["EmptyMind","PathToVictory","Evaluate"],"picked":"SKIP","floor":25},{"not_picked":["Halt","Nirvana"],"picked":"WaveOfTheHand+1","floor":27},{"not_picked":["SashWhip","Crescendo"],"picked":"Adaptation","floor":30},{"not_picked":["LessonLearned","MasterReality"],"picked":"Wish","floor":33},{"not_picked":["ThirdEye","Prostrate+1"],"picked":"PathToVictory+1","floor":35},{"not_picked":["Pray","EmptyBody","BowlingBash"],"picked":"SKIP","floor":39}],"player_experience":252749,"relics_obtained":[{"floor":6,"key":"CloakClasp"},{"floor":9,"key":"Matryoshka"},{"floor":23,"key":"Blood Vial"},{"floor":26,"key":"Meat on the Bone"},{"floor":26,"key":"Centennial Puzzle"}],"event_choices":[{"damage_healed":0,"gold_gain":175,"player_choice":"AGREE","damage_taken":0,"max_hp_gain":0,"max_hp_loss":0,"event_name":"Liars Game","floor":3,"gold_loss":0,"cards_obtained":["Doubt"]},{"damage_healed":0,"gold_gain":0,"player_choice":"Donut","damage_taken":0,"max_hp_gain":5,"max_hp_loss":0,"event_name":"Big Fish","floor":5,"gold_loss":0},{"damage_healed":0,"gold_gain":0,"player_choice":"Success","damage_taken":18,"relics_obtained":["Dream Catcher"],"max_hp_gain":0,"max_hp_loss":0,"event_name":"Scrap Ooze","floor":8,"gold_loss":0},{"damage_healed":0,"gold_gain":0,"cards_transformed":["Defend_P","Strike_P"],"player_choice":"Became Test Subject","damage_taken":0,"max_hp_gain":0,"max_hp_loss":0,"event_name":"Drug Dealer","floor":20,"gold_loss":0,"cards_obtained":["ForeignInfluence","SpiritShield"]},{"damage_healed":0,"gold_gain":0,"player_choice":"Trade","damage_taken":0,"relics_obtained":["CultistMask"],"max_hp_gain":0,"max_hp_loss":0,"event_name":"FaceTrader","floor":21,"gold_loss":0},{"damage_healed":0,"gold_gain":0,"player_choice":"Obtained Relic","damage_taken":0,"relics_obtained":["HornCleat"],"max_hp_gain":0,"max_hp_loss":0,"event_name":"Addict","floor":28,"gold_loss":85},{"damage_healed":19,"gold_gain":0,"player_choice":"Writhe","damage_taken":0,"max_hp_gain":0,"max_hp_loss":0,"event_name":"Winding Halls","floor":36,"gold_loss":0,"cards_obtained":["Writhe"]},{"damage_healed":0,"gold_gain":999,"player_choice":"Gold","damage_taken":0,"max_hp_gain":0,"max_hp_loss":0,"event_name":"MindBloom","floor":37,"gold_loss":0,"cards_obtained":["Normality","Normality"]},{"damage_healed":0,"gold_gain":0,"player_choice":"Forge","damage_taken":0,"max_hp_gain":0,"max_hp_loss":0,"event_name":"Accursed Blacksmith","floor":38,"gold_loss":0,"cards_upgraded":["Wish"]}],"is_beta":false,"boss_relics":[{"not_picked":["Runic Dome","VioletLotus"],"picked":"Coffee Dripper"},{"not_picked":["Empty Cage","Snecko Eye"],"picked":"Black Star"}],"items_purged_floors":[12],"is_endless":false,"potions_floor_spawned":[1,6,14,16,18,25,27,33,39],"killed_by":"Reptomancer","ascension_level":13}}