{"host":"qy7jow5usmjkdnnq","time":1611701428,"event":{"mods":["BaseMod","Colored Map","Downfall","Minty Spire (QoL Compilation)","Permanent Neow","Relic Stats","StSLib"],"gold_per_floor":[349,366,381,556,556,573,596,496,515,548,72,86,97,129,139,241,241,141,141,157,167,179,64,90,100,0,30,30,65,84,101,118,222,222,222,175,185,199,210,238,238,273,289,289,317,371,399,412,432,432,432,457,7,7,7,7],"floor_reached":57,"language":"ENG","playtime":6476,"items_purged":["Slimebound:Strike_Slimebound","Slimebound:Strike_Slimebound","Slimebound:Strike_Slimebound","Slimebound:Defend_Slimebound"],"score":1867,"play_id":"ea182447-3ee0-417b-bdae-9a8083d47918","local_time":"20210126235028","is_ascension_mode":true,"campfire_choices":[{"floor":1,"key":"RECALL"},{"data":"Slimebound:GoopTackle","floor":8,"key":"SMITH"},{"data":"Slimebound:GoopSpray","floor":18,"key":"SMITH"},{"data":"Slimebound:CorrosiveSpit","floor":26,"key":"SMITH"},{"data":"Slimebound:FlameTackle","floor":28,"key":"SMITH"},{"data":"Slimebound:CheckThePlaybook","floor":35,"key":"SMITH"},{"data":"Slimebound:FlameTackle","floor":44,"key":"SMITH"},{"data":"Sadistic Nature","floor":54,"key":"SMITH"}],"circlet_count":0,"master_deck":["Slimebound:Tackle","Slimebound:Defend_Slimebound","Slimebound:Defend_Slimebound","Slimebound:Defend_Slimebound+1","Slimebound:Split+1","Slimebound:CorrosiveSpit+1","Slimebound:SplitLeeching","Slimebound:Dissolve","Slimebound:GoopTackle+1","Slimebound:FlameTackle+1","Slimebound:RollThrough+1","Slimebound:FinishingTackle","Slimebound:FlameTackle+1","Slimebound:Recollect","Slimebound:ServeAndProtect","Slimebound:GoopSpray+1","Slimebound:CheckThePlaybook+1","Slimebound:SplitMire+1","Slimebound:Prepare","Slimebound:RollThrough+1","Slimebound:Recollect+1","Slimebound:Prepare+1","Slimebound:Repurpose+1","Slimebound:LeadByExample+1","Slimebound:BestDefense+1","Slimebound:SamplingLick+1","Slimebound:OneTwoCombo+1","Sadistic Nature+1"],"relics":["Slimebound:AbsorbEndCombat","Lantern","downfall:HeartBlessingRed","Strange Spoon","FossilizedHelix","Coffee Dripper","downfall:HeartBlessingGreen","Nloth\u0027s Gift","downfall:HeartBlessingBlue","bronze:BronzeIdol","Bag of Marbles","sneckomod:SneckoTalon","Singing Bowl","Pocketwatch","Bronze Scales","hexamod:BolsterEngine","Bag of Preparation","Incense Burner","champ:DuelingGlove","Whetstone","Membership Card","Toy Ornithopter"],"acts_visited":["Exordium","TheCity","TheBeyond","TheEnding"],"potions_floor_usage":[13,50,52,56,56],"damage_taken":[{"damage":0,"enemies":"2 Louse","floor":2,"turns":3},{"damage":2,"enemies":"Jaw Worm","floor":3,"turns":4},{"damage":0,"enemies":"Cultist","floor":6,"turns":3},{"damage":3,"enemies":"Gremlin Gang","floor":9,"turns":5},{"damage":12,"enemies":"Lagavulin","floor":10,"turns":7},{"damage":4,"enemies":"downfall:FleeingMerchant","floor":11,"turns":4},{"damage":11,"enemies":"Blue Slaver","floor":12,"turns":4},{"damage":0,"enemies":"Exordium Wildlife","floor":13,"turns":3},{"damage":6,"enemies":"3 Sentries","floor":14,"turns":8},{"damage":0,"enemies":"3 Louse","floor":15,"turns":2},{"damage":53,"enemies":"WA_ARCHETYPE_RETAIN","floor":16,"turns":7},{"damage":0,"enemies":"Chosen","floor":20,"turns":3},{"damage":0,"enemies":"3 Byrds","floor":21,"turns":5},{"damage":0,"enemies":"Sentry and Sphere","floor":22,"turns":3},{"damage":0,"enemies":"downfall:FleeingMerchant","floor":23,"turns":4},{"damage":16,"enemies":"Snake Plant","floor":25,"turns":3},{"damage":0,"enemies":"Slavers","floor":27,"turns":4},{"damage":0,"enemies":"Gremlin Leader","floor":29,"turns":4},{"damage":0,"enemies":"Centurion and Healer","floor":30,"turns":5},{"damage":0,"enemies":"Snecko","floor":31,"turns":2},{"damage":0,"enemies":"Shelled Parasite and Fungi","floor":32,"turns":3},{"damage":49,"enemies":"DF_ARCHETYPE_CLAW","floor":33,"turns":6},{"damage":0,"enemies":"downfall:FleeingMerchant","floor":36,"turns":1},{"damage":0,"enemies":"Orb Walker","floor":37,"turns":2},{"damage":0,"enemies":"3 Darklings","floor":38,"turns":3},{"damage":0,"enemies":"Writhing Mass","floor":39,"turns":5},{"damage":9,"enemies":"Reptomancer","floor":40,"turns":4},{"damage":0,"enemies":"Giant Head","floor":42,"turns":5},{"damage":0,"enemies":"4 Shapes","floor":43,"turns":3},{"damage":0,"enemies":"Nemesis","floor":45,"turns":3},{"damage":0,"enemies":"2 Orb Walkers","floor":46,"turns":3},{"damage":0,"enemies":"Giant Head","floor":47,"turns":6},{"damage":0,"enemies":"3 Darklings","floor":48,"turns":3},{"damage":0,"enemies":"Maw","floor":49,"turns":5},{"damage":0,"enemies":"IC_BLOCK_ARCHETYPE","floor":50,"turns":6},{"damage":0,"enemies":"downfall:CharBossMerchant","floor":52,"turns":6},{"damage":0,"enemies":"downfall:NeowBoss","floor":55,"turns":12},{"damage":78,"enemies":"downfall:NeowBossFinal","floor":56,"turns":6}],"seed_played":"9072563716214227895","potions_obtained":[{"floor":9,"key":"Block Potion"},{"floor":12,"key":"Guardian:BlockOnCardUsePotion"},{"floor":13,"key":"CultistPotion"},{"floor":15,"key":"PowerPotion"},{"floor":22,"key":"Strength Potion"},{"floor":29,"key":"LiquidMemories"},{"floor":52,"key":"Slimebound:SlimedPotion"}],"is_trial":false,"path_per_floor":["R","M","M","?","?","M","T","R","M","E","$","M","M","E","M","B",null,"R","?","M","M","M","$","T","M","R","E","R","E","M","M","M","B",null,"R","$","M","M","M","E","T","E","M","R","E","?","E","M","M","B",null,"E","$","R","B","B",null],"character_chosen":"SLIMEBOUND","items_purchased":["Slimebound:FlameTackle","Strange Spoon","Slimebound:Recollect","Fruit Juice","Singing Bowl","Membership Card","Sadistic Nature","FairyPotion","Toy Ornithopter"],"campfire_rested":0,"item_purchase_floors":[11,11,11,11,36,53,53,53,53],"current_hp_per_floor":[59,59,59,59,59,59,59,59,59,49,53,46,57,57,63,17,52,52,52,54,62,64,64,64,54,64,72,72,74,74,74,74,25,62,62,62,66,76,78,77,77,82,84,84,86,86,86,88,90,90,90,90,90,90,90,19],"gold":7,"neow_bonus":"TWO_FIFTY_GOLD","is_daily":false,"chose_seed":false,"campfire_upgraded":7,"win_rate":0.0,"timestamp":1611701428,"path_taken":["R","M","M","?","?","M","T","R","M","E","$","M","M","E","M","BOSS","R","?","M","?","?","$","T","M","R","E","R","E","M","?","M","BOSS","R","$","?","M","M","E","T","E","M","R","E","?","E","M","M","BOSS","E","$","R","BOSS","BOSS"],"items_purchased_type":["Card","Relic","Card","Potion","Relic","Relic","Card","Potion","Relic"],"build_version":"2020-12-22","purchased_purges":4,"victory":true,"max_hp_per_floor":[59,59,59,59,59,59,59,59,59,59,59,59,64,64,64,64,64,64,64,64,64,64,64,64,64,74,74,74,74,74,74,74,74,74,74,74,74,76,78,80,80,82,84,84,86,86,86,88,90,90,90,90,90,90,90,90],"relic_stats":{"Strange Spoon":[131],"Singing Bowl":16,"counters":[38,165],"Bronze Scales":[84],"Nloth\u0027s Gift":5,"Bag of Preparation":[16],"Whetstone":["Slimebound:RollThrough","Slimebound:OneTwoCombo"],"obtain_stats":[{"champ:DuelingGlove":47,"Lantern":7,"downfall:HeartBlessingRed":8,"Singing Bowl":36,"downfall:HeartBlessingGreen":18,"Bag of Preparation":45,"Incense Burner":46,"Whetstone":52,"War Paint":10,"sneckomod:SneckoTalon":34,"bronze:BronzeIdol":27,"Strange Spoon":11,"downfall:HeartBlessingBlue":26,"Bronze Scales":41,"Slimebound:AbsorbEndCombat":0,"Coffee Dripper":17,"Nloth\u0027s Gift":19,"Bag of Marbles":29,"Membership Card":53,"hexamod:BolsterEngine":42,"FossilizedHelix":14,"Toy Ornithopter":53,"Pocketwatch":40},{"champ:DuelingGlove":32,"Lantern":3,"downfall:HeartBlessingRed":3,"Singing Bowl":23,"downfall:HeartBlessingGreen":11,"Bag of Preparation":30,"Incense Burner":31,"Whetstone":36,"War Paint":5,"sneckomod:SneckoTalon":22,"bronze:BronzeIdol":17,"Strange Spoon":6,"downfall:HeartBlessingBlue":16,"Bronze Scales":27,"Slimebound:AbsorbEndCombat":0,"Coffee Dripper":11,"Nloth\u0027s Gift":11,"Bag of Marbles":18,"Membership Card":36,"hexamod:BolsterEngine":28,"FossilizedHelix":9,"Toy Ornithopter":36,"Pocketwatch":27},{"champ:DuelingGlove":127,"Lantern":10,"downfall:HeartBlessingRed":10,"Singing Bowl":93,"downfall:HeartBlessingGreen":50,"Bag of Preparation":118,"Incense Burner":121,"Whetstone":147,"War Paint":22,"sneckomod:SneckoTalon":92,"bronze:BronzeIdol":72,"Strange Spoon":26,"downfall:HeartBlessingBlue":68,"Bronze Scales":107,"Slimebound:AbsorbEndCombat":0,"Coffee Dripper":50,"Nloth\u0027s Gift":50,"Bag of Marbles":76,"Membership Card":147,"hexamod:BolsterEngine":112,"FossilizedHelix":41,"Toy Ornithopter":147,"Pocketwatch":107}],"Toy Ornithopter":5,"Pocketwatch":[18]},"card_choices":[{"not_picked":["Slimebound:RollThrough","Slimebound:RejuvenatingLick"],"picked":"Slimebound:SplitLeeching","floor":2},{"not_picked":["Slimebound:PressTheAttack","Slimebound:ViciousTackle"],"picked":"Slimebound:Dissolve","floor":3},{"not_picked":["Slimebound:SlimeSpikes","Slimebound:SplitLeeching"],"picked":"Slimebound:GoopTackle","floor":6},{"not_picked":["Slimebound:FinishingTackle","Slimebound:GoopSpray"],"picked":"Slimebound:FlameTackle","floor":9},{"not_picked":["Slimebound:HauntingLick","Slimebound:PressTheAttack"],"picked":"Slimebound:RollThrough","floor":10},{"not_picked":["Slimebound:ComboTackle","Slimebound:TongueLash"],"picked":"Slimebound:FinishingTackle","floor":11},{"not_picked":["Slimebound:LeechingTouch","Slimebound:Schlurp"],"picked":"Slimebound:ServeAndProtect","floor":12},{"not_picked":["Slimebound:SamplingLick","Slimebound:Equalize"],"picked":"Slimebound:GoopSpray","floor":13},{"not_picked":["Slimebound:LeechingTouch","Slimebound:DouseInSlime","Slimebound:GoopTackle"],"picked":"SKIP","floor":14},{"not_picked":["Slimebound:Schlurp","Slimebound:DivideAndConquer","Slimebound:PressTheAttack"],"picked":"SKIP","floor":15},{"not_picked":["Slimebound:LeechLife","Slimebound:DouseInSlime"],"picked":"Slimebound:CheckThePlaybook","floor":16},{"not_picked":["Slimebound:ServeAndProtect","Slimebound:Replication"],"picked":"Slimebound:SplitMire+1","floor":20},{"not_picked":["Slimebound:ComboTackle","Slimebound:SplitMire","Slimebound:SlimeTap"],"picked":"SKIP","floor":21},{"not_picked":["Slimebound:ItLooksTasty","Slimebound:LeechEnergy+1"],"picked":"Slimebound:Prepare","floor":22},{"not_picked":["Slimebound:SplitAcid","Slimebound:SplitBruiser"],"picked":"Slimebound:RollThrough+1","floor":23},{"not_picked":["Slimebound:PressTheAttack","Slimebound:SlimeTap"],"picked":"Slimebound:Recollect+1","floor":25},{"not_picked":["Slimebound:OneTwoCombo","Slimebound:LeechingTouch"],"picked":"Slimebound:Prepare+1","floor":27},{"not_picked":["Slimebound:LeechEnergy+1","Slimebound:Grow","Slimebound:SlimeSlap"],"picked":"SKIP","floor":29},{"not_picked":["Slimebound:SplitLeeching","Slimebound:MegaLick"],"picked":"Slimebound:Repurpose+1","floor":30},{"not_picked":["Slimebound:GoopTackle","Slimebound:ItLooksTasty","Slimebound:GoopSpray"],"picked":"SKIP","floor":31},{"not_picked":["Slimebound:FinishingTackle","Slimebound:MassFeed","Slimebound:HauntingLick"],"picked":"SKIP","floor":32},{"not_picked":["Slimebound:GrowthPunch","Slimebound:ForwardTackle","Slimebound:Dissolve+1"],"picked":"SKIP","floor":36},{"not_picked":["Slimebound:ComboTackle+1","Slimebound:PressTheAttack+1"],"picked":"Slimebound:LeadByExample+1","floor":37},{"not_picked":["Slimebound:SplitBruiser","Slimebound:SlimeBrawl","Slimebound:ComboTackle+1"],"picked":"Singing Bowl","floor":38},{"not_picked":["Slimebound:GrowthPunch+1","Slimebound:LevelUp","Slimebound:GoopTackle+1"],"picked":"Singing Bowl","floor":39},{"not_picked":["Slimebound:Schlurp+1","Slimebound:HungryTackle+1","Slimebound:FormOfPuddle"],"picked":"Singing Bowl","floor":40},{"not_picked":["Slimebound:LeechingTouch+1","Slimebound:SplitSpecialist","Slimebound:FirmFortitude"],"picked":"Singing Bowl","floor":42},{"not_picked":["Slimebound:Schlurp","Slimebound:SplitAcid+1","Slimebound:Gluttony"],"picked":"Singing Bowl","floor":43},{"not_picked":["Slimebound:RollThrough","Slimebound:SamplingLick","Slimebound:Replication"],"picked":"Singing Bowl","floor":45},{"not_picked":["Slimebound:RollThrough","Slimebound:HungryTackle+1"],"picked":"Slimebound:BestDefense+1","floor":46},{"not_picked":["Slimebound:RollThrough+1","Slimebound:LeechLife"],"picked":"Slimebound:SamplingLick+1","floor":47},{"not_picked":["Slimebound:FormOfPuddle+1","Slimebound:Prepare","Slimebound:AcidTongue+1"],"picked":"Singing Bowl","floor":48},{"not_picked":["Slimebound:GoopSpray+1","Slimebound:LivingWall","Slimebound:LeechingTouch"],"picked":"Singing Bowl","floor":49},{"not_picked":["Slimebound:Replication","Slimebound:MegaLick"],"picked":"Slimebound:OneTwoCombo","floor":52}],"player_experience":666702,"relics_obtained":[{"floor":7,"key":"Lantern"},{"floor":10,"key":"War Paint"},{"floor":14,"key":"FossilizedHelix"},{"floor":27,"key":"bronze:BronzeIdol"},{"floor":29,"key":"Bag of Marbles"},{"floor":40,"key":"Pocketwatch"},{"floor":41,"key":"Bronze Scales"},{"floor":42,"key":"hexamod:BolsterEngine"},{"floor":45,"key":"Bag of Preparation"},{"floor":46,"key":"Incense Burner"},{"floor":47,"key":"champ:DuelingGlove"},{"floor":52,"key":"Whetstone"}],"event_choices":[{"cards_removed":["Doubt"],"damage_healed":0,"gold_gain":0,"player_choice":"Card Removal","damage_taken":0,"max_hp_gain":0,"max_hp_loss":0,"event_name":"The Cleric","floor":5,"gold_loss":0},{"damage_healed":0,"gold_gain":0,"player_choice":"Fight","damage_taken":0,"max_hp_gain":0,"max_hp_loss":0,"event_name":"Mysterious Sphere","floor":46,"gold_loss":0}],"is_beta":false,"boss_relics":[{"not_picked":["Calling Bell","Fusion Hammer"],"picked":"Coffee Dripper"},{"not_picked":["Cursed Key","SlaversCollar"],"picked":"sneckomod:SneckoTalon"}],"items_purged_floors":[11,23,36,53],"is_endless":false,"potions_floor_spawned":[9,12,13,14,15,16,21,22,29,30,32,38,39,40,45,47,48,52],"ascension_level":6}}