{"host":"kw4o7b3ro2ktmmbe","time":1611660912,"event":{"mods":["BaseMod","Evolution","Minty Spire (QoL Compilation)","StSLib","The Druid"],"gold_per_floor":[110,124,135,210,210,210,210,224,294,309,309,325,325,340,340,443,443,460,460,460,443,453,453,463,463,463,480,680,707,707,739,739,835,835,853,853,853,705,729,729,729],"floor_reached":40,"language":"ENG","playtime":3085,"items_purged":[],"score":634,"play_id":"9ff2de8a-66be-41cb-ac73-37455992e658","local_time":"20210127003512","is_ascension_mode":true,"campfire_choices":[{"data":"theDruid:BriarArmor","floor":6.0,"key":"SMITH"},{"data":"theDruid:Resourcefulness","floor":11.0,"key":"SMITH"},{"data":"theDruid:ApexPredator","floor":13.0,"key":"SMITH"},{"data":"theDruid:Mutilate","floor":15.0,"key":"SMITH"},{"data":"theDruid:WildSlash","floor":23.0,"key":"SMITH"},{"floor":25.0,"key":"REST"},{"data":"theDruid:SerratedFlesh","floor":32.0,"key":"SMITH"}],"circlet_count":0,"master_deck":["theDruid:IronClaw","theDruid:IronClaw","theDruid:IronClaw","theDruid:IronClaw","theDruid:ThickHide+1","theDruid:BriarArmor+1","theDruid:WildSlash+1","theDruid:Resourcefulness+1","theDruid:Mutilate+1","theDruid:ApexPredator+1","theDruid:WildFrenzy","theDruid:Guidance+1","theDruid:BackupSupplies+1","theDruid:SerratedFlesh+1","theDruid:SurvivalInstincts","Madness","Madness+1"],"relics":["theDruid:CrownOfTheWilds","EVO:Axolotl","Singing Bowl","SlaversCollar","Meat on the Bone","Juzu Bracelet","Toy Ornithopter","Busted Crown","Centennial Puzzle","War Paint"],"acts_visited":["Exordium","TheCity","TheBeyond"],"potions_floor_usage":[40],"damage_taken":[{"damage":0.0,"enemies":"Small Slimes","floor":1.0,"turns":4.0},{"damage":1.0,"enemies":"2 Louse","floor":2.0,"turns":3.0},{"damage":0.0,"enemies":"Cultist","floor":3.0,"turns":3.0},{"damage":0.0,"enemies":"Exordium Wildlife","floor":8.0,"turns":4.0},{"damage":0.0,"enemies":"Large Slime","floor":10.0,"turns":5.0},{"damage":1.0,"enemies":"Red Slaver","floor":12.0,"turns":4.0},{"damage":2.0,"enemies":"Gremlin Gang","floor":14.0,"turns":5.0},{"damage":0.0,"enemies":"The Guardian","floor":16.0,"turns":10.0},{"damage":14.0,"enemies":"Shell Parasite","floor":18.0,"turns":5.0},{"damage":26.0,"enemies":"2 Thieves","floor":21.0,"turns":4.0},{"damage":18.0,"enemies":"Snake Plant","floor":22.0,"turns":4.0},{"damage":30.0,"enemies":"Centurion and Healer","floor":24.0,"turns":9.0},{"damage":37.0,"enemies":"Sentry and Sphere","floor":27.0,"turns":6.0},{"damage":22.0,"enemies":"Slavers","floor":29.0,"turns":5.0},{"damage":14.0,"enemies":"Book of Stabbing","floor":31.0,"turns":5.0},{"damage":18.0,"enemies":"Automaton","floor":33.0,"turns":10.0},{"damage":47.0,"enemies":"3 Darklings","floor":35.0,"turns":4.0},{"damage":61,"enemies":"Nemesis","floor":40,"turns":4}],"seed_played":"-539744692313923858","potions_obtained":[{"floor":1.0,"key":"LiquidBronze"},{"floor":3.0,"key":"PowerPotion"},{"floor":8.0,"key":"PowerPotion"},{"floor":18.0,"key":"LiquidMemories"},{"floor":27.0,"key":"Swift Potion"},{"floor":33.0,"key":"DuplicationPotion"}],"is_trial":false,"path_per_floor":["M","M","M","?","?","R","?","M","T","M","R","M","R","M","R","B",null,"M","?","?","M","M","R","M","R","T","M","?","E","?","E","R","B",null,"M","?","?","$","T","E"],"character_chosen":"DRUID","items_purchased":["Centennial Puzzle"],"campfire_rested":1,"item_purchase_floors":[38],"current_hp_per_floor":[68,67,67,56,61,61,61,61,61,63,63,62,62,62,62,62,98,86,86,86,62,46,46,16,47,47,24,24,14,49,47,47,41,106,61,47,47,47,47,0,0],"gold":729,"neow_bonus":"TWENTY_PERCENT_HP_BONUS","is_daily":false,"chose_seed":false,"campfire_upgraded":6,"win_rate":0.0,"timestamp":1611660912,"path_taken":["M","M","M","?","?","R","?","?","T","M","R","M","R","M","R","BOSS","M","?","?","?","M","R","M","R","T","M","?","E","?","E","R","BOSS","M","?","?","$","?","E"],"items_purchased_type":["Relic"],"build_version":"2020-12-22","purchased_purges":0,"victory":false,"max_hp_per_floor":[89,89,89,89,94,94,94,94,94,96,96,96,96,98,98,98,98,100,100,100,102,104,104,104,104,104,106,106,106,106,106,106,106,106,108,108,108,108,108,108,108],"card_choices":[{"not_picked":["theDruid:Slingshot","theDruid:FuriousSlash"],"picked":"theDruid:Resourcefulness","floor":1.0},{"not_picked":["theDruid:MysticBarrier","theDruid:Recoil","theDruid:AstralShield"],"picked":"SKIP","floor":2.0},{"not_picked":["theDruid:Guidance","theDruid:Rummage","theDruid:Gore"],"picked":"SKIP","floor":3.0},{"not_picked":["theDruid:TwilightsCall","theDruid:BloodiedFur","theDruid:Slingshot"],"picked":"SKIP","floor":8.0},{"not_picked":["theDruid:Scavenge","theDruid:Swipe","theDruid:Entangle"],"picked":"Singing Bowl","floor":10.0},{"not_picked":["theDruid:PrimalStrength","theDruid:WallofRoots"],"picked":"theDruid:ApexPredator","floor":12.0},{"not_picked":["theDruid:ForestGuard","theDruid:PlagueClaw","theDruid:Impale"],"picked":"Singing Bowl","floor":14.0},{"not_picked":["theDruid:TwinStars","theDruid:HailofThorns"],"picked":"theDruid:WildFrenzy","floor":16.0},{"not_picked":["theDruid:PlagueClaw","theDruid:BloodiedFur","theDruid:FullMoon"],"picked":"Singing Bowl","floor":18.0},{"not_picked":["theDruid:TakeShelter","theDruid:LunarScythe","theDruid:BloodiedFur"],"picked":"Singing Bowl","floor":21.0},{"not_picked":["theDruid:ExposingSlash+1","theDruid:FullMoon+1","theDruid:AstralShield"],"picked":"Singing Bowl","floor":22.0},{"not_picked":["theDruid:TwilightsCall+1","theDruid:BagofTricks"],"picked":"theDruid:Guidance+1","floor":24.0},{"not_picked":["theDruid:FullMoon","theDruid:TwilightsCall+1","theDruid:FelineGrace"],"picked":"Singing Bowl","floor":27.0},{"not_picked":["theDruid:Impale+1","theDruid:WildArmor"],"picked":"theDruid:BackupSupplies+1","floor":29.0},{"not_picked":["theDruid:Earthquake","theDruid:ExposingSlash"],"picked":"theDruid:SerratedFlesh","floor":31.0},{"not_picked":["theDruid:SerratedFlesh","theDruid:Mutilate"],"picked":"theDruid:SurvivalInstincts","floor":33.0},{"not_picked":["theDruid:TwilightsCall"],"picked":"Singing Bowl","floor":35.0}],"player_experience":1886317,"relics_obtained":[{"floor":9.0,"key":"Singing Bowl"},{"floor":26.0,"key":"Meat on the Bone"},{"floor":29.0,"key":"Juzu Bracelet"},{"floor":31.0,"key":"Toy Ornithopter"},{"floor":39.0,"key":"War Paint"}],"event_choices":[{"damage_healed":0.0,"max_hp_gain":0.0,"max_hp_loss":0.0,"gold_gain":75.0,"event_name":"World of Goop","player_choice":"Gather Gold","floor":4.0,"gold_loss":0.0,"damage_taken":11.0},{"damage_healed":0.0,"max_hp_gain":5.0,"max_hp_loss":0.0,"gold_gain":0.0,"event_name":"Big Fish","player_choice":"Donut","floor":5.0,"gold_loss":0.0,"damage_taken":0.0},{"damage_healed":0.0,"max_hp_gain":0.0,"max_hp_loss":0.0,"gold_gain":0.0,"cards_transformed":["theDruid:Defend_O"],"event_name":"Transmorgrifier","player_choice":"Transformed","floor":7.0,"gold_loss":0.0,"damage_taken":0.0,"cards_obtained":["theDruid:Mutilate"]},{"cards_removed":["theDruid:Defend_O"],"damage_healed":0.0,"max_hp_gain":0.0,"max_hp_loss":0.0,"gold_gain":0.0,"event_name":"Back to Basics","player_choice":"Elegance","floor":19.0,"gold_loss":0.0,"damage_taken":0.0},{"cards_removed":["theDruid:ThickHide"],"damage_healed":0.0,"max_hp_gain":0.0,"max_hp_loss":0.0,"gold_gain":0.0,"event_name":"Purifier","player_choice":"Purged","floor":20.0,"gold_loss":0.0,"damage_taken":0.0},{"damage_healed":0.0,"max_hp_gain":0.0,"max_hp_loss":0.0,"gold_gain":200.0,"event_name":"Wheel of Change","player_choice":"Gold","floor":28.0,"gold_loss":0.0,"damage_taken":0.0},{"damage_healed":35.0,"max_hp_gain":0.0,"max_hp_loss":0.0,"gold_gain":0.0,"event_name":"The Library","player_choice":"Heal","floor":30.0,"gold_loss":0.0,"damage_taken":0.0},{"damage_healed":0.0,"max_hp_gain":0.0,"max_hp_loss":0.0,"gold_gain":0.0,"event_name":"Winding Halls","player_choice":"Embrace Madness","floor":36.0,"gold_loss":0.0,"damage_taken":14.0,"cards_obtained":["Madness","Madness"]},{"damage_healed":0.0,"max_hp_gain":0.0,"max_hp_loss":0.0,"gold_gain":0.0,"event_name":"Tomb of Lord Red Mask","player_choice":"Ignored","floor":37.0,"gold_loss":0.0,"damage_taken":0.0}],"is_beta":false,"boss_relics":[{"not_picked":["Calling Bell","Snecko Eye"],"picked":"SlaversCollar"},{"not_picked":["Empty Cage","Black Star"],"picked":"Busted Crown"}],"items_purged_floors":[],"is_endless":false,"potions_floor_spawned":[1,3,8,18,21,27,33],"killed_by":"Nemesis","ascension_level":4}}