{"host":"kk2i87xhq8q4h0un","time":1611640462,"event":{"mods":["BaseMod","Downfall","Minty Spire (QoL Compilation)","Shop Mod","StSLib"],"gold_per_floor":[99,110,132,168,168,195,266,288,188,214,223,240,263,32,52,156,156,156,167,37,64,64,139,165,233,233,123,123,123,176,176,240,380,380,380,441,498,305,371,371,371,371,445,142,151,254,273,328,381,381],"floor_reached":51,"language":"ENG","playtime":8132,"items_purged":["Doubt","champ:Defend"],"score":766,"play_id":"c7bfa93d-cbc5-4d3b-8fc5-3363d1a0c7fd","local_time":"20210125215422","is_ascension_mode":false,"campfire_choices":[{"floor":1.0,"key":"RECALL"},{"data":"champ:Lariat","floor":9.0,"key":"SMITH"},{"data":"champ:GladiatorForm","floor":18.0,"key":"SMITH"},{"data":"champ:ArenaPreparation","floor":26.0,"key":"SMITH"},{"data":"champ:Backstep","floor":28.0,"key":"SMITH"},{"data":"champ:Backstep","floor":35.0,"key":"SMITH"},{"data":"champ:UltimateStance","floor":40,"key":"SMITH"}],"circlet_count":0,"master_deck":["champ:Defend+1","champ:Defend","champ:Execute","champ:Taunt+1","champ:FlashCut","CurseOfTheBell","CurseOfTheBell","champ:VampiricStrike","champ:Lariat+1","champ:FalseCounter+1","champ:Parry","champ:AdrenalArmor","champ:GutPunch","champ:ShieldWall","champ:ArenaPreparation+1","champ:ShieldThrow","champ:Backstep+1","Slimebound:Tackle+1","Slimebound:Tackle+1","Slimebound:Tackle+1","champ:BerserkersShout","champ:Backstep+1","champ:FocusedDefense+1","champ:ArenaPreparation+1","champ:FocusedDefense","champ:ArenaPreparation","champ:FlashCut","champ:UltimateStance+1","champ:StanceDance","Secret Technique","expansioncontent:YouAreMine","champ:StanceDance+1"],"relics":["champ:ChampionCrown","CeramicFish","downfall:ExtraCursedBell","Regal Pillow","Letter Opener","Dead Branch","HornCleat","downfall:HeartBlessingRed","champ:BerserkersGuideToSlaughter","Sozu","downfall:KnowingSkull","War Paint","Pen Nib","DollysMirror","Coffee Dripper","Turnip","FossilizedHelix","StrikeDummy","TungstenRod","Calipers"],"acts_visited":["Exordium","TheCity","TheBeyond"],"potions_floor_usage":[50,50,50],"damage_taken":[{"damage":17.0,"enemies":"Cultist","floor":2.0,"turns":5.0},{"damage":23.0,"enemies":"Small Slimes","floor":3.0,"turns":3.0},{"damage":11.0,"enemies":"Jaw Worm","floor":6.0,"turns":4.0},{"damage":3.0,"enemies":"3 Louse","floor":8.0,"turns":3.0},{"damage":0.0,"enemies":"2 Fungi Beasts","floor":10.0,"turns":3.0},{"damage":8.0,"enemies":"Exordium Wildlife","floor":12.0,"turns":4.0},{"damage":4.0,"enemies":"3 Louse","floor":13.0,"turns":3.0},{"damage":10.0,"enemies":"downfall:FleeingMerchant","floor":14.0,"turns":4.0},{"damage":6.0,"enemies":"Large Slime","floor":15.0,"turns":5.0},{"damage":27.0,"enemies":"DF_ARCHETYPE_STREAMLINE","floor":16.0,"turns":9.0},{"damage":0.0,"enemies":"3 Byrds","floor":19.0,"turns":4.0},{"damage":30.0,"enemies":"downfall:FleeingMerchant","floor":20.0,"turns":4.0},{"damage":48.0,"enemies":"Gremlin Leader","floor":23.0,"turns":4.0},{"damage":13.0,"enemies":"Snecko","floor":25.0,"turns":3.0},{"damage":23.0,"enemies":"downfall:FleeingMerchant","floor":27.0,"turns":4.0},{"damage":21.0,"enemies":"Chosen and Byrds","floor":30.0,"turns":3.0},{"damage":3.0,"enemies":"Snake Plant","floor":32.0,"turns":3.0},{"damage":97.0,"enemies":"IC_MUSHROOM_ARCHETYPE","floor":33.0,"turns":5.0},{"damage":23,"enemies":"3 Darklings","floor":36,"turns":4},{"damage":18,"enemies":"3 Shapes","floor":37,"turns":5},{"damage":13,"enemies":"downfall:FleeingMerchant","floor":38,"turns":3},{"damage":5,"enemies":"Sphere and 2 Shapes","floor":39,"turns":3},{"damage":91,"enemies":"Nemesis","floor":43,"turns":5},{"damage":24,"enemies":"2 Orb Walkers","floor":46,"turns":3},{"damage":0,"enemies":"4 Shapes","floor":47,"turns":4},{"damage":16,"enemies":"Jaw Worm Horde","floor":48,"turns":2},{"damage":45,"enemies":"3 Darklings","floor":49,"turns":3},{"damage":35,"enemies":"SI_POISON_ARCHETYPE","floor":50,"turns":4}],"seed_played":"2734047350614225029","potions_obtained":[{"floor":2.0,"key":"SteroidPotion"},{"floor":6.0,"key":"champ:CounterPotion"},{"floor":13.0,"key":"ColorlessPotion"},{"floor":15.0,"key":"champ:CounterPotion"}],"is_trial":false,"path_per_floor":["R","M","M","?","?","M","T","M","R","M","?","M","M","$","M","B",null,"R","M","$","?","?","E","T","M","R","$","R","?","M","?","M","B",null,"R","M","M","$","M","R","T","?","E","$","?","?","M","M","M","B",null],"character_chosen":"THE_CHAMP","items_purchased":["champ:BerserkersGuideToSlaughter","champ:ArenaPreparation","champ:Backstep","DollysMirror","Turnip","FossilizedHelix","champ:StanceDance","Secret Technique"],"campfire_rested":0,"item_purchase_floors":[14,14,20,27,38,38,44,44],"current_hp_per_floor":[90,83,80,80,80,79,79,76,76,76,76,68,64,64,58,31,90,90,90,90,90,81,88,88,90,90,90,90,90,89,89,86,76,90,90,90,90,90,90,90,90,90,74,74,65,81,90,90,90,85],"gold":381,"neow_bonus":"RANDOM_COMMON_RELIC","is_daily":false,"chose_seed":false,"campfire_upgraded":6,"win_rate":0.0,"timestamp":1611640462,"path_taken":["R","M","M","?","?","M","T","?","R","M","?","M","M","$","M","BOSS","R","M","?","?","?","E","T","?","R","$","R","?","M","?","M","BOSS","R","M","M","$","M","R","T","?","E","$","?","?","?","M","M","BOSS"],"items_purchased_type":["Relic","Card","Card","Relic","Relic","Relic","Card","Card"],"build_version":"2020-12-22","purchased_purges":2,"victory":true,"max_hp_per_floor":[90,90,90,90,90,90,90,90,90,90,90,90,90,90,90,90,90,90,90,90,90,90,90,90,90,90,90,90,90,90,90,90,90,90,90,90,90,90,90,90,90,90,90,90,90,90,90,90,90,90],"card_choices":[{"not_picked":["champ:FanOfKnives","champ:Duel","champ:TornadoPunch"],"picked":"SKIP","floor":2.0},{"not_picked":["champ:FanOfKnives","champ:StanceDance"],"picked":"champ:FlashCut","floor":3.0},{"not_picked":["champ:EnGarde","champ:Encircle"],"picked":"champ:Lariat","floor":6.0},{"not_picked":["champ:FocusedBerserking","champ:Parry"],"picked":"champ:FalseCounter","floor":8.0},{"not_picked":["champ:DeathBlow","champ:StanceDance"],"picked":"champ:Parry","floor":10.0},{"not_picked":["champ:Encircle","champ:CrownThrow","champ:DeathBlow"],"picked":"SKIP","floor":12.0},{"not_picked":["champ:EnragedBash","champ:EnGarde"],"picked":"champ:GutPunch","floor":13.0},{"not_picked":["champ:DefensiveShout","champ:BladeFlurry"],"picked":"champ:ShieldWall","floor":14.0},{"not_picked":["champ:CrookedStrike","champ:Circumvent"],"picked":"champ:ShieldThrow","floor":15.0},{"not_picked":["champ:SteelEdge","champ:DancingMaster"],"picked":"champ:GladiatorForm","floor":16.0},{"not_picked":["champ:Endure","champ:Parry","champ:BerserkersShout"],"picked":"SKIP","floor":19.0},{"not_picked":["champ:BringItOn","champ:CalledShot","champ:CrownThrow"],"picked":"SKIP","floor":20.0},{"not_picked":["champ:BladeFlurry","champ:HeartStrike"],"picked":"champ:BerserkersShout","floor":23.0},{"not_picked":["champ:FalseCounter","champ:GutPunch"],"picked":"champ:Backstep","floor":25.0},{"not_picked":["champ:Parry","champ:BladeFlurry"],"picked":"champ:FocusedDefense+1","floor":27.0},{"not_picked":["champ:Encircle","champ:HeartStrike+1","champ:CrownThrow+1"],"picked":"SKIP","floor":30.0},{"not_picked":["champ:EnragedBash","champ:Circumvent+1"],"picked":"champ:FocusedDefense","floor":32.0},{"not_picked":["champ:FanOfKnives+1","champ:RisingSlash"],"picked":"champ:ArenaPreparation","floor":36},{"not_picked":["champ:PerfectedStrike","champ:RecklessLeap+1","champ:BladeFlurry"],"picked":"SKIP","floor":37},{"not_picked":["champ:IronFortress+1","champ:TornadoPunch+1"],"picked":"champ:FlashCut","floor":38},{"not_picked":["champ:FocusedDefense+1","champ:FaceSlap+1"],"picked":"champ:UltimateStance","floor":39},{"not_picked":["champ:CrookedStrike+1","champ:PreciseThrust","champ:PerfectedStrike"],"picked":"SKIP","floor":43},{"not_picked":["expansioncontent:PrepareCrush","expansioncontent:PolyBeam"],"picked":"expansioncontent:YouAreMine","floor":45},{"not_picked":["champ:Haymaker+1","champ:FanOfKnives"],"picked":"champ:StanceDance+1","floor":46},{"not_picked":["champ:AdrenalArmor","champ:Circumvent+1","champ:EndlessRage+1"],"picked":"SKIP","floor":47},{"not_picked":["champ:PerfectedStrike","champ:BerserkersShout+1","champ:HeartStrike"],"picked":"SKIP","floor":48},{"not_picked":["champ:BerserkersShout","champ:BringItOn","champ:ShieldWall+1"],"picked":"SKIP","floor":49}],"player_experience":1045312,"relics_obtained":[{"floor":4.0,"key":"Regal Pillow"},{"floor":4.0,"key":"Letter Opener"},{"floor":4.0,"key":"Dead Branch"},{"floor":7.0,"key":"HornCleat"},{"floor":23.0,"key":"War Paint"},{"floor":24.0,"key":"Pen Nib"},{"floor":41,"key":"StrikeDummy"},{"floor":43,"key":"TungstenRod"},{"floor":46,"key":"Calipers"}],"event_choices":[{"damage_healed":0.0,"max_hp_gain":0.0,"max_hp_loss":0.0,"gold_gain":0.0,"event_name":"Accursed Blacksmith","player_choice":"Forge","floor":5.0,"gold_loss":0.0,"damage_taken":0.0,"cards_upgraded":["champ:Taunt"]},{"damage_healed":0.0,"max_hp_gain":0.0,"max_hp_loss":0.0,"gold_gain":0.0,"event_name":"Ghosts","player_choice":"Ignored","floor":31.0,"gold_loss":0.0,"damage_taken":0.0},{"cards_removed":["champ:GladiatorForm"],"damage_healed":0,"gold_gain":0,"player_choice":"Removed Power","damage_taken":0,"max_hp_gain":0,"max_hp_loss":0,"event_name":"Falling","floor":42,"gold_loss":0},{"damage_healed":0,"gold_gain":0,"player_choice":"Fight","damage_taken":0,"max_hp_gain":0,"max_hp_loss":0,"event_name":"Mysterious Sphere","floor":46,"gold_loss":0}],"is_beta":false,"boss_relics":[{"not_picked":["Astrolabe","Pandora\u0027s Box"],"picked":"Sozu"},{"not_picked":["Tiny House","SacredBark"],"picked":"Coffee Dripper"}],"items_purged_floors":[20,44],"is_endless":false,"potions_floor_spawned":[2,6,13,15,16,19,25,30,36,37,39,43,46],"ascension_level":0}}