{"host":"vhvubw4jk4f204qs","time":1611680176,"event":{"mods":["AchievementEnabler","BaseMod","DeckTracker","GifTheSpireLib","Minty Spire (QoL Compilation)","Permanent Neow","Quick Restart","StSLib","SuperFastMode","The IronCluck","slay the spire mod where everything is the same but ironclad has a cowboy hat"],"gold_per_floor":[369,50,50,50,67,67,102,115,142,67,67,101,120,158,158,242,242,255,279,194,212,23,66,66,99,99,99,140,159,190,210,219,301,310,322,322,322],"floor_reached":36,"language":"ENG","playtime":1785,"items_purged":["Strike_R","Blood for Blood"],"score":966,"play_id":"16452acf-6fcc-4e0c-823f-69e2aeed3c37","local_time":"20210126115616","is_ascension_mode":true,"campfire_choices":[{"data":"Bludgeon","floor":6.0,"key":"SMITH"},{"data":"Uppercut","floor":15,"key":"SMITH"},{"floor":24,"key":"REST"},{"data":"Corruption","floor":27,"key":"SMITH"},{"floor":32,"key":"REST"}],"circlet_count":0,"master_deck":["AscendersBane","Defend_R","Defend_R","Defend_R","Defend_R","Bash","Pommel Strike","Bludgeon+1","Iron Wave","Spot Weakness","Carnage","Uppercut+1","Anger","Rampage","Corruption+1","Burning Pact+1","Pummel+1","Shrug It Off","Cleave","Uppercut+1","Entrench","Body Slam+1","Rampage","Impervious","CurseOfTheBell"],"relics":["Burning Blood","PreservedInsect","HornCleat","Shuriken","Dream Catcher","CeramicFish","Regal Pillow","TungstenRod","Potion Belt","Empty Cage","Juzu Bracelet","Meat on the Bone","Sundial","The Courier","Calipers","Whetstone","Calling Bell","Bronze Scales","Darkstone Periapt","Shovel"],"acts_visited":["Exordium","TheCity","TheBeyond"],"potions_floor_usage":[16,23,28,29,30],"damage_taken":[{"damage":6.0,"enemies":"Jaw Worm","floor":1.0,"turns":5.0},{"damage":16.0,"enemies":"Small Slimes","floor":5.0,"turns":2.0},{"damage":5.0,"enemies":"3 Sentries","floor":7.0,"turns":6.0},{"damage":8,"enemies":"2 Louse","floor":8,"turns":3},{"damage":6,"enemies":"Lagavulin","floor":12,"turns":3},{"damage":2,"enemies":"Blue Slaver","floor":13,"turns":2},{"damage":9,"enemies":"3 Sentries","floor":14,"turns":4},{"damage":49,"enemies":"Slime Boss","floor":16,"turns":7},{"damage":10,"enemies":"2 Thieves","floor":18,"turns":4},{"damage":23,"enemies":"Shell Parasite","floor":19,"turns":6},{"damage":38,"enemies":"Slavers","floor":23,"turns":6},{"damage":21,"enemies":"Book of Stabbing","floor":25,"turns":4},{"damage":25,"enemies":"Gremlin Leader","floor":28,"turns":5},{"damage":3,"enemies":"Snake Plant","floor":29,"turns":3},{"damage":31,"enemies":"Book of Stabbing","floor":30,"turns":5},{"damage":24,"enemies":"Shelled Parasite and Fungi","floor":31,"turns":4},{"damage":52,"enemies":"Champ","floor":33,"turns":13},{"damage":55,"enemies":"3 Shapes","floor":35,"turns":6},{"damage":23,"enemies":"3 Darklings","floor":36,"turns":3}],"seed_played":"1124615095821586292","potions_obtained":[{"floor":1.0,"key":"DistilledChaos"},{"floor":8,"key":"LiquidBronze"},{"floor":13,"key":"ElixirPotion"},{"floor":19,"key":"BloodPotion"},{"floor":25,"key":"BloodPotion"},{"floor":28,"key":"Explosive Potion"},{"floor":29,"key":"PowerPotion"},{"floor":35,"key":"LiquidMemories"}],"is_trial":false,"path_per_floor":["M","$","?","T","M","R","E","M","T","?","?","E","M","E","R","B",null,"M","M","?","?","$","E","R","E","T","R","E","M","E","M","R","B",null,"M","M"],"character_chosen":"IRONCLAD","items_purchased":["Bludgeon","PreservedInsect","Shrug It Off","Cleave"],"campfire_rested":2,"item_purchase_floors":[2,2,22,22],"current_hp_per_floor":[68,68,68,68,58,58,59,57,57,57,52,52,56,53,53,10,54,50,33,33,33,33,14,49,46,46,46,52,55,42,36,68,34,60,23,0,0],"gold":322,"neow_bonus":"TWO_FIFTY_GOLD","is_daily":false,"chose_seed":false,"campfire_upgraded":3,"win_rate":0.0,"timestamp":1611680176,"path_taken":["M","$","?","?","?","R","E","M","T","?","?","E","M","E","R","BOSS","M","M","?","?","?","E","R","E","T","R","E","M","E","M","R","BOSS","M","M"],"items_purchased_type":["Card","Relic","Card","Card"],"build_version":"2020-12-22","purchased_purges":2,"victory":false,"max_hp_per_floor":[68,68,68,68,68,68,68,68,68,68,68,68,68,68,68,68,68,68,68,68,68,68,68,68,68,68,68,68,68,68,68,68,68,68,68,68,68],"card_choices":[{"not_picked":["Sever Soul","Clash"],"picked":"Pommel Strike","floor":1.0},{"not_picked":["Armaments","Body Slam"],"picked":"Iron Wave","floor":5.0},{"not_picked":["Sword Boomerang","Flex"],"picked":"Spot Weakness","floor":7.0},{"not_picked":["Sentinel","Pommel Strike"],"picked":"Carnage","floor":8},{"not_picked":["Second Wind","Body Slam"],"picked":"Uppercut","floor":12},{"not_picked":["Pommel Strike","Flex"],"picked":"Anger","floor":13},{"not_picked":["Battle Trance","Second Wind"],"picked":"Rampage","floor":14},{"not_picked":["Feed","Double Tap"],"picked":"Corruption","floor":16},{"not_picked":["Havoc","Bloodletting","Body Slam"],"picked":"SKIP","floor":18},{"not_picked":["Intimidate","Clothesline"],"picked":"Burning Pact+1","floor":19},{"not_picked":["Clash","True Grit"],"picked":"Uppercut+1","floor":23},{"not_picked":["Wild Strike","Clothesline","Combust"],"picked":"SKIP","floor":25},{"not_picked":["Flame Barrier","Brutality"],"picked":"Entrench","floor":28},{"not_picked":["Dual Wield","Thunderclap"],"picked":"Body Slam","floor":29},{"not_picked":["Rampage","Whirlwind","Warcry"],"picked":"SKIP","floor":30},{"not_picked":["Sever Soul","Wild Strike","Clash"],"picked":"SKIP","floor":31},{"not_picked":["Warcry","Reckless Charge"],"picked":"Rampage","floor":32},{"not_picked":["Offering","Limit Break"],"picked":"Impervious","floor":33},{"not_picked":["Heavy Blade+1","Thunderclap","Reckless Charge"],"picked":"SKIP","floor":35}],"player_experience":971879,"relics_obtained":[{"floor":4.0,"key":"Shuriken"},{"floor":7.0,"key":"Dream Catcher"},{"floor":9,"key":"CeramicFish"},{"floor":12,"key":"TungstenRod"},{"floor":14,"key":"Potion Belt"},{"floor":23,"key":"Meat on the Bone"},{"floor":25,"key":"Sundial"},{"floor":26,"key":"The Courier"},{"floor":28,"key":"Calipers"},{"floor":30,"key":"Whetstone"},{"floor":34,"key":"Bronze Scales"},{"floor":34,"key":"Darkstone Periapt"},{"floor":34,"key":"Shovel"}],"event_choices":[{"damage_healed":0.0,"max_hp_gain":0.0,"max_hp_loss":0.0,"gold_gain":0.0,"event_name":"Big Fish","player_choice":"Box","floor":3.0,"gold_loss":0.0,"damage_taken":0.0,"relics_obtained":["HornCleat"],"cards_obtained":["Regret"]},{"cards_removed":["Regret"],"damage_healed":0,"gold_gain":0,"player_choice":"Card Removal","damage_taken":0,"max_hp_gain":0,"max_hp_loss":0,"event_name":"The Cleric","floor":10,"gold_loss":75},{"damage_healed":0,"gold_gain":0,"player_choice":"Success","damage_taken":5,"relics_obtained":["Regal Pillow"],"max_hp_gain":0,"max_hp_loss":0,"event_name":"Scrap Ooze","floor":11,"gold_loss":0},{"damage_healed":0,"gold_gain":0,"player_choice":"Obtained Relic","damage_taken":0,"relics_obtained":["Juzu Bracelet"],"max_hp_gain":0,"max_hp_loss":0,"event_name":"Addict","floor":20,"gold_loss":85},{"damage_healed":0,"gold_gain":0,"cards_transformed":["Strike_R","Strike_R"],"player_choice":"Became Test Subject","damage_taken":0,"max_hp_gain":0,"max_hp_loss":0,"event_name":"Drug Dealer","floor":21,"gold_loss":0,"cards_obtained":["Pummel","Blood for Blood"]}],"is_beta":false,"boss_relics":[{"not_picked":["Tiny House","Fusion Hammer"],"picked":"Empty Cage"},{"not_picked":["Pandora\u0027s Box","Runic Pyramid"],"picked":"Calling Bell"}],"items_purged_floors":[2,22],"is_endless":false,"potions_floor_spawned":[1,8,13,19,25,28,29,35],"killed_by":"3 Darklings","ascension_level":20}}