{"host":"pesfwaef25r60kxm","time":1611684237,"event":{"mods":["ATMod(阿瑾Mod)","Act Like it!","Arknights The Spire","BaseMod","Colored Powertips","Gensokyo","Minty Spire (QoL Compilation)","Replay The Spire","RumiaBox-露米娅的神秘盒子","Spicy Shops","StSLib","WarShipGirlsR/战舰少女R mod","[IsaacMod]以撒尖塔","noobMod","【遗物卡牌】REMEMod"],"gold_per_floor":[110,126,126,126,53,87,87,87,87,104,104,148,148,194,194,322,322,352,352,352,370,414,414,450,501,583,621,661,103,178,214,214,347,347,391,391,433,5,38,397,397,431,499,499,16,16,16,54,54,114,114,114,6,63,75,75],"floor_reached":55,"language":"ZHS","playtime":1818,"items_purged":["Doubt","Pain"],"score":1228,"play_id":"e34ddc45-46f2-410b-9d84-bfa95fe0393d","local_time":"20210127020357","is_ascension_mode":true,"campfire_choices":[{"data":"Whirlwind","floor":7,"key":"SMITH"},{"data":"Armaments","floor":15,"key":"SMITH"},{"data":"Demon Form","floor":23,"key":"SMITH"},{"floor":32,"key":"RECALL"},{"data":"Barricade","floor":46,"key":"SMITH"},{"data":"Offering","floor":49,"key":"SMITH"},{"data":"Metallicize","floor":52,"key":"SMITH"}],"circlet_count":0,"master_deck":["Strike_R","Strike_R","Defend_R","Defend_R","Defend_R","SuicideKing","Metallicize+1","Whirlwind+1","Armaments+1","Combust","Demon Form+1","Combust","Heavy Blade","Barricade+1","Impervious","Shrug It Off","Offering+1","Disarm","Life Link+1"],"relics":["Burning Blood","HushsDoor","ice","Void","Happy Flower","Chaos","Replay:Bandana","Ring of Panic","ReplayTheSpireMod:Ring of Challenge","Coffee Dripper","Honey Jar","Replay:Rubber Ducky","Leech","SatanicBible","SteamSale","UnicornStump","Replay:Bottled Steam","PlanX","AT_ArchangelStaff","GuppysTail","Gensokyo:EmptyGrave","REME_LimitBreaker","Juzu Bracelet","Quantum Egg","Sling","Bottled Tornado","PreservedInsect","Red Skull","Eternal Feather","EdensBlessing","BranchBurnRelic","REME_PuzzleBoxRelic","PillsDrop"],"acts_visited":["Exordium","Gensokyo:Gensokyo","Gensokyo:Gensokyoer","TheEnding"],"potions_floor_usage":[50,50,50,50,50,55,55,55],"damage_taken":[{"damage":0,"enemies":"Gensokyo:2_Kodama","floor":1,"turns":1},{"damage":0,"enemies":"Gensokyo:3_Fairies","floor":2,"turns":1},{"damage":0,"enemies":"Gensokyo:Mamizou","floor":6,"turns":2},{"damage":0,"enemies":"Gensokyo:Python","floor":10,"turns":2},{"damage":14,"enemies":"Gensokyo:Cirno","floor":12,"turns":6},{"damage":22,"enemies":"Gensokyo:Aya","floor":14,"turns":6},{"damage":5,"enemies":"Gensokyo:Yukari","floor":16,"turns":6},{"damage":1,"enemies":"Gensokyo:Chomper","floor":18,"turns":2},{"damage":0,"enemies":"Gensokyo:AngelMirror","floor":21,"turns":1},{"damage":0,"enemies":"Gensokyo:Chomper_and_Gloop","floor":22,"turns":2},{"damage":0,"enemies":"Gensokyo:Slime_Group","floor":24,"turns":2},{"damage":15,"enemies":"Gensokyo:Tenshi","floor":25,"turns":3},{"damage":4,"enemies":"Gensokyo:Mirror_and_Dog","floor":27,"turns":2},{"damage":8,"enemies":"Gensokyo:Wraith","floor":28,"turns":3},{"damage":7,"enemies":"Gensokyo:Slime_Group","floor":31,"turns":2},{"damage":0,"enemies":"Gensokyo:Eiki","floor":33,"turns":4},{"damage":0,"enemies":"Gensokyo:3_Boulders","floor":35,"turns":2},{"damage":0,"enemies":"Gensokyo:3_Bats","floor":37,"turns":1},{"damage":6,"enemies":"Gensokyo:Dusk_and_Dawn","floor":39,"turns":3},{"damage":21,"enemies":"Gensokyo:Kasen","floor":40,"turns":4},{"damage":10,"enemies":"Gensokyo:Doremy","floor":42,"turns":7},{"damage":1,"enemies":"Gensokyo:3_Boulders","floor":48,"turns":2},{"damage":5,"enemies":"Gensokyo:Yuyuko","floor":50,"turns":5},{"damage":2,"enemies":"Shield and Spear","floor":54,"turns":3},{"damage":239,"enemies":"Delirium","floor":55,"turns":10}],"seed_played":"2789161331705788020","potions_obtained":[{"floor":1,"key":"BlessingOfTheForge"},{"floor":12,"key":"Dexterity Potion"},{"floor":22,"key":"Flashbang"},{"floor":25,"key":"EntropicBrew"}],"is_trial":false,"path_per_floor":["M","M","?","?","$","E","R","$","T","M","?","E","T","E","R","B",null,"M","?","?","M","M","R","M","E","T","M","M","COS","?","M","R","B",null,"M","?","M","COS","M","E","?","E","T","?","$","R","$","M","R","B",null,"R","$","E","B"],"character_chosen":"IRONCLAD","items_purchased":["Chaos","SatanicBible","GuppysTail","PreservedInsect","Red Skull","Regal Pillow","Eternal Feather","EdensBlessing","REME_PuzzleBoxRelic","Disarm"],"campfire_rested":0,"item_purchase_floors":[5,17,34,45,45,45,45,45,53,53],"current_hp_per_floor":[80,80,80,48,48,54,54,54,54,60,60,52,52,36,36,37,65,65,65,65,65,65,65,65,57,57,61,61,61,61,62,62,65,55,55,51,51,51,51,38,31,33,33,13,13,22,22,33,42,42,51,51,51,51,0,0],"gold":75,"neow_bonus":"THREE_ENEMY_KILL","is_daily":false,"chose_seed":false,"campfire_upgraded":6,"win_rate":0.0,"timestamp":1611684237,"path_taken":["M","?","?","?","$","E","R","$","T","M","?","E","?","E","R","BOSS","M","?","?","M","M","R","M","E","T","M","M","COS","?","M","R","BOSS","M","?","M","COS","M","E","?","E","T","?","?","R","$","M","R","BOSS","R","$","E","BOSS"],"items_purchased_type":["Card","Relic","Relic","Relic","Relic","Relic","Relic","Relic","Relic","Card"],"build_version":"2020-12-22","purchased_purges":2,"victory":false,"max_hp_per_floor":[80,80,80,80,80,80,80,80,80,80,80,80,80,80,80,80,65,65,65,65,65,65,65,65,65,65,65,65,65,65,65,65,65,55,55,51,51,51,51,51,51,51,51,51,51,51,51,51,51,51,51,51,51,51,349,349],"card_choices":[{"not_picked":[],"picked":"ChaosCard","floor":0},{"not_picked":["AT_IchimonjiDouble","REME_Scribble"],"picked":"Metallicize","floor":1},{"not_picked":["REME_Scribble","Twin Strike"],"picked":"Whirlwind","floor":2},{"not_picked":["Iron Wave","AT_IchimonjiDouble","Hemogenesis"],"picked":"SKIP","floor":6},{"not_picked":["Second Wind","ReplayTheSpireMod:Strike From Hell"],"picked":"Armaments","floor":10},{"not_picked":["Pummel","ReplayTheSpireMod:Limb From Limb","Massacre"],"picked":"SKIP","floor":12},{"not_picked":["Burning Pact","Anger","Reaper"],"picked":"Combust","floor":14},{"not_picked":["Impervious","Immolate","Replay:Many Hands"],"picked":"Demon Form","floor":16},{"not_picked":["Clash+1","Headbutt","Warcry"],"picked":"Combust","floor":18},{"not_picked":["Twin Strike","True Grit","Wild Strike"],"picked":"Heavy Blade","floor":21},{"not_picked":["AT_IchimonjiDouble","Flex","Seeing Red","Pommel Strike"],"picked":"SKIP","floor":22},{"not_picked":["Pommel Strike","Sever Soul","Heavy Blade+1","Iron Wave+1"],"picked":"SKIP","floor":24},{"not_picked":["Seeing Red","Sentinel+1","ReplayTheSpireMod:Muscle Training","Infernal Blade"],"picked":"SKIP","floor":25},{"not_picked":["Shrug It Off","AT_BodySlamDance","AT_DrawKnifeCut","Dropkick"],"picked":"SKIP","floor":27},{"not_picked":["Sword Boomerang","Armaments","ReplayTheSpireMod:Strike From Hell","Pommel Strike+1"],"picked":"SKIP","floor":28},{"not_picked":["Disarm","Flex","Warcry"],"picked":"Barricade","floor":30},{"not_picked":["Defy Death","Armaments+1","Fire Breathing","Replay:Undeath\u0027s Touch"],"picked":"SKIP","floor":31},{"not_picked":["Pommel Strike+1","Run Through+1","Seeing Red+1","Clash"],"picked":"SKIP","floor":35},{"not_picked":["Body Slam","Ghostly Armor","Cleave+1"],"picked":"Thunderclap+1","floor":37},{"not_picked":["AT_DrawKnifeCut+1","Headbutt+1","REME_Scribble"],"picked":"Impervious","floor":39},{"not_picked":["Sever Soul","AT_Dispersion","Havoc"],"picked":"Shrug It Off","floor":40},{"not_picked":["Inflame","Uppercut+1","Flex"],"picked":"Offering","floor":42},{"not_picked":["AT_DiedThrough","Rage+1","Clothesline+1","Warcry+1"],"picked":"SKIP","floor":48},{"not_picked":["Rage+1","ReplayTheSpireMod:Strike From Hell","AT_IchimonjiDouble+1"],"picked":"Life Link+1","floor":54}],"player_experience":89926,"relics_obtained":[{"floor":6,"key":"Replay:Bandana"},{"floor":11,"key":"Ring of Panic"},{"floor":11,"key":"ReplayTheSpireMod:Ring of Challenge"},{"floor":12,"key":"Coffee Dripper"},{"floor":13,"key":"Honey Jar"},{"floor":14,"key":"Replay:Rubber Ducky"},{"floor":25,"key":"SteamSale"},{"floor":26,"key":"UnicornStump"},{"floor":30,"key":"PlanX"},{"floor":40,"key":"Quantum Egg"},{"floor":42,"key":"Sling"},{"floor":43,"key":"Bottled Tornado"},{"floor":54,"key":"PillsDrop"}],"event_choices":[],"is_beta":false,"boss_relics":[{"not_picked":["Pantograph","Strawberry"],"picked":"Leech"},{"not_picked":[]},{"not_picked":["StoneCalendar","Kintsugi"],"picked":"AT_ArchangelStaff"},{"not_picked":[]}],"items_purged_floors":[17,45],"is_endless":false,"potions_floor_spawned":[1,12,22,25,28,33,39,42,48],"killed_by":"Delirium","ascension_level":2}}