{"host":"5yoj846f700ld8qy","time":1611699443,"event":{"mods":["AchievementEnabler","Aspiration","BaseMod","Better Altar","Better Match","Better Note","Better Sensory Stone","Better Skull","Better Third Choice","Colored Map","Colored Powertips","Minty Spire (QoL Compilation)","StSLib","UnlockEverythingMod"],"gold_per_floor":[114,114,114,114,31,31,62,62,62,62,89,102,117,192,192,265,265,285,78,78,78,98,98,132,132,202,214,214,214],"floor_reached":28,"language":"ENG","playtime":858,"items_purged":["Strike_P"],"score":509,"play_id":"fc90b120-0096-411a-98b0-12fd566e3027","local_time":"20210127001723","is_ascension_mode":true,"campfire_choices":[{"floor":6,"key":"REST"},{"data":"Eruption","floor":8,"key":"SMITH"},{"data":"Vigilance","floor":10,"key":"SMITH"},{"floor":15,"key":"REST"}],"circlet_count":0,"master_deck":["AscendersBane","Defend_P","Defend_P","Defend_P","Defend_P","Eruption+1","Vigilance+1","FlurryOfBlows+1","Injury","Prostrate","EmptyFist+1","SashWhip+1","ClearTheMind","JustLucky+1","Prostrate","Ragnarok+1","CrushJoints+1","CutThroughFate+1","LikeWater","Bite+1","Bite+1","Bite+1","Bite+1","Bite+1","TalkToTheHand+1","FlurryOfBlows+1"],"relics":["Busted Crown","Molten Egg 2","Anchor","aspiration:ArtOfWarUpgrade","Black Star","Torii","Pen Nib","Frozen Egg 2"],"acts_visited":["Exordium","TheCity"],"potions_floor_usage":[16,16,27,27],"damage_taken":[{"damage":2,"enemies":"Jaw Worm","floor":1,"turns":4},{"damage":8,"enemies":"Lagavulin","floor":7,"turns":5},{"damage":12,"enemies":"Gremlin Nob","floor":11,"turns":3},{"damage":2,"enemies":"2 Louse","floor":12,"turns":3},{"damage":0,"enemies":"Cultist","floor":13,"turns":2},{"damage":15,"enemies":"Hexaghost","floor":16,"turns":9},{"damage":15,"enemies":"3 Byrds","floor":18,"turns":5},{"damage":5,"enemies":"Chosen","floor":22,"turns":3},{"damage":18,"enemies":"Book of Stabbing","floor":24,"turns":4},{"damage":43,"enemies":"Shelled Parasite and Fungi","floor":27,"turns":3},{"damage":29,"enemies":"Slavers","floor":28,"turns":2}],"seed_played":"-5520733641260904161","potions_obtained":[{"floor":11,"key":"SkillPotion"},{"floor":12,"key":"ColorlessPotion"},{"floor":16,"key":"Ancient Potion"},{"floor":18,"key":"Energy Potion"},{"floor":24,"key":"SkillPotion"}],"is_trial":false,"path_per_floor":["M","?","?","?","$","R","E","R","T","R","E","M","M","?","R","B",null,"M","$","?","$","M","R","E","R","T","M","E"],"character_chosen":"WATCHER","items_purchased":["Prostrate","EmptyFist+1","CutThroughFate+1","LikeWater"],"campfire_rested":2,"item_purchase_floors":[5,5,19,19],"current_hp_per_floor":[59,59,39,29,29,49,41,41,41,41,31,31,33,22,42,29,58,45,45,45,45,52,52,49,49,49,18,0,0],"gold":214,"neow_bonus":"BOSS_RELIC","is_daily":false,"chose_seed":false,"campfire_upgraded":2,"win_rate":0.0,"timestamp":1611699443,"path_taken":["M","?","?","?","$","R","E","R","T","R","E","M","?","?","R","BOSS","M","$","?","$","M","R","E","R","T","M","E"],"items_purchased_type":["Card","Card","Card","Card"],"build_version":"2020-12-22","purchased_purges":1,"victory":false,"max_hp_per_floor":[68,68,68,68,68,68,68,68,68,68,68,68,68,68,68,68,68,68,68,68,68,68,68,68,68,68,68,68,68],"card_choices":[{"not_picked":[],"picked":"FlurryOfBlows","floor":1},{"not_picked":[],"picked":"SashWhip+1","floor":7},{"not_picked":[],"picked":"ClearTheMind","floor":11},{"not_picked":[],"picked":"JustLucky+1","floor":12},{"not_picked":[],"picked":"Prostrate","floor":13},{"not_picked":[],"picked":"Ragnarok+1","floor":16},{"not_picked":[],"picked":"CrushJoints+1","floor":18},{"not_picked":[],"picked":"TalkToTheHand+1","floor":22},{"not_picked":[],"picked":"FlurryOfBlows+1","floor":24},{"not_picked":["CrushJoints+1"],"picked":"SKIP","floor":27}],"player_experience":417030,"relics_obtained":[{"floor":7,"key":"Anchor"},{"floor":9,"key":"Blood Vial"},{"floor":11,"key":"Art of War"},{"floor":24,"key":"Torii"},{"floor":24,"key":"Pen Nib"},{"floor":26,"key":"Frozen Egg 2"}],"event_choices":[{"damage_healed":59,"gold_gain":0,"player_choice":"Upgrade","damage_taken":20,"max_hp_gain":0,"max_hp_loss":68,"event_name":"betterThird:BetterShining","floor":3,"gold_loss":0,"cards_upgraded":["Strike_P","FlurryOfBlows"]},{"damage_healed":0,"gold_gain":0,"player_choice":"Damaged","damage_taken":10,"max_hp_gain":0,"max_hp_loss":0,"event_name":"Wheel of Change","floor":4,"gold_loss":0},{"damage_healed":0,"gold_gain":75,"player_choice":"Gold","damage_taken":11,"max_hp_gain":0,"max_hp_loss":0,"event_name":"betterThird:BetterGoop","floor":14,"gold_loss":0},{"damage_healed":0,"gold_gain":0,"player_choice":"Became a vampire (Vial)","damage_taken":0,"max_hp_gain":0,"max_hp_loss":0,"event_name":"Vampires","floor":20,"relics_lost":["Blood Vial"],"gold_loss":0,"cards_obtained":["Bite","Bite","Bite","Bite","Bite"]}],"is_beta":false,"boss_relics":[{"not_picked":["aspiration:IroncladSkillbook","Snecko Eye"],"picked":"Black Star"}],"items_purged_floors":[19],"is_endless":false,"potions_floor_spawned":[11,12,13,16,18,24],"killed_by":"Slavers","ascension_level":20}}