{"host":"a5lz0e76zb3fcwkm","time":1611674511,"event":{"mods":["AchievementEnabler","BaseMod","Colored Map","Colored Powertips","Minty Spire (QoL Compilation)","StSLib","SuperFastMode"],"gold_per_floor":[119,194,194,194,213,213,231,27,27,39,64,64,84,98,98,174,174,194,194,211,211,230,230,230,230,255,272,197,231,244,254,254,328,328,346,190,32,42,42,42,75,75,75,75,93,124,124,156,156,156,156,156,156,8,41,41],"floor_reached":57,"language":"KOR","playtime":2727,"items_purged":["Strike_G","Strike_G","Strike_G"],"score":3145,"play_id":"560b6979-6a3f-4946-913a-d9e85593bf5f","local_time":"20210127002151","is_ascension_mode":true,"campfire_choices":[{"floor":6.0,"key":"REST"},{"data":"Apotheosis","floor":12.0,"key":"SMITH"},{"floor":15.0,"key":"REST"},{"floor":23.0,"key":"REST"},{"floor":25.0,"key":"RECALL"},{"floor":32,"key":"REST"},{"data":"After Image","floor":40,"key":"SMITH"},{"data":"Footwork","floor":42,"key":"SMITH"},{"data":"Tools of the Trade","floor":44,"key":"SMITH"},{"data":"Night Terror","floor":47,"key":"SMITH"},{"data":"Prepared","floor":49,"key":"SMITH"},{"data":"Acrobatics","floor":53,"key":"SMITH"}],"circlet_count":0,"master_deck":["AscendersBane","Strike_G","Defend_G+1","Defend_G","Defend_G","Defend_G","Survivor","Neutralize","After Image+1","Tactician","Dagger Throw","Footwork+1","Deadly Poison","Apotheosis+1","Backflip+1","Blur","Tools of the Trade+1","Underhanded Strike","Night Terror+1","Setup","Corpse Explosion","Prepared+1","Grand Finale","Reflex","Acrobatics+1","Calculated Gamble+1","Parasite","Acrobatics+1","Catalyst"],"relics":["Ring of the Snake","Paper Crane","Ice Cream","HoveringKite","Nloth\u0027s Gift","Bag of Preparation","Tough Bandages","Cursed Key","Membership Card","InkBottle","Potion Belt","Snake Skull","Art of War","ClockworkSouvenir","Boot"],"acts_visited":["Exordium","TheCity","TheBeyond","TheEnding"],"potions_floor_usage":[29,33,45,56,56],"damage_taken":[{"damage":11.0,"enemies":"Small Slimes","floor":1.0,"turns":5.0},{"damage":2.0,"enemies":"Jaw Worm","floor":5.0,"turns":5.0},{"damage":0.0,"enemies":"2 Louse","floor":7.0,"turns":4.0},{"damage":4.0,"enemies":"Large Slime","floor":10.0,"turns":6.0},{"damage":0.0,"enemies":"Lagavulin","floor":11.0,"turns":6.0},{"damage":3.0,"enemies":"Exordium Thugs","floor":13.0,"turns":7.0},{"damage":2.0,"enemies":"Looter","floor":14.0,"turns":4.0},{"damage":0.0,"enemies":"The Guardian","floor":16.0,"turns":13.0},{"damage":14.0,"enemies":"Chosen","floor":18.0,"turns":7.0},{"damage":0.0,"enemies":"3 Byrds","floor":20.0,"turns":6.0},{"damage":17.0,"enemies":"Snake Plant","floor":22.0,"turns":6.0},{"damage":13.0,"enemies":"Centurion and Healer","floor":27.0,"turns":10.0},{"damage":0,"enemies":"Gremlin Leader","floor":29,"turns":6},{"damage":0,"enemies":"Snecko","floor":30,"turns":7},{"damage":0,"enemies":"Snake Plant","floor":31,"turns":5},{"damage":22,"enemies":"Champ","floor":33,"turns":16},{"damage":1,"enemies":"Orb Walker","floor":35,"turns":5},{"damage":0,"enemies":"3 Shapes","floor":38,"turns":4},{"damage":0,"enemies":"Giant Head","floor":41,"turns":7},{"damage":0,"enemies":"Jaw Worm Horde","floor":45,"turns":3},{"damage":0,"enemies":"Nemesis","floor":46,"turns":13},{"damage":1,"enemies":"Reptomancer","floor":48,"turns":4},{"damage":0,"enemies":"Time Eater","floor":50,"turns":15},{"damage":6,"enemies":"Awakened One","floor":51,"turns":17},{"damage":0,"enemies":"Shield and Spear","floor":55,"turns":7},{"damage":39,"enemies":"The Heart","floor":56,"turns":11}],"seed_played":"4672830091078261171","potions_obtained":[{"floor":1.0,"key":"Block Potion"},{"floor":13.0,"key":"Dexterity Potion"},{"floor":16.0,"key":"Regen Potion"},{"floor":27.0,"key":"Poison Potion"},{"floor":30,"key":"LiquidBronze"},{"floor":33,"key":"Block Potion"},{"floor":38,"key":"EssenceOfSteel"},{"floor":41,"key":"Fire Potion"}],"is_trial":false,"path_per_floor":["M","?","?","?","M","R","M","$","T","M","E","R","M","M","R","B",null,"M","?","M","?","M","R","?","R","T","M","$","E","M","M","R","B",null,"M","$","$","M","?","R","E","R","T","R","M","E","R","E","R","B","B",null,"R","$","E","B",null],"character_chosen":"THE_SILENT","items_purchased":["Apotheosis","Acrobatics","Membership Card","ClockworkSouvenir"],"campfire_rested":4,"item_purchase_floors":[8,36,37,54],"current_hp_per_floor":[33,22,22,4,2,21,21,21,21,17,17,17,14,12,31,31,57,43,43,43,43,41,60,60,60,60,47,47,47,47,47,66,44,61,60,60,60,60,60,60,60,60,60,60,60,60,60,59,59,59,53,63,63,63,63,24],"gold":41,"neow_bonus":"TRANSFORM_TWO_CARDS","is_daily":false,"chose_seed":false,"campfire_upgraded":7,"win_rate":0.0,"timestamp":1611674511,"path_taken":["M","?","?","?","M","R","M","?","T","?","E","R","M","M","R","BOSS","M","?","M","?","?","R","?","R","T","M","$","E","M","?","R","BOSS","M","?","$","M","?","R","E","R","T","R","?","E","R","E","R","BOSS","BOSS","R","$","E","BOSS"],"items_purchased_type":["Card","Card","Relic","Relic"],"build_version":"2020-12-22","purchased_purges":3,"victory":true,"max_hp_per_floor":[66,66,66,66,66,66,66,66,66,66,66,66,66,66,66,66,66,66,66,66,66,66,66,66,66,66,66,66,66,66,66,66,66,66,66,66,66,66,66,66,66,66,66,66,66,66,66,66,66,66,66,66,66,66,66,66],"card_choices":[{"not_picked":["Endless Agony","Flying Knee"],"picked":"Dagger Throw","floor":1.0},{"not_picked":["Dodge and Roll","Leg Sweep"],"picked":"Footwork","floor":5.0},{"not_picked":["Dagger Spray","Infinite Blades"],"picked":"Deadly Poison","floor":7.0},{"not_picked":["Skewer","Underhanded Strike"],"picked":"Backflip","floor":10.0},{"not_picked":["All Out Attack","Phantasmal Killer","Blade Dance"],"picked":"SKIP","floor":11.0},{"not_picked":["Outmaneuver","Concentrate","Dodge and Roll"],"picked":"SKIP","floor":13.0},{"not_picked":["Blade Dance","Tactician"],"picked":"Blur","floor":14.0},{"not_picked":["Die Die Die","Phantasmal Killer"],"picked":"Tools of the Trade","floor":16.0},{"not_picked":["Deflect","Deadly Poison"],"picked":"Underhanded Strike","floor":18.0},{"not_picked":["Flechettes","Cloak And Dagger","Quick Slash"],"picked":"SKIP","floor":20.0},{"not_picked":["Flying Knee","Accuracy+1","Deflect"],"picked":"SKIP","floor":22.0},{"not_picked":["Deadly Poison","Cloak And Dagger"],"picked":"Corpse Explosion","floor":27.0},{"not_picked":["Malaise","Infinite Blades","After Image"],"picked":"SKIP","floor":29},{"not_picked":["Concentrate","Outmaneuver","Underhanded Strike"],"picked":"SKIP","floor":30},{"not_picked":["Dagger Spray","Footwork"],"picked":"Prepared","floor":31},{"not_picked":["Adrenaline","Doppelganger"],"picked":"Grand Finale","floor":33},{"not_picked":["Deadly Poison","Expertise"],"picked":"Reflex","floor":35},{"not_picked":["Deadly Poison","Eviscerate","Concentrate"],"picked":"SKIP","floor":38},{"not_picked":["Flechettes","Dash+1"],"picked":"Calculated Gamble+1","floor":41},{"not_picked":["Skewer","Cloak And Dagger","Sucker Punch"],"picked":"SKIP","floor":45},{"not_picked":["Dagger Throw","Accuracy","Distraction"],"picked":"SKIP","floor":46},{"not_picked":["Concentrate","Dagger Spray+1"],"picked":"Acrobatics+1","floor":48},{"not_picked":["PiercingWail+1","Bouncing Flask"],"picked":"Catalyst","floor":55}],"player_experience":1811032,"relics_obtained":[{"floor":9.0,"key":"Ice Cream"},{"floor":11.0,"key":"War Paint"},{"floor":26.0,"key":"Bag of Preparation"},{"floor":29,"key":"Tough Bandages"},{"floor":39,"key":"InkBottle"},{"floor":41,"key":"Potion Belt"},{"floor":46,"key":"Snake Skull"},{"floor":48,"key":"Art of War"},{"floor":55,"key":"Boot"}],"event_choices":[{"damage_healed":0.0,"max_hp_gain":0.0,"max_hp_loss":0.0,"gold_gain":75.0,"event_name":"World of Goop","player_choice":"Gather Gold","floor":2.0,"gold_loss":0.0,"damage_taken":11.0},{"damage_healed":0.0,"max_hp_gain":0.0,"max_hp_loss":0.0,"gold_gain":0.0,"event_name":"Liars Game","player_choice":"Ignored","floor":3.0,"gold_loss":0.0,"damage_taken":0.0},{"damage_healed":0.0,"max_hp_gain":0.0,"max_hp_loss":0.0,"gold_gain":0.0,"event_name":"Scrap Ooze","player_choice":"Success","floor":4.0,"gold_loss":0.0,"damage_taken":18.0,"relics_obtained":["Paper Crane"]},{"damage_healed":0.0,"max_hp_gain":0.0,"max_hp_loss":0.0,"gold_gain":0.0,"event_name":"Vampires","player_choice":"Ignored","floor":19.0,"gold_loss":0.0,"damage_taken":0.0},{"damage_healed":0.0,"max_hp_gain":0.0,"max_hp_loss":0.0,"gold_gain":0.0,"event_name":"N\u0027loth","player_choice":"Traded Relic","floor":21.0,"relics_lost":["War Paint"],"gold_loss":0.0,"damage_taken":0.0,"relics_obtained":["Nloth\u0027s Gift"]},{"damage_healed":0.0,"max_hp_gain":0.0,"max_hp_loss":0.0,"gold_gain":0.0,"event_name":"Match and Keep!","player_choice":"2 cards matched","floor":24.0,"gold_loss":0.0,"damage_taken":0.0,"cards_obtained":["Night Terror","Setup"]},{"damage_healed":0,"gold_gain":0,"player_choice":"Relic","damage_taken":0,"max_hp_gain":0,"max_hp_loss":0,"event_name":"Wheel of Change","floor":39,"gold_loss":0}],"is_beta":false,"boss_relics":[{"not_picked":["Ring of the Serpent","Tiny House"],"picked":"HoveringKite"},{"not_picked":["Snecko Eye","Philosopher\u0027s Stone"],"picked":"Cursed Key"}],"items_purged_floors":[28,36,54],"is_endless":false,"potions_floor_spawned":[1,13,16,27,30,33,38,41],"ascension_level":20}}