{"host":"oz0i1fpezyhy8r2h","time":1611649300,"event":{"mods":["ATMod(°¢èªMod)","Act Like it!","Arknights The Spire","BaseMod","KinomotoSakuraMod(Ä¾Ö®±¾Ó£)","Minty Spire (QoL Compilation)","StSLib","The Bug Knight","¡¾ÒÅÎï¿¨ÅÆ¡¿REMEMod"],"gold_per_floor":[15,15,39,39,55,99,117,117,196,196,214,253,277,293,293,423,423,447,466,319,343,343,374,395,434,480,480,85,100,123,147,147,270,270,290,77,77,93,93,127,146,146,146,485,485,247,247,281,281,281,281,281,245,281,281],"floor_reached":56,"language":"ZHS","playtime":3519,"items_purged":["ClowCardTheShield","ClowCardTheSword","ClowCardTheShield","ClowCardThePower"],"score":1614,"play_id":"efdce758-f96a-4cc7-aa2c-ec7635097e8a","local_time":"20210126162140","is_ascension_mode":false,"campfire_choices":[{"data":"ClowCardTheFly","floor":8.0,"key":"SMITH"},{"data":"ClowCardTheArrow","floor":10.0,"key":"SMITH"},{"data":"ClowCardTheFly","floor":15.0,"key":"SMITH"},{"floor":27.0,"key":"RECALL"},{"data":"ClowCardTheFly","floor":32.0,"key":"SMITH"},{"data":"SpellCardSeal","floor":42,"key":"SMITH"},{"data":"ClowCardTheDash","floor":45,"key":"SMITH"},{"floor":49,"key":"REST"},{"data":"ClowCardTheMirror","floor":52,"key":"SMITH"}],"circlet_count":0,"master_deck":["SakuraCardTheSong+","SakuraCardTheSword+","ClowCardTheSword","ClowCardTheShield","SpellCardSeal+1","SpellCardRelease","ClowCardTheArrow+1","ClowCardTheDash+1","ClowCardTheFly+1","ClowCardTheMirror+1","ClowCardTheFly+1","ClowCardTheFly+1","ClowCardTheLoop","ClowCardTheMirror","ClowCardTheFloat"],"relics":["KSMOD_SealedBook","KSMOD_SealedWand","AT_ATBox","REME_ComplimentaryCards","Golden Idol","KSMOD_Cerberus","Sundial","Potion Belt","REME_DuelDisc","HornCleat","AT_SunfireAegis","Bronze Scales","Vajra","KSMOD_TouyasBicycle","KSMOD_DarknessWand","Membership Card","KSMOD_RollerSkates","AT_BellDemon","HollowMod:PaleOreRelic","KSMOD_SwordJade","Old Coin","MealTicket","AT_ChloranthyRing","KSMOD_TeddyBear","AT_RedTearstoneRing","Darkstone Periapt","AT_ForceNature","AT_Manta"],"acts_visited":["Exordium","TheCity","TheBeyond","TheEnding"],"potions_floor_usage":[],"damage_taken":[{"damage":0.0,"enemies":"2 Louse","floor":1.0,"turns":3.0},{"damage":0.0,"enemies":"Cultist","floor":3.0,"turns":4.0},{"damage":0.0,"enemies":"Jaw Worm","floor":5.0,"turns":3.0},{"damage":0.0,"enemies":"Gremlin Nob","floor":6.0,"turns":2.0},{"damage":0.0,"enemies":"Blue Slaver","floor":7.0,"turns":1.0},{"damage":0.0,"enemies":"Exordium Wildlife","floor":11.0,"turns":2.0},{"damage":0.0,"enemies":"HollowMod:MossKnight","floor":12.0,"turns":3.0},{"damage":0.0,"enemies":"3 Louse","floor":13.0,"turns":1.0},{"damage":0.0,"enemies":"Exordium Thugs","floor":14.0,"turns":2.0},{"damage":18.0,"enemies":"The Guardian","floor":16.0,"turns":3.0},{"damage":0.0,"enemies":"Chosen","floor":18.0,"turns":1.0},{"damage":20.0,"enemies":"2 Thieves","floor":19.0,"turns":2.0},{"damage":3.0,"enemies":"Chosen and Byrds","floor":21.0,"turns":2.0},{"damage":25.0,"enemies":"Slavers","floor":23.0,"turns":2.0},{"damage":0.0,"enemies":"Centurion and Healer","floor":24.0,"turns":5.0},{"damage":0.0,"enemies":"Gremlin Leader","floor":25.0,"turns":3.0},{"damage":0.0,"enemies":"Snecko","floor":29.0,"turns":1.0},{"damage":0.0,"enemies":"Shelled Parasite and Fungi","floor":30.0,"turns":1.0},{"damage":0.0,"enemies":"3 Cultists","floor":31.0,"turns":2.0},{"damage":0.0,"enemies":"Collector","floor":33.0,"turns":2.0},{"damage":18.0,"enemies":"3 Shapes","floor":35.0,"turns":1.0},{"damage":0,"enemies":"3 Darklings","floor":38,"turns":1},{"damage":0,"enemies":"Reptomancer","floor":40,"turns":1},{"damage":0,"enemies":"Maw","floor":41,"turns":1},{"damage":0,"enemies":"Nemesis","floor":44,"turns":1},{"damage":0,"enemies":"Reptomancer","floor":48,"turns":1},{"damage":0,"enemies":"Awakened One","floor":50,"turns":2},{"damage":0,"enemies":"Shield and Spear","floor":54,"turns":1},{"damage":26,"enemies":"The Heart","floor":55,"turns":3}],"seed_played":"-7088996510590089409","potions_obtained":[{"floor":7.0,"key":"SmokeBomb"},{"floor":11.0,"key":"ColorlessPotion"},{"floor":12.0,"key":"FairyPotion"},{"floor":14.0,"key":"Ancient Potion"},{"floor":19.0,"key":"DuplicationPotion"},{"floor":24.0,"key":"Dexterity Potion"},{"floor":29.0,"key":"FairyPotion"},{"floor":54,"key":"LiquidMemories"}],"is_trial":false,"path_per_floor":["M","?","M","?","M","E","M","R","T","R","M","E","M","M","R","B",null,"M","M","$","M","?","E","M","E","T","R","$","M","M","M","R","B",null,"M","$","?","M","?","E","M","R","T","E","R","$","?","E","R","B",null,"R","$","E","B",null],"character_chosen":"KINOMOTOSAKURA","items_purchased":["ClowCardTheCreate","ClowCardTheFly","KSMOD_TouyasBicycle","ClowCardTheLoop","Membership Card","ClowCardTheMirror","AT_ChloranthyRing","KSMOD_TeddyBear","ClowCardTheFloat"],"campfire_rested":1,"item_purchase_floors":[20,28,28,28,36,46,46,46,53],"current_hp_per_floor":[70,53,53,53,53,53,53,53,53,53,53,53,53,53,53,35,70,70,50,50,47,47,22,22,22,22,22,22,22,22,22,22,22,70,52,52,42,42,42,42,42,42,42,42,42,57,57,57,66,66,66,66,66,66,40],"gold":281,"neow_bonus":"REMOVE_TWO","is_daily":false,"chose_seed":false,"campfire_upgraded":7,"win_rate":0.0,"timestamp":1611649300,"path_taken":["M","?","M","?","M","E","M","R","T","R","M","E","M","M","R","BOSS","M","M","$","M","?","E","M","E","T","R","?","M","M","M","R","BOSS","M","$","?","M","?","E","M","R","T","E","R","?","?","E","R","BOSS","R","$","E","BOSS"],"items_purchased_type":["Card","Card","Relic","Card","Relic","Card","Relic","Relic","Card"],"build_version":"2020-12-22","purchased_purges":4,"victory":true,"max_hp_per_floor":[70,70,70,70,70,70,70,70,70,70,70,70,70,70,70,70,70,70,70,70,70,70,70,70,70,70,70,70,70,70,70,70,70,70,70,70,70,70,70,70,70,70,70,70,70,70,66,66,66,66,66,66,66,66,66],"card_choices":[{"not_picked":["ClowCardTheShot","ClowCardTheVoice"],"picked":"ClowCardTheArrow","floor":1.0},{"not_picked":["ClowCardTheMirror","ClowCardTheLock"],"picked":"ClowCardTheDash","floor":3.0},{"not_picked":["ClowCardTheFloat","ClowCardTheFreeze"],"picked":"ClowCardTheFly","floor":5.0},{"not_picked":["ClowCardTheDream","ClowCardTheDark","ClowCardTheJump"],"picked":"SKIP","floor":6.0},{"not_picked":["ClowCardTheBubbles","ClowCardTheEarthy"],"picked":"ClowCardThePower","floor":7.0},{"not_picked":["ClowCardTheWave","ClowCardTheFloat"],"picked":"ClowCardTheMirror","floor":11.0},{"not_picked":["ClowCardTheWave","ClowCardTheFreeze"],"picked":"ClowCardTheFly","floor":12.0},{"not_picked":["ClowCardTheStorm","ClowCardTheCloud","ClowCardTheLock"],"picked":"SKIP","floor":13.0},{"not_picked":["ClowCardTheShot","ClowCardTheWindy"],"picked":"ClowCardTheSong","floor":14.0},{"not_picked":["ClowCardTheDash","ClowCardTheThunder"],"picked":"ClowCardTheCreate","floor":16.0},{"not_picked":["ClowCardTheLock","ClowCardTheArrow","ClowCardTheSand"],"picked":"SKIP","floor":18.0},{"not_picked":["ClowCardTheDream","ClowCardTheWave+1","ClowCardTheSand"],"picked":"SKIP","floor":19.0},{"not_picked":["ClowCardTheErase","ClowCardTheIllusion","ClowCardTheSong"],"picked":"SKIP","floor":21.0},{"not_picked":["ClowCardTheDream+1","ClowCardTheDark","ClowCardTheVoice"],"picked":"SKIP","floor":23.0},{"not_picked":["ClowCardTheSong","ClowCardTheMaze","ClowCardTheVoice"],"picked":"SKIP","floor":24.0},{"not_picked":["ClowCardTheIllusion","ClowCardTheLock","ClowCardTheBubbles"],"picked":"SKIP","floor":25.0},{"not_picked":["ClowCardTheLoop+1","ClowCardTheLock","ClowCardTheVoice"],"picked":"SKIP","floor":29.0},{"not_picked":["ClowCardTheTime","ClowCardTheBig","ClowCardTheFly"],"picked":"SKIP","floor":30.0},{"not_picked":["ClowCardThePower","ClowCardTheShot","ClowCardTheMaze"],"picked":"SKIP","floor":31.0},{"not_picked":["ClowCardTheDream+1","ClowCardTheLibra","ClowCardTheShot"],"picked":"SKIP","floor":35.0},{"not_picked":["ClowCardTheMist","ClowCardTheErase+1","ClowCardTheRain"],"picked":"SKIP","floor":38},{"not_picked":["ClowCardTheShadow","ClowCardTheWood+1"],"picked":"ClowCardTheCreate","floor":40},{"not_picked":["ClowCardTheIllusion+1","ClowCardTheVoice","ClowCardTheLoop"],"picked":"SKIP","floor":41},{"not_picked":["ClowCardTheMist+1","ClowCardTheShot+1","ClowCardTheIllusion+1"],"picked":"SKIP","floor":44},{"not_picked":["ClowCardTheIllusion+1","ClowCardTheSand+1","ClowCardTheDash"],"picked":"SKIP","floor":48},{"not_picked":["ClowCardTheLibra+1","ClowCardTheArrow+1","ClowCardTheCloud+1"],"picked":"SKIP","floor":54}],"player_experience":79482,"relics_obtained":[{"floor":6.0,"key":"KSMOD_Cerberus"},{"floor":9.0,"key":"Sundial"},{"floor":12.0,"key":"Potion Belt"},{"floor":23.0,"key":"HornCleat"},{"floor":23.0,"key":"AT_SunfireAegis"},{"floor":25.0,"key":"Bronze Scales"},{"floor":26.0,"key":"Vajra"},{"floor":40,"key":"KSMOD_RollerSkates"},{"floor":41,"key":"AT_BellDemon"},{"floor":44,"key":"HollowMod:PaleOreRelic"},{"floor":44,"key":"KSMOD_SwordJade"},{"floor":44,"key":"Old Coin"},{"floor":44,"key":"MealTicket"},{"floor":48,"key":"AT_RedTearstoneRing"},{"floor":48,"key":"Darkstone Periapt"},{"floor":54,"key":"AT_ForceNature"},{"floor":54,"key":"AT_Manta"}],"event_choices":[{"damage_healed":0.0,"max_hp_gain":0.0,"max_hp_loss":0.0,"gold_gain":0.0,"event_name":"Golden Idol","player_choice":"Take Damage","floor":2.0,"gold_loss":0.0,"damage_taken":17.0,"relics_obtained":["Golden Idol"]},{"damage_healed":0.0,"max_hp_gain":0.0,"max_hp_loss":0.0,"gold_gain":0.0,"event_name":"The Cleric","player_choice":"Leave","floor":4.0,"gold_loss":0.0,"damage_taken":0.0},{"damage_healed":0.0,"max_hp_gain":0.0,"max_hp_loss":0.0,"gold_gain":0.0,"event_name":"The Woman in Blue","player_choice":"Bought 0 Potions","floor":22.0,"gold_loss":0.0,"damage_taken":0.0},{"damage_healed":0.0,"max_hp_gain":0.0,"max_hp_loss":0.0,"gold_gain":0.0,"event_name":"SensoryStone","player_choice":"Memory 3","floor":37.0,"gold_loss":0.0,"damage_taken":10.0},{"damage_healed":0,"gold_gain":0,"player_choice":"Ignored","damage_taken":0,"max_hp_gain":0,"max_hp_loss":0,"event_name":"Tomb of Lord Red Mask","floor":39,"gold_loss":0},{"damage_healed":0,"gold_gain":0,"player_choice":"Max HP","damage_taken":0,"max_hp_gain":0,"max_hp_loss":4,"event_name":"Winding Halls","floor":47,"gold_loss":0}],"is_beta":false,"boss_relics":[{"not_picked":["Tiny House","Empty Cage"],"picked":"REME_DuelDisc"},{"not_picked":["Black Star","Calling Bell"],"picked":"KSMOD_DarknessWand"}],"items_purged_floors":[20,28,36,46],"is_endless":false,"potions_floor_spawned":[7,11,12,14,19,24,25,29,30,40,44,54],"ascension_level":0}}