{"host":"tvwbxqry54t86y0v","time":1611639542,"event":{"mods":["2.2 Compatiblity","A Magickal Journey","Arknights The Spire","Astrologer","BaseMod","Beaked The Cultist","BetterRewards","Block Reminder","Clockwork Mod","Colored Powertips","DeckTracker","Downfall","Fiend Mod","GungeonMod","Hermit","Hubris","Infinite Spire","Ironclad Rager","Marked Mod","Mimic Mod","Minty Spire (QoL Compilation)","Potionbrewer","Replay The Spire","Shade Mod","Somnambulant","StSLib","The Bug Knight","The Cursed","The Death Knight","The Druid","The Elementalist","The Exalted","The Forsaken","The Hierophant","The Jungle","The Marked","The Mystic","The Problem Sleuth","The Runesmith","The Senshi","The Spell Scribe","The Valiant","The Wild Card","TheFirefly","TheHeartMod","Unceasing Turn Reminder","thorton"],"gold_per_floor":[116,116,116,216,113,147,147,166,212,212,228,240,240,273,273,373,373],"floor_reached":16,"language":"ENG","playtime":755,"items_purged":[],"score":108,"play_id":"827a9db2-2544-4833-9d40-d52eebb506fd","local_time":"20210126163902","is_ascension_mode":false,"campfire_choices":[{"data":"DeathKnight:BoneStorm","floor":7,"key":"SMITH"},{"data":"DeathKnight:RuneTap","floor":10,"key":"SMITH"},{"floor":13,"key":"REST"},{"floor":15,"key":"REST"}],"circlet_count":0,"master_deck":["DeathKnight:Strike_DeathKnight","DeathKnight:Strike_DeathKnight","DeathKnight:Strike_DeathKnight","DeathKnight:Strike_DeathKnight","DeathKnight:Strike_DeathKnight","DeathKnight:Defend_DeathKnight","DeathKnight:Defend_DeathKnight","DeathKnight:Defend_DeathKnight","DeathKnight:Defend_DeathKnight","DeathKnight:Defend_DeathKnight","DeathKnight:RuneTap+1","DeathKnight:RuneStrike","DeathKnight:BloodPact","DeathKnight:BloodEchoes","DeathKnight:BloodTap","DeathKnight:BoneStorm+1","DeathKnight:Pestilence","DeathKnight:GargoyleSkin","DeathKnight:GargoyleSkin"],"relics":["DeathKnight:BrokenRuneblade","Bromod:ArcaneNullifier","hubris:BottledRain","hubris:Icosahedron","Art of War","Orichalcum","Mummified Hand"],"acts_visited":["Exordium"],"potions_floor_usage":[6,14],"damage_taken":[{"damage":5,"enemies":"Jaw Worm","floor":1,"turns":6},{"damage":34,"enemies":"HollowMod:MossKnight","floor":6,"turns":14},{"damage":4,"enemies":"Small Slimes","floor":8,"turns":2},{"damage":1,"enemies":"2 Louse","floor":11,"turns":3},{"damage":8,"enemies":"Red Slaver","floor":12,"turns":4},{"damage":33,"enemies":"Gremlin Nob","floor":14,"turns":5},{"damage":48,"enemies":"Fading Forest","floor":16,"turns":8}],"seed_played":"8012691745040801808","potions_obtained":[{"floor":1,"key":"SpeedPotion"},{"floor":6,"key":"potionbrewer:CleansingPotion"},{"floor":12,"key":"ColorlessPotion"}],"is_trial":false,"path_per_floor":["M","?","?","?","$","E","R","M","T","R","M","M","R","E","R","B"],"character_chosen":"DEATH_KNIGHT","items_purchased":["DeathKnight:BloodEchoes","DeathKnight:BloodTap"],"campfire_rested":2,"item_purchase_floors":[5,5],"current_hp_per_floor":[70,70,70,70,70,36,36,32,32,32,31,23,45,12,34,0,0],"gold":373,"neow_bonus":"RANDOM_COMMON_RELIC","is_daily":false,"chose_seed":false,"campfire_upgraded":2,"win_rate":0.0,"timestamp":1611639542,"path_taken":["M","?","?","?","$","E","R","M","T","R","?","M","R","E","R","BOSS"],"items_purchased_type":["Card","Card"],"build_version":"2020-12-22","purchased_purges":0,"victory":false,"max_hp_per_floor":[75,75,75,75,75,75,75,75,75,75,75,75,75,75,75,75,75],"card_choices":[{"not_picked":["DeathKnight:ChainsOfIce","DeathKnight:DeathStrike"],"picked":"DeathKnight:BloodPact","floor":1},{"not_picked":["DeathKnight:DarkSuccor","DeathKnight:UnholyPresence"],"picked":"DeathKnight:BoneStorm","floor":6},{"not_picked":["DeathKnight:FoulBulwark","DeathKnight:BoneSpear"],"picked":"DeathKnight:Pestilence","floor":8},{"not_picked":["DeathKnight:BloodEchoes","DeathKnight:BloodStrike","DeathKnight:ChainsOfIce"],"picked":"SKIP","floor":11},{"not_picked":["DeathKnight:Ossuary","DeathKnight:Runesurge"],"picked":"DeathKnight:GargoyleSkin","floor":12},{"not_picked":["DeathKnight:Culling","DeathKnight:FrostStrike"],"picked":"DeathKnight:GargoyleSkin","floor":14}],"player_experience":1109527,"relics_obtained":[{"floor":2,"key":"hubris:BottledRain"},{"floor":6,"key":"Art of War"},{"floor":9,"key":"Orichalcum"},{"floor":14,"key":"Mummified Hand"}],"event_choices":[{"damage_healed":0,"gold_gain":100,"player_choice":"Pray","damage_taken":0,"max_hp_gain":0,"max_hp_loss":0,"event_name":"Golden Shrine","floor":4,"gold_loss":0}],"is_beta":false,"boss_relics":[],"items_purged_floors":[],"is_endless":false,"potions_floor_spawned":[1,6,12],"killed_by":"Fading Forest","ascension_level":0}}