{"host":"dcj2yvrgcvh5dl2s","time":1611682764,"event":{"mods":["BaseMod","Bestiary","Better Note","Block Reminder","Colored Powertips","Curses Come First","DeckTracker","Minty Spire (QoL Compilation)","Quick Restart","Rare Cards Sparkle","Relic Stats","StSLib"],"gold_per_floor":[18,18,18,39,10,10,10,10],"floor_reached":7,"language":"ENG","playtime":348,"items_purged":[],"score":76,"play_id":"2d103ad8-e655-4756-a608-561b03822628","local_time":"20210127033924","is_ascension_mode":true,"campfire_choices":[{"floor":6,"key":"REST"}],"circlet_count":0,"master_deck":["AscendersBane","Strike_R","Strike_R","Strike_R","Defend_R","Defend_R","Defend_R","Defend_R","Bash","Flex","Body Slam"],"relics":["Burning Blood","Golden Idol","Letter Opener"],"acts_visited":["Exordium"],"potions_floor_usage":[7],"damage_taken":[{"damage":10,"enemies":"Small Slimes","floor":1,"turns":3},{"damage":5,"enemies":"2 Louse","floor":4,"turns":4},{"damage":60,"enemies":"3 Sentries","floor":7,"turns":12}],"seed_played":"-1576471863848999383","potions_obtained":[{"floor":4,"key":"LiquidMemories"}],"is_trial":false,"path_per_floor":["M","?","?","M","$","R","E"],"character_chosen":"IRONCLAD","items_purchased":["Body Slam"],"campfire_rested":1,"item_purchase_floors":[5],"current_hp_per_floor":[64,38,38,39,39,61,1,1],"gold":10,"neow_bonus":"TRANSFORM_TWO_CARDS","is_daily":false,"chose_seed":false,"campfire_upgraded":0,"win_rate":0.0,"timestamp":1611682764,"path_taken":["M","?","?","?","$","R","E"],"items_purchased_type":["Card"],"build_version":"2020-12-22","purchased_purges":0,"victory":false,"max_hp_per_floor":[75,75,75,75,75,75,75,75],"relic_stats":{"counters":[3,19],"Golden Idol":4,"Letter Opener":[0],"obtain_stats":[{"Golden Idol":2,"Letter Opener":3,"Burning Blood":0},{"Golden Idol":1,"Letter Opener":1,"Burning Blood":0},{"Golden Idol":3,"Letter Opener":3,"Burning Blood":0}],"Burning Blood":12},"card_choices":[{"not_picked":["Cleave","Iron Wave"],"picked":"Shrug It Off","floor":1},{"not_picked":["Armaments","Sword Boomerang"],"picked":"Flex","floor":4}],"player_experience":2269557,"relics_obtained":[],"event_choices":[{"damage_healed":0,"gold_gain":0,"player_choice":"Take Damage","damage_taken":26,"relics_obtained":["Golden Idol"],"max_hp_gain":0,"max_hp_loss":0,"event_name":"Golden Idol","floor":2,"gold_loss":0},{"cards_removed":["Shrug It Off"],"damage_healed":0,"gold_gain":0,"player_choice":"Gave Card","damage_taken":0,"relics_obtained":["Letter Opener"],"max_hp_gain":0,"max_hp_loss":0,"event_name":"WeMeetAgain","floor":3,"gold_loss":0}],"is_beta":false,"boss_relics":[],"items_purged_floors":[],"is_endless":false,"potions_floor_spawned":[4],"killed_by":"3 Sentries","ascension_level":19}}