{"host":"qekv59dthhdg54sz","time":1611653704,"event":{"mods":["AchievementEnabler","BaseMod","Colored Map","DeckTracker","KOR Keyword Fix","Minty Spire (QoL Compilation)","Rare Cards Sparkle","StSLib","SuperFastMode"],"gold_per_floor":[116,116,133,133,148,148,179,179,179,104,104,129,149,183,183,282,282,301,312,41,70,82,114,114,114,139,54,72,97,97,114,114,227,254,275,67,79,79,301,301,333,333,356,366,391,391,401,429,429,429],"floor_reached":51,"language":"KOR","playtime":2061,"items_purged":["Decay","Armaments","Immolate+1"],"score":1377,"play_id":"957345a4-2b76-420c-bdaf-60d2ec4b3a75","local_time":"20210126183504","is_ascension_mode":true,"campfire_choices":[{"data":"Immolate","floor":6.0,"key":"SMITH"},{"data":"Battle Trance","floor":8.0,"key":"SMITH"},{"data":"Shrug It Off","floor":11.0,"key":"SMITH"},{"data":"Battle Trance","floor":15.0,"key":"SMITH"},{"data":"Apotheosis","floor":32.0,"key":"SMITH"},{"floor":40.0,"key":"REST"},{"data":"Entrench","floor":46.0,"key":"SMITH"},{"data":"Barricade","floor":49,"key":"SMITH"}],"circlet_count":0,"master_deck":["AscendersBane","Shrug It Off+1","Battle Trance+1","Battle Trance+1","Spot Weakness","Barricade+1","Fiend Fire","Shrug It Off","Burning Pact","Dropkick","Infernal Blade","Sword Boomerang","Apotheosis+1","Power Through","Entrench+1","Offering","Limit Break+1","True Grit+1","Headbutt+1","Second Wind+1","Evolve+1"],"relics":["Burning Blood","Self Forming Clay","Thread and Needle","Mummified Hand","Singing Bowl","Ancient Tea Set","Pandora\u0027s Box","Red Mask","Art of War","Nilry\u0027s Codex","Lantern","CeramicFish","Bottled Tornado","Astrolabe","Membership Card","Eternal Feather","Regal Pillow","Frozen Egg 2"],"acts_visited":["Exordium","TheCity","TheBeyond"],"potions_floor_usage":[50],"damage_taken":[{"damage":2.0,"enemies":"Small Slimes","floor":1.0,"turns":5.0},{"damage":2.0,"enemies":"Cultist","floor":3.0,"turns":4.0},{"damage":0.0,"enemies":"2 Louse","floor":5.0,"turns":2.0},{"damage":14.0,"enemies":"3 Sentries","floor":7.0,"turns":7.0},{"damage":14.0,"enemies":"Lagavulin","floor":12.0,"turns":7.0},{"damage":0.0,"enemies":"Looter","floor":13.0,"turns":3.0},{"damage":8.0,"enemies":"3 Sentries","floor":14.0,"turns":4.0},{"damage":20.0,"enemies":"Slime Boss","floor":16.0,"turns":7.0},{"damage":6.0,"enemies":"Spheric Guardian","floor":18.0,"turns":4.0},{"damage":0.0,"enemies":"Shell Parasite","floor":19.0,"turns":6.0},{"damage":0.0,"enemies":"Masked Bandits","floor":21.0,"turns":2.0},{"damage":20.0,"enemies":"Snake Plant","floor":22.0,"turns":4.0},{"damage":0.0,"enemies":"Gremlin Leader","floor":23.0,"turns":9.0},{"damage":0.0,"enemies":"Centurion and Healer","floor":28.0,"turns":8.0},{"damage":23.0,"enemies":"Slavers","floor":29.0,"turns":7.0},{"damage":0.0,"enemies":"Snecko","floor":31.0,"turns":5.0},{"damage":0.0,"enemies":"Automaton","floor":33.0,"turns":11.0},{"damage":24.0,"enemies":"3 Darklings","floor":35.0,"turns":7.0},{"damage":20.0,"enemies":"3 Shapes","floor":37.0,"turns":9.0},{"damage":0.0,"enemies":"Jaw Worm Horde","floor":38.0,"turns":1.0},{"damage":7.0,"enemies":"Reptomancer","floor":41.0,"turns":9.0},{"damage":20.0,"enemies":"Transient","floor":44.0,"turns":5.0},{"damage":6.0,"enemies":"Nemesis","floor":45.0,"turns":7.0},{"damage":6.0,"enemies":"3 Darklings","floor":47.0,"turns":7.0},{"damage":10,"enemies":"Writhing Mass","floor":48,"turns":6},{"damage":32,"enemies":"Donu and Deca","floor":50,"turns":9}],"seed_played":"4526796291043213071","potions_obtained":[{"floor":1.0,"key":"Ancient Potion"},{"floor":12.0,"key":"SneckoOil"},{"floor":19.0,"key":"Swift Potion"},{"floor":21.0,"key":"Strength Potion"},{"floor":29.0,"key":"SmokeBomb"},{"floor":31.0,"key":"Energy Potion"},{"floor":41.0,"key":"PowerPotion"}],"is_trial":false,"path_per_floor":["M","?","M","T","M","R","E","R","T","$","R","E","M","E","R","B",null,"M","M","$","?","M","E","?","?","T","?","M","E","$","M","R","B",null,"M","$","M","M","?","R","E","?","T","M","E","R","M","M","R","B",null],"character_chosen":"IRONCLAD","items_purchased":["Apotheosis","Membership Card"],"campfire_rested":1,"item_purchase_floors":[20,36],"current_hp_per_floor":[76,68,72,72,78,78,70,70,70,70,70,64,72,70,70,56,77,79,87,87,90,76,84,68,68,68,68,76,61,61,69,69,75,92,74,74,62,68,68,98,99,97,97,85,87,99,101,97,103,77],"gold":429,"neow_bonus":"THREE_RARE_CARDS","is_daily":false,"chose_seed":false,"campfire_upgraded":7,"win_rate":0.0,"timestamp":1611653704,"path_taken":["M","?","?","?","M","R","E","R","T","$","R","E","M","E","R","BOSS","M","M","$","?","M","E","?","?","T","?","M","E","$","M","R","BOSS","M","$","M","M","?","R","E","?","T","M","E","R","M","M","R","BOSS"],"items_purchased_type":["Card","Relic"],"build_version":"2020-12-22","purchased_purges":3,"victory":true,"max_hp_per_floor":[80,80,80,80,80,80,80,80,80,80,80,82,84,84,84,84,84,86,88,88,90,90,92,92,92,92,92,94,96,96,98,98,98,98,98,98,100,100,100,100,102,97,97,99,101,101,103,103,103,103],"card_choices":[{"not_picked":["Demon Form","Barricade"],"picked":"Immolate","floor":0.0},{"not_picked":["Warcry","Iron Wave"],"picked":"Shrug It Off","floor":1.0},{"not_picked":["Clothesline","Armaments"],"picked":"Battle Trance","floor":3.0},{"not_picked":["Body Slam","Hemokinesis","Infernal Blade"],"picked":"SKIP","floor":5.0},{"not_picked":["Fiend Fire","Clothesline"],"picked":"Battle Trance","floor":7.0},{"not_picked":["Perfected Strike","Rage","Heavy Blade"],"picked":"Singing Bowl","floor":12.0},{"not_picked":["Sentinel","Wild Strike","Heavy Blade"],"picked":"Singing Bowl","floor":13.0},{"not_picked":["Shockwave","Rampage"],"picked":"Spot Weakness","floor":14.0},{"not_picked":["Brutality","Berserk"],"picked":"Barricade","floor":16.0},{"not_picked":["Clash","Metallicize","Twin Strike"],"picked":"Singing Bowl","floor":18.0},{"not_picked":["Cleave","Sword Boomerang","Flex"],"picked":"Singing Bowl","floor":19.0},{"not_picked":["Clash","Twin Strike","Hemokinesis"],"picked":"Singing Bowl","floor":21.0},{"not_picked":["Second Wind","Feed"],"picked":"Power Through","floor":22.0},{"not_picked":["Blood for Blood","Fiend Fire","Searing Blow"],"picked":"Singing Bowl","floor":23.0},{"not_picked":["Pommel Strike","Sword Boomerang","Clothesline"],"picked":"Singing Bowl","floor":28.0},{"not_picked":["Anger+1","Cleave+1","Seeing Red"],"picked":"Singing Bowl","floor":29.0},{"not_picked":["Clothesline","Heavy Blade","Burning Pact"],"picked":"Singing Bowl","floor":31.0},{"not_picked":["Demon Form","Limit Break"],"picked":"Offering","floor":33.0},{"not_picked":["Armaments","Anger+1"],"picked":"Second Wind+1","floor":35.0},{"not_picked":["True Grit","Uppercut","Sentinel+1"],"picked":"Singing Bowl","floor":37.0},{"not_picked":["Clash","Iron Wave+1","Headbutt"],"picked":"Singing Bowl","floor":41.0},{"not_picked":["Armaments+1","Anger","Thunderclap"],"picked":"Singing Bowl","floor":44.0},{"not_picked":["Battle Trance+1","Anger+1","Shrug It Off+1"],"picked":"Singing Bowl","floor":45.0},{"not_picked":["Blood for Blood+1","Headbutt","Warcry"],"picked":"Singing Bowl","floor":47.0},{"not_picked":["Perfected Strike+1","Double Tap"],"picked":"Evolve+1","floor":48}],"player_experience":846449,"relics_obtained":[{"floor":4.0,"key":"Self Forming Clay"},{"floor":7.0,"key":"Thread and Needle"},{"floor":9.0,"key":"Mummified Hand"},{"floor":12.0,"key":"Singing Bowl"},{"floor":14.0,"key":"Ancient Tea Set"},{"floor":21.0,"key":"Red Mask"},{"floor":23.0,"key":"Art of War"},{"floor":24.0,"key":"Nilry\u0027s Codex"},{"floor":26.0,"key":"Lantern"},{"floor":29.0,"key":"Bottled Tornado"},{"floor":41.0,"key":"Eternal Feather"},{"floor":43.0,"key":"Regal Pillow"},{"floor":45.0,"key":"Frozen Egg 2"}],"event_choices":[{"damage_healed":0.0,"max_hp_gain":0.0,"max_hp_loss":0.0,"gold_gain":0.0,"event_name":"Wheel of Change","player_choice":"Damaged","floor":2.0,"gold_loss":0.0,"damage_taken":8.0},{"damage_healed":0.0,"max_hp_gain":0.0,"max_hp_loss":0.0,"gold_gain":0.0,"event_name":"Masked Bandits","player_choice":"Fought Bandits","floor":21.0,"gold_loss":0.0,"damage_taken":0.0},{"damage_healed":0.0,"max_hp_gain":0.0,"max_hp_loss":0.0,"gold_gain":0.0,"event_name":"Cursed Tome","player_choice":"Obtained Book","floor":24.0,"gold_loss":0.0,"damage_taken":16.0},{"damage_healed":0.0,"max_hp_gain":0.0,"max_hp_loss":0.0,"gold_gain":0.0,"event_name":"The Library","player_choice":"Read","floor":25.0,"gold_loss":0.0,"damage_taken":0.0,"cards_obtained":["Entrench"]},{"damage_healed":0.0,"max_hp_gain":0.0,"max_hp_loss":0.0,"gold_gain":0.0,"event_name":"Addict","player_choice":"Obtained Relic","floor":27.0,"gold_loss":85.0,"damage_taken":0.0,"relics_obtained":["CeramicFish"]},{"damage_healed":0.0,"max_hp_gain":0.0,"max_hp_loss":0.0,"gold_gain":222.0,"event_name":"Tomb of Lord Red Mask","player_choice":"Wore Mask","floor":39.0,"gold_loss":0.0,"damage_taken":0.0},{"damage_healed":0.0,"max_hp_gain":0.0,"max_hp_loss":5.0,"gold_gain":0.0,"event_name":"Winding Halls","player_choice":"Max HP","floor":42.0,"gold_loss":0.0,"damage_taken":0.0}],"is_beta":false,"boss_relics":[{"not_picked":["Runic Dome","Ectoplasm"],"picked":"Pandora\u0027s Box"},{"not_picked":["Runic Pyramid","Busted Crown"],"picked":"Astrolabe"}],"items_purged_floors":[10,20,36],"is_endless":false,"potions_floor_spawned":[1,12,13,14,19,21,29,31,35,38,41,47,48],"ascension_level":11}}