{"host":"49c2zf0lajbcs427","time":1611644066,"event":{"mods":["AchievementEnabler","BaseMod","Colored Map","Colored Powertips","Highlight Path","Key Reminder","Minty Spire (QoL Compilation)","Relic Stats","StSLib"],"gold_per_floor":[115,130,149,6,6,6,32,9,9,37,53,68,68,87,87,187,187,201,201,212,232,232,257,257,292,367,171,183,209,109,438,438,534,534,554,554,204,204,254,283,283,309,335,369,369,369,369,385,385,385,385,385,88,88,88],"floor_reached":54,"language":"ENG","playtime":4503,"items_purged":["Strike_B","Strike_B","Strike_B","Defend_B"],"score":1005,"play_id":"5f307cc0-81aa-4905-8837-64713b71d2ae","local_time":"20210126195426","is_ascension_mode":true,"campfire_choices":[{"data":"Ball Lightning","floor":6,"key":"SMITH"},{"data":"Redo","floor":13,"key":"SMITH"},{"data":"Zap","floor":15,"key":"SMITH"},{"data":"Coolheaded","floor":24,"key":"SMITH"},{"data":"Amplify","floor":32,"key":"SMITH"},{"data":"Strike_B","floor":41,"key":"PURGE"},{"floor":47,"key":"REST"},{"floor":49,"key":"RECALL"},{"floor":52,"key":"REST"}],"circlet_count":0,"master_deck":["Defend_B","Defend_B","Defend_B","Zap+1","Dualcast","Ball Lightning","Undo","Coolheaded+1","Ball Lightning+1","Consume","Rebound","Glacier","Defragment+1","Redo+1","Self Repair+1","Seek+1","Doom and Gloom","Skim+1","Undo","Glacier","Coolheaded+1","Machine Learning+1","Coolheaded","Amplify+1","Reboot","Defragment+1","Dark Shackles","Streamline+1","Aggregate+1","Defragment+1","Hologram","Doom and Gloom"],"relics":["SlaversCollar","NlothsMask","Matryoshka","Frozen Egg 2","Dream Catcher","Velvet Choker","Pantograph","Peace Pipe","Symbiotic Virus","White Beast Statue","MealTicket","Old Coin","Snecko Eye","DollysMirror","Turnip","Strawberry","Akabeko","Girya"],"acts_visited":["Exordium","TheCity","TheBeyond","TheEnding"],"potions_floor_usage":[16,25,33,44,50,54,54,54,54],"damage_taken":[{"damage":1,"enemies":"Cultist","floor":1,"turns":4},{"damage":2,"enemies":"Jaw Worm","floor":2,"turns":4},{"damage":0,"enemies":"Small Slimes","floor":3,"turns":2},{"damage":13,"enemies":"3 Sentries","floor":7,"turns":10},{"damage":5,"enemies":"Gremlin Nob","floor":10,"turns":3},{"damage":6,"enemies":"Exordium Thugs","floor":11,"turns":6},{"damage":13,"enemies":"Blue Slaver","floor":12,"turns":4},{"damage":1,"enemies":"3 Louse","floor":14,"turns":3},{"damage":9,"enemies":"Hexaghost","floor":16,"turns":7},{"damage":0,"enemies":"Chosen","floor":18,"turns":4},{"damage":34,"enemies":"2 Thieves","floor":20,"turns":3},{"damage":11,"enemies":"Centurion and Healer","floor":21,"turns":7},{"damage":38,"enemies":"Gremlin Leader","floor":23,"turns":6},{"damage":12,"enemies":"Slavers","floor":25,"turns":5},{"damage":1,"enemies":"Snecko","floor":28,"turns":6},{"damage":5,"enemies":"Book of Stabbing","floor":29,"turns":6},{"damage":6,"enemies":"Gremlin Leader","floor":31,"turns":7},{"damage":15,"enemies":"Collector","floor":33,"turns":10},{"damage":15,"enemies":"Orb Walker","floor":35,"turns":4},{"damage":0,"enemies":"Mind Bloom Boss Battle","floor":39,"turns":4},{"damage":26,"enemies":"Reptomancer","floor":40,"turns":9},{"damage":11,"enemies":"Nemesis","floor":42,"turns":11},{"damage":83,"enemies":"Giant Head","floor":44,"turns":17},{"damage":17,"enemies":"3 Darklings","floor":48,"turns":7},{"damage":18,"enemies":"Donu and Deca","floor":50,"turns":10},{"damage":116,"enemies":"Shield and Spear","floor":54,"turns":5}],"seed_played":"-7863013844215455556","potions_obtained":[{"floor":2,"key":"BlessingOfTheForge"},{"floor":10,"key":"EssenceOfDarkness"},{"floor":14,"key":"LiquidMemories"},{"floor":16,"key":"SmokeBomb"},{"floor":18,"key":"Ancient Potion"},{"floor":25,"key":"BlessingOfTheForge"},{"floor":28,"key":"DuplicationPotion"},{"floor":33,"key":"FairyPotion"},{"floor":44,"key":"PotionOfCapacity"},{"floor":48,"key":"EntropicBrew"}],"is_trial":false,"path_per_floor":["M","M","M","$","?","R","E","$","T","E","M","M","R","M","R","B",null,"M","?","M","M","?","E","R","E","T","$","M","E","$","E","R","B",null,"M","?","$","?","?","E","R","E","T","E","?","?","R","M","R","B",null,"R","$","E"],"character_chosen":"DEFECT","items_purchased":["FairyPotion","Ball Lightning","Rebound","Glacier","Coolheaded","DollysMirror","DuplicationPotion","Doom and Gloom","Regen Potion"],"campfire_rested":2,"item_purchase_floors":[4,4,8,27,27,37,37,53,53],"current_hp_per_floor":[74,72,72,72,72,72,59,59,59,54,48,35,35,34,34,35,65,75,75,51,50,44,16,16,14,14,14,23,28,43,47,47,67,73,68,68,75,75,75,66,66,65,65,17,17,17,40,43,43,60,74,78,78,0,0],"gold":88,"neow_bonus":"BOSS_RELIC","is_daily":false,"chose_seed":false,"campfire_upgraded":5,"win_rate":0.0,"timestamp":1611644066,"path_taken":["M","?","M","$","?","R","E","?","T","E","M","M","R","M","R","BOSS","M","?","?","M","?","E","R","E","T","$","M","E","?","E","R","BOSS","M","?","$","?","?","E","R","E","T","E","?","?","R","M","R","BOSS","R","$","E"],"items_purchased_type":["Potion","Card","Card","Card","Card","Relic","Potion","Card","Potion"],"build_version":"2020-12-22","purchased_purges":4,"victory":false,"max_hp_per_floor":[75,75,75,75,75,75,75,75,75,75,75,75,75,75,75,75,75,75,75,75,75,75,75,75,75,75,75,75,75,75,75,75,75,75,75,75,75,75,75,82,82,82,82,82,78,78,78,78,78,78,78,78,78,78,78],"relic_stats":{"Peace Pipe":1,"Dream Catcher":2,"counters":[26,164],"Pantograph":50,"Snecko Eye":[126,126,142,131],"MealTicket":22,"Turnip":[0],"obtain_stats":[{"Girya":44,"Velvet Choker":17,"Frozen Egg 2":9,"White Beast Statue":26,"Akabeko":42,"Old Coin":31,"keyreminder:keyreminder":7,"Peace Pipe":25,"SlaversCollar":0,"Dream Catcher":10,"Matryoshka":7,"DollysMirror":37,"Pantograph":23,"Strawberry":40,"Snecko Eye":34,"MealTicket":29,"Turnip":39,"Cracked Core":0,"Symbiotic Virus":26,"NlothsMask":5},{"Girya":23,"Velvet Choker":9,"Frozen Egg 2":4,"White Beast Statue":14,"Akabeko":22,"Old Coin":17,"keyreminder:keyreminder":4,"Peace Pipe":14,"SlaversCollar":0,"Dream Catcher":5,"Matryoshka":4,"DollysMirror":19,"Pantograph":13,"Strawberry":21,"Snecko Eye":18,"MealTicket":16,"Turnip":20,"Cracked Core":0,"Symbiotic Virus":14,"NlothsMask":3},{"Girya":142,"Velvet Choker":43,"Frozen Egg 2":20,"White Beast Statue":68,"Akabeko":125,"Old Coin":87,"keyreminder:keyreminder":20,"Peace Pipe":68,"SlaversCollar":0,"Dream Catcher":23,"Matryoshka":20,"DollysMirror":101,"Pantograph":63,"Strawberry":114,"Snecko Eye":97,"MealTicket":80,"Turnip":105,"Cracked Core":0,"Symbiotic Virus":68,"NlothsMask":10}]},"card_choices":[{"not_picked":["Hologram","Aggregate"],"picked":"Ball Lightning","floor":1},{"not_picked":["Turbo","Darkness"],"picked":"Undo","floor":2},{"not_picked":["Barrage","Go for the Eyes"],"picked":"Coolheaded","floor":3},{"not_picked":["Steam","Amplify"],"picked":"Consume","floor":7},{"not_picked":["Fusion","Redo"],"picked":"Glacier","floor":10},{"not_picked":["Storm+1","Gash"],"picked":"Defragment+1","floor":11},{"not_picked":["Steam","Hologram"],"picked":"Redo","floor":12},{"not_picked":["Chaos","FTL"],"picked":"Self Repair+1","floor":14},{"not_picked":["Amplify","All For One"],"picked":"Seek","floor":16},{"not_picked":["Rebound","Gash"],"picked":"Doom and Gloom","floor":18},{"not_picked":["Turbo","Compile Driver+1","Barrage"],"picked":"SKIP","floor":20},{"not_picked":["Melter","Ball Lightning+1"],"picked":"Skim+1","floor":21},{"not_picked":["Ball Lightning","Rebound","Scrape+1"],"picked":"SKIP","floor":23},{"not_picked":["Rebound","Consume"],"picked":"Undo","floor":25},{"not_picked":["Sweeping Beam","Doom and Gloom+1"],"picked":"Machine Learning+1","floor":28},{"not_picked":["Core Surge","Streamline"],"picked":"Coolheaded","floor":29},{"not_picked":["Tempest+1","Stack+1"],"picked":"Amplify","floor":31},{"not_picked":["Hyperbeam","All For One"],"picked":"Reboot","floor":33},{"not_picked":["White Noise","Genetic Algorithm+1","Cold Snap+1"],"picked":"SKIP","floor":35},{"not_picked":["Impatience","Mayhem+1"],"picked":"Dark Shackles","floor":38},{"not_picked":["Rebound+1","Sweeping Beam","Hello World+1"],"picked":"SKIP","floor":40},{"not_picked":["Rebound+1","Sweeping Beam","Hello World+1"],"picked":"SKIP","floor":40},{"not_picked":["Turbo+1","Scrape"],"picked":"Streamline+1","floor":42},{"not_picked":["Rebound+1","Scrape+1"],"picked":"Aggregate+1","floor":44},{"not_picked":["Barrage","Recycle+1"],"picked":"Defragment+1","floor":47},{"not_picked":["Streamline+1","White Noise"],"picked":"Hologram","floor":48}],"player_experience":2365055,"relics_obtained":[{"floor":7,"key":"Matryoshka"},{"floor":9,"key":"Frozen Egg 2"},{"floor":10,"key":"Dream Catcher"},{"floor":23,"key":"Pantograph"},{"floor":25,"key":"Peace Pipe"},{"floor":26,"key":"Symbiotic Virus"},{"floor":26,"key":"White Beast Statue"},{"floor":29,"key":"MealTicket"},{"floor":31,"key":"Old Coin"},{"floor":39,"key":"Turnip"},{"floor":40,"key":"Strawberry"},{"floor":42,"key":"Akabeko"},{"floor":44,"key":"Girya"}],"event_choices":[{"damage_healed":0,"gold_gain":0,"player_choice":"Trade","damage_taken":0,"relics_obtained":["NlothsMask"],"max_hp_gain":0,"max_hp_loss":0,"event_name":"FaceTrader","floor":5,"gold_loss":0},{"damage_healed":0,"gold_gain":0,"player_choice":"Forge","damage_taken":0,"max_hp_gain":0,"max_hp_loss":0,"event_name":"Accursed Blacksmith","floor":19,"gold_loss":0,"cards_upgraded":["Seek"]},{"damage_healed":0,"gold_gain":0,"player_choice":"","damage_taken":6,"max_hp_gain":0,"max_hp_loss":0,"event_name":"Knowing Skull","floor":22,"potions_obtained":[],"gold_loss":0,"cards_obtained":[]},{"damage_healed":0,"gold_gain":0,"player_choice":"Ignored","damage_taken":0,"max_hp_gain":0,"max_hp_loss":0,"event_name":"Tomb of Lord Red Mask","floor":36,"gold_loss":0},{"damage_healed":0,"gold_gain":0,"player_choice":"Memory 1","damage_taken":0,"max_hp_gain":0,"max_hp_loss":0,"event_name":"SensoryStone","floor":38,"gold_loss":0},{"damage_healed":0,"gold_gain":0,"player_choice":"Fight","damage_taken":0,"max_hp_gain":0,"max_hp_loss":0,"event_name":"MindBloom","floor":39,"gold_loss":0},{"damage_healed":0,"gold_gain":0,"player_choice":"Max HP","damage_taken":0,"max_hp_gain":0,"max_hp_loss":4,"event_name":"Winding Halls","floor":45,"gold_loss":0},{"damage_healed":0,"gold_gain":0,"player_choice":"Upgraded","damage_taken":0,"max_hp_gain":0,"max_hp_loss":0,"event_name":"Upgrade Shrine","floor":46,"gold_loss":0,"cards_upgraded":["Coolheaded"]}],"is_beta":false,"boss_relics":[{"not_picked":["Empty Cage","Runic Dome"],"picked":"Velvet Choker"},{"not_picked":["Sozu","Cursed Key"],"picked":"Snecko Eye"}],"items_purged_floors":[27,30,37,53],"is_endless":false,"potions_floor_spawned":[2,10,12,14,16,18,25,28,29,31,33,35,39,40,42,44,48],"killed_by":"Shield and Spear","ascension_level":5}}