{"host":"9l4mw5jqza9qz9hr","time":1611681250,"event":{"mods":["AchievementEnabler","Always Whale","BaseMod","Colored Map","Minty Spire (QoL Compilation)","StSLib","SuperFastMode"],"gold_per_floor":[114,114,129,144,159,189,189,189,189,204,219,0,30,30,30,130,130,145,60,60,75,23,53,68,98,98,98,198,198,228,243,243,343,343,358,458,473,473,160,190,170,170,170,220,220,232,34,64,64,64],"floor_reached":51,"language":"KOR","playtime":8690,"items_purged":["Twin Strike"],"score":919,"play_id":"2032b14a-c904-4c1b-87c9-c028d7331bdd","local_time":"20210127021410","daily_mods":["SealedDeck","Flight","Night Terrors"],"is_ascension_mode":false,"campfire_choices":[{"data":"Whirlwind","floor":7,"key":"SMITH"},{"data":"Apotheosis","floor":15,"key":"SMITH"},{"floor":29,"key":"REST"},{"floor":32,"key":"REST"},{"floor":42,"key":"REST"},{"data":"Carnage+1","floor":49,"key":"PURGE"}],"circlet_count":0,"master_deck":["Disarm","Intimidate","Uppercut","Armaments+1","True Grit","Warcry","Wild Strike","Wild Strike","Perfected Strike","Whirlwind+1","Flame Barrier","Disarm","Heavy Blade+1","Perfected Strike","Perfected Strike","Apotheosis+1","Pommel Strike","Rage","Immolate","Flex+1","Second Wind","Shrug It Off","Wild Strike","Wild Strike","Corruption","Perfected Strike","Limit Break","Perfected Strike","Inflame+1","Shrug It Off+1","Evolve","Flash of Steel","Wild Strike+1","Perfected Strike","Finesse","Shrug It Off+1"],"relics":["Burning Blood","Mango","Ornamental Fan","Nunchaku","Fusion Hammer","Pen Nib","Enchiridion","Regal Pillow","White Beast Statue","Lantern","Incense Burner","Letter Opener","Ginger","Philosopher\u0027s Stone","Membership Card","Blue Candle","Strawberry","Shuriken","Torii","Peace Pipe","DollysMirror","Oddly Smooth Stone","Centennial Puzzle"],"acts_visited":["Exordium","TheCity","TheBeyond"],"potions_floor_usage":[33,33,46,46,50,50],"damage_taken":[{"damage":3,"enemies":"Jaw Worm","floor":1,"turns":3},{"damage":0,"enemies":"Cultist","floor":3,"turns":3},{"damage":0,"enemies":"2 Louse","floor":4,"turns":1},{"damage":8,"enemies":"Blue Slaver","floor":5,"turns":3},{"damage":25,"enemies":"3 Sentries","floor":6,"turns":6},{"damage":0,"enemies":"2 Fungi Beasts","floor":10,"turns":2},{"damage":0,"enemies":"3 Louse","floor":11,"turns":1},{"damage":17,"enemies":"Lagavulin","floor":13,"turns":7},{"damage":0,"enemies":"Slime Boss","floor":16,"turns":8},{"damage":2,"enemies":"3 Byrds","floor":18,"turns":3},{"damage":9,"enemies":"Shell Parasite","floor":21,"turns":3},{"damage":24,"enemies":"Slavers","floor":23,"turns":3},{"damage":0,"enemies":"Centurion and Healer","floor":24,"turns":4},{"damage":14,"enemies":"Gremlin Leader","floor":25,"turns":5},{"damage":6,"enemies":"Colosseum Slavers","floor":28,"turns":2},{"damage":1,"enemies":"Colosseum Nobs","floor":28,"turns":4},{"damage":14,"enemies":"Book of Stabbing","floor":30,"turns":3},{"damage":0,"enemies":"Snake Plant","floor":31,"turns":3},{"damage":38,"enemies":"Automaton","floor":33,"turns":7},{"damage":0,"enemies":"3 Shapes","floor":35,"turns":1},{"damage":23,"enemies":"3 Darklings","floor":37,"turns":3},{"damage":55,"enemies":"Reptomancer","floor":40,"turns":5},{"damage":18,"enemies":"Mind Bloom Boss Battle","floor":44,"turns":4},{"damage":1,"enemies":"2 Orb Walkers","floor":46,"turns":2},{"damage":0,"enemies":"Nemesis","floor":48,"turns":5},{"damage":55,"enemies":"Donu and Deca","floor":50,"turns":6}],"seed_played":"-4735054310349275430","potions_obtained":[{"floor":4,"key":"ColorlessPotion"},{"floor":6,"key":"SteroidPotion"},{"floor":16,"key":"SkillPotion"},{"floor":28,"key":"LiquidMemories"},{"floor":33,"key":"ElixirPotion"},{"floor":35,"key":"DuplicationPotion"},{"floor":44,"key":"DistilledChaos"},{"floor":46,"key":"SpeedPotion"},{"floor":48,"key":"Ancient Potion"}],"is_trial":false,"path_per_floor":["M","?","M","M","M","E","R","?","T","M","M","$","E","?","R","B",null,"M","?","?","M","$","E","M","E","T","?","?","R","E","M","R","B",null,"M","?","M","?","$","E","$","R","T","?","?","?","$","E","R","B",null],"character_chosen":"IRONCLAD","items_purchased":["Apotheosis","Pommel Strike","Shrug It Off","Membership Card","Blue Candle","Evolve","DollysMirror","Oddly Smooth Stone","Finesse"],"campfire_rested":3,"item_purchase_floors":[12,12,22,39,39,41,47,47,47],"current_hp_per_floor":[80,80,80,80,78,73,73,73,73,79,85,85,74,74,74,80,94,94,94,78,75,75,57,63,55,55,55,60,89,81,87,84,52,84,84,84,67,67,67,25,25,82,82,70,60,65,65,71,71,22],"gold":64,"neow_bonus":"","is_daily":true,"chose_seed":false,"campfire_upgraded":2,"win_rate":0.0,"timestamp":1611681250,"path_taken":["M","?","?","M","M","E","R","?","T","?","M","$","E","?","R","BOSS","M","?","?","M","$","E","M","E","T","?","?","R","E","?","R","BOSS","M","?","?","?","$","E","$","R","T","?","?","?","$","E","R","BOSS"],"items_purchased_type":["Card","Card","Card","Relic","Relic","Card","Relic","Relic","Card"],"build_version":"2020-12-22","purchased_purges":1,"victory":true,"max_hp_per_floor":[80,80,80,80,80,94,94,94,94,94,94,94,94,94,94,94,94,94,94,94,94,94,94,94,94,94,94,94,89,89,89,84,84,84,84,84,84,80,80,87,87,82,82,82,82,82,82,82,82,82],"card_choices":[{"not_picked":["Rupture","Anger"],"picked":"Cleave","floor":1},{"not_picked":["Rampage","Bloodletting"],"picked":"Flame Barrier","floor":3},{"not_picked":["Havoc","Warcry"],"picked":"Disarm","floor":4},{"not_picked":["Rupture","Heavy Blade","Seeing Red"],"picked":"SKIP","floor":5},{"not_picked":["Rupture","Seeing Red"],"picked":"Heavy Blade","floor":5},{"not_picked":["Thunderclap","Flame Barrier"],"picked":"Twin Strike","floor":6},{"not_picked":["Bludgeon","Power Through"],"picked":"Perfected Strike","floor":10},{"not_picked":["Warcry","Heavy Blade"],"picked":"Perfected Strike","floor":11},{"not_picked":["Armaments","Warcry","Juggernaut"],"picked":"SKIP","floor":13},{"not_picked":["Brutality","Bludgeon"],"picked":"Immolate","floor":16},{"not_picked":["Body Slam+1","Thunderclap"],"picked":"Flex+1","floor":18},{"not_picked":["Thunderclap","Heavy Blade"],"picked":"Second Wind","floor":21},{"not_picked":["Havoc","Blood for Blood","Thunderclap+1"],"picked":"SKIP","floor":23},{"not_picked":["Sever Soul+1","Flex","Warcry"],"picked":"SKIP","floor":24},{"not_picked":["Wild Strike","Sword Boomerang","Pummel"],"picked":"SKIP","floor":25},{"not_picked":["Sword Boomerang","Pummel"],"picked":"Wild Strike","floor":25},{"not_picked":["Warcry+1","Iron Wave"],"picked":"Corruption","floor":28},{"not_picked":["Infernal Blade+1","Berserk"],"picked":"Perfected Strike","floor":30},{"not_picked":["Headbutt+1","Bloodletting+1","Body Slam+1"],"picked":"SKIP","floor":31},{"not_picked":["Juggernaut","Corruption"],"picked":"Limit Break","floor":33},{"not_picked":["True Grit","Thunderclap+1"],"picked":"Perfected Strike","floor":35},{"not_picked":["Anger","Spot Weakness+1"],"picked":"Inflame+1","floor":37},{"not_picked":["Bloodletting","Flex+1"],"picked":"Shrug It Off+1","floor":40},{"not_picked":["Heavy Blade+1","Warcry"],"picked":"Carnage+1","floor":44},{"not_picked":["Thinking Ahead","Bandage Up"],"picked":"Flash of Steel","floor":45},{"not_picked":["Dropkick","Shrug It Off"],"picked":"Wild Strike+1","floor":46},{"not_picked":["Sword Boomerang","Havoc+1"],"picked":"Shrug It Off+1","floor":48}],"player_experience":252193,"relics_obtained":[{"floor":6,"key":"Mango"},{"floor":9,"key":"Ornamental Fan"},{"floor":13,"key":"Nunchaku"},{"floor":20,"key":"Enchiridion"},{"floor":23,"key":"Regal Pillow"},{"floor":25,"key":"White Beast Statue"},{"floor":26,"key":"Lantern"},{"floor":28,"key":"Incense Burner"},{"floor":28,"key":"Letter Opener"},{"floor":30,"key":"Ginger"},{"floor":40,"key":"Strawberry"},{"floor":43,"key":"Shuriken"},{"floor":44,"key":"Torii"},{"floor":46,"key":"Peace Pipe"},{"floor":48,"key":"Centennial Puzzle"}],"event_choices":[{"damage_healed":0,"gold_gain":0,"player_choice":"Forge","damage_taken":0,"max_hp_gain":0,"max_hp_loss":0,"event_name":"Accursed Blacksmith","floor":2,"gold_loss":0,"cards_upgraded":["Armaments"]},{"damage_healed":0,"gold_gain":0,"player_choice":"Upgraded","damage_taken":0,"max_hp_gain":0,"max_hp_loss":0,"event_name":"Upgrade Shrine","floor":8,"gold_loss":0,"cards_upgraded":["Heavy Blade"]},{"damage_healed":0,"gold_gain":0,"cards_transformed":["Cleave"],"player_choice":"Change","damage_taken":0,"max_hp_gain":0,"max_hp_loss":0,"event_name":"Living Wall","floor":14,"gold_loss":0,"cards_obtained":["Rage"]},{"damage_healed":0,"gold_gain":0,"player_choice":"Obtained Relic","damage_taken":0,"relics_obtained":["Pen Nib"],"max_hp_gain":0,"max_hp_loss":0,"event_name":"Addict","floor":19,"gold_loss":85},{"damage_healed":0,"gold_gain":0,"player_choice":"Obtained Book","damage_taken":16,"max_hp_gain":0,"max_hp_loss":0,"event_name":"Cursed Tome","floor":20,"gold_loss":0},{"damage_healed":0,"gold_gain":0,"player_choice":"Read","damage_taken":0,"max_hp_gain":0,"max_hp_loss":0,"event_name":"The Library","floor":27,"gold_loss":0,"cards_obtained":["Wild Strike"]},{"damage_healed":0,"gold_gain":0,"player_choice":"Fight","damage_taken":0,"max_hp_gain":0,"max_hp_loss":0,"event_name":"Colosseum","floor":28,"gold_loss":0},{"damage_healed":0,"gold_gain":0,"player_choice":"Fought Nobs","damage_taken":0,"max_hp_gain":0,"max_hp_loss":0,"event_name":"Colosseum","floor":28,"gold_loss":0},{"damage_healed":0,"gold_gain":100,"player_choice":"Pray","damage_taken":0,"max_hp_gain":0,"max_hp_loss":0,"event_name":"Golden Shrine","floor":36,"gold_loss":0},{"damage_healed":0,"gold_gain":0,"player_choice":"Max HP","damage_taken":0,"max_hp_gain":0,"max_hp_loss":4,"event_name":"Winding Halls","floor":38,"gold_loss":0},{"damage_healed":0,"gold_gain":0,"player_choice":"Fight","damage_taken":0,"max_hp_gain":0,"max_hp_loss":0,"event_name":"MindBloom","floor":44,"gold_loss":0},{"damage_healed":0,"gold_gain":0,"player_choice":"Memory 3","damage_taken":10,"max_hp_gain":0,"max_hp_loss":0,"event_name":"SensoryStone","floor":45,"gold_loss":0},{"damage_healed":0,"gold_gain":0,"player_choice":"Fight","damage_taken":0,"max_hp_gain":0,"max_hp_loss":0,"event_name":"Mysterious Sphere","floor":46,"gold_loss":0}],"is_beta":false,"boss_relics":[{"not_picked":["SlaversCollar","Astrolabe"],"picked":"Fusion Hammer"},{"not_picked":["Black Blood","SacredBark"],"picked":"Philosopher\u0027s Stone"}],"items_purged_floors":[39],"is_endless":false,"potions_floor_spawned":[4,6,16,23,25,28,28,30,31,33,35,37,40,44,46,48],"ascension_level":0}}