{"host":"3e3mwsgb9gfqiuxm","time":1611639934,"event":{"mods":["Act Like it!","BaseMod","Colored Map","Colored Powertips","Downfall","Gensokyo","Googly Eyes","Hermit","Marisa????????","Minty Spire (QoL Compilation)","Replay The Spire","StSLib","The Animator","The Bug Knight","The Cursed","The Servant 0.9.4"],"gold_per_floor":[99,114,128,148,9,9,9,9,23,42,42,42,42,57,92,115,132,228,228,228,247,259,259,259,286,286,286,386,386,386,386],"floor_reached":29,"language":"ENG","playtime":1534,"items_purged":[],"score":243,"play_id":"85b482dd-4695-4f12-a3fe-ed68b1b1173c","local_time":"20210126004534","is_ascension_mode":false,"campfire_choices":[{"data":"Slimebound:Strike_Slimebound","floor":1,"key":"PURGE"},{"data":"Slimebound:LevelUp","floor":6,"key":"SMITH"},{"data":"Slimebound:Split","floor":8,"key":"SMITH"},{"data":"Slimebound:CorrosiveSpit","floor":11,"key":"SMITH"},{"data":"Slimebound:MassRepurpose","floor":20,"key":"SMITH"},{"data":"Slimebound:DouseInSlime","floor":27,"key":"SMITH"}],"circlet_count":0,"master_deck":["Slimebound:Strike_Slimebound","Slimebound:Strike_Slimebound","Slimebound:Tackle","Slimebound:Defend_Slimebound","Slimebound:Defend_Slimebound","Slimebound:Defend_Slimebound","Slimebound:Defend_Slimebound","Slimebound:Split+1","Slimebound:CorrosiveSpit+1","Slimebound:PressTheAttack","Slimebound:RollThrough","Slimebound:SamplingLick","Slimebound:OozeBath","Slimebound:LevelUp+1","Slimebound:GoopTackle","Slimebound:SplitBruiser","Slimebound:Prepare","Slimebound:MassRepurpose+1","Slimebound:DouseInSlime+1","Slimebound:FinishingTackle+1","Slimebound:SpikyOuterGoop","Reinforced Body","Slimebound:RejuvenatingLick","Slimebound:BestDefense+1"],"relics":["Slimebound:AbsorbEndCombat","Oddly Smooth Stone","Lantern","Juzu Bracelet","Replay:Grab Bag","Coffee Dripper","Slimebound:TarBlob","Runic Pyramid","Pen Nib","Replay:Accelerometer","FossilizedHelix","Ginger"],"acts_visited":["Exordium","Gensokyo:Gensokyoer"],"potions_floor_usage":[5,18,18,18,28],"damage_taken":[{"damage":5,"enemies":"Cultist","floor":2,"turns":5},{"damage":3,"enemies":"2 Louse","floor":3,"turns":2},{"damage":8,"enemies":"Jaw Worm","floor":4,"turns":4},{"damage":5,"enemies":"downfall:FleeingMerchant","floor":5,"turns":4},{"damage":18,"enemies":"2 Fungi Beasts","floor":9,"turns":3},{"damage":8,"enemies":"Blue Slaver","floor":10,"turns":3},{"damage":8,"enemies":"Exordium Wildlife","floor":14,"turns":2},{"damage":13,"enemies":"Lagavulin","floor":15,"turns":5},{"damage":18,"enemies":"Exordium Thugs","floor":17,"turns":4},{"damage":4,"enemies":"IC_STATUS_ARCHETYPE","floor":18,"turns":7},{"damage":5,"enemies":"Gensokyo:CosmicMonolith","floor":21,"turns":4},{"damage":0,"enemies":"Gensokyo:Chomper","floor":22,"turns":3},{"damage":58,"enemies":"Gensokyo:Tenshi","floor":25,"turns":5},{"damage":19,"enemies":"Gensokyo:Tenshi","floor":28,"turns":5},{"damage":19,"enemies":"Gensokyo:Monolith_and_Dog","floor":29,"turns":1}],"seed_played":"5968375313209915892","potions_obtained":[{"floor":2,"key":"AttackPotion"},{"floor":9,"key":"Regen Potion"},{"floor":14,"key":"PowerPotion"},{"floor":15,"key":"EssenceOfSteel"},{"floor":25,"key":"Venom Potion"}],"is_trial":false,"path_per_floor":["R_BF","M","M","M","$","R","T","R","M","M","R","PTL","PTL","M","E","T","M","B",null,"R","M","M","?","?","E","T","R","?","M"],"character_chosen":"SLIMEBOUND","items_purchased":["Slimebound:LevelUp","Slimebound:GoopTackle"],"campfire_rested":0,"item_purchase_floors":[5,5],"current_hp_per_floor":[71,69,68,62,61,61,61,61,47,45,45,45,45,41,32,32,20,39,71,71,68,71,71,71,21,21,21,10,0,0,0],"gold":386,"neow_bonus":"TEN_PERCENT_HP_BONUS","is_daily":false,"chose_seed":false,"campfire_upgraded":5,"win_rate":0.0,"timestamp":1611639934,"path_taken":["R_BF","M","M","M","$","R","T","R","M","M","R","PTL","PTL","M","E","?","M","BOSS","R","M","M","?","?","E","T","R","?","M"],"items_purchased_type":["Card","Card"],"build_version":"2020-12-22","purchased_purges":0,"victory":false,"max_hp_per_floor":[71,71,71,71,71,71,71,71,71,71,71,71,71,71,71,71,71,71,71,71,71,71,71,71,71,71,71,71,71,71,71],"card_choices":[{"not_picked":["Slimebound:DisruptingSlam","Slimebound:SlimeSpikes"],"picked":"Slimebound:PressTheAttack","floor":2},{"not_picked":["Slimebound:Replication","Slimebound:FormOfPuddle"],"picked":"Slimebound:RollThrough","floor":3},{"not_picked":["Slimebound:TongueLash","Slimebound:LeechingTouch"],"picked":"Slimebound:SamplingLick","floor":4},{"not_picked":["Slimebound:ForwardTackle","Slimebound:LivingWall"],"picked":"Slimebound:OozeBath","floor":5},{"not_picked":["Slimebound:LeechingTouch","Slimebound:ProtectTheBoss"],"picked":"Slimebound:SplitBruiser","floor":9},{"not_picked":["Slimebound:GoopSpray","Slimebound:LeechEnergy"],"picked":"Slimebound:Prepare","floor":10},{"not_picked":["Slimebound:SplitLeeching","Slimebound:MegaLick"],"picked":"Slimebound:MassRepurpose","floor":14},{"not_picked":["Slimebound:Replication","Slimebound:LeadByExample","Slimebound:FinishingTackle"],"picked":"SKIP","floor":15},{"not_picked":["Slimebound:ViciousTackle","Slimebound:PressTheAttack","Slimebound:GoopSpray"],"picked":"SKIP","floor":17},{"not_picked":["Slimebound:DuplicatedForm","Slimebound:SelfFormingGoo"],"picked":"Slimebound:DouseInSlime","floor":18},{"not_picked":["Slimebound:Dissolve","Slimebound:Nibble"],"picked":"Slimebound:FinishingTackle+1","floor":21},{"not_picked":["Slimebound:PressTheAttack","Slimebound:GoopTackle"],"picked":"Slimebound:SpikyOuterGoop","floor":22},{"not_picked":["Slimebound:HauntingLick","Slimebound:SlimeSpikes+1"],"picked":"Slimebound:RejuvenatingLick","floor":25},{"not_picked":["Slimebound:LeechEnergy","Slimebound:FinishingTackle"],"picked":"Slimebound:BestDefense+1","floor":28}],"player_experience":1311673,"relics_obtained":[{"floor":7,"key":"Oddly Smooth Stone"},{"floor":15,"key":"Lantern"},{"floor":16,"key":"Juzu Bracelet"},{"floor":25,"key":"Pen Nib"},{"floor":26,"key":"Replay:Accelerometer"},{"floor":28,"key":"FossilizedHelix"},{"floor":28,"key":"Ginger"}],"event_choices":[],"is_beta":false,"boss_relics":[{"not_picked":["bronze:MakeshiftBattery","Black Star"],"picked":"Replay:Grab Bag"},{"not_picked":["Painkiller Herb","Sozu"],"picked":"Coffee Dripper"},{"not_picked":["Fusion Hammer","ReplayTheSpireMod:DimensionalGlitch"],"picked":"Slimebound:TarBlob"},{"not_picked":["Kintsugi","Empty Cage"],"picked":"Runic Pyramid"}],"items_purged_floors":[],"is_endless":false,"potions_floor_spawned":[2,9,14,15,17,25],"killed_by":"Gensokyo:Monolith_and_Dog","ascension_level":0}}