{"host":"uv5ws9rdk87e8i5k","time":1611628087,"event":{"mods":["AchievementEnabler","BaseMod","Colored Map","Minty Spire (QoL Compilation)","Permanent Neow","Quick Restart","StSLib","SuperFastMode","The Animator","The Cursed","The Hierophant","The Necromancer"],"gold_per_floor":[114,114,126,143,158,189,203,203,203,203,218,253,330,364,364,465,465,485,485,499,513,532,560,447,447,447,447,362,394,394,409,409,506,506,518,534,534,534,5,5,5],"floor_reached":40,"language":"ENG","playtime":796,"items_purged":[],"score":709,"play_id":"9aaaeddc-5ca3-4104-b73e-5fae460a6031","local_time":"20210125202807","is_ascension_mode":true,"campfire_choices":[{"data":"Perfected Strike","floor":10,"key":"SMITH"},{"floor":15,"key":"DIG"},{"floor":25,"key":"DIG"},{"floor":27,"key":"DIG"},{"floor":32,"key":"REST"}],"circlet_count":0,"master_deck":["Strike_R","Strike_R","Strike_R","Defend_R","Defend_R","Defend_R","Defend_R","Bash","Double Tap","Perfected Strike+1","Shrug It Off","Perfected Strike+1","Wild Strike","Warcry","Offering","Pommel Strike","Pommel Strike+1","Twin Strike","Headbutt","Wild Strike+1","Inflame","Perfected Strike+1","Pommel Strike+1","Headbutt+1","Seeing Red+1","Perfected Strike+1","Warcry+1","Madness","Madness","Headbutt+1"],"relics":["Burning Blood","Du-Vu Doll","Ornamental Fan","Juzu Bracelet","Shovel","Prayer Wheel","Runic Dome","Pear","StoneCalendar","Potion Belt","Orichalcum","Strawberry","Molten Egg 2","Snecko Eye","White Beast Statue","Eternal Feather","Nunchaku"],"acts_visited":["Exordium","TheCity","TheBeyond"],"potions_floor_usage":[12,14,21,22,23,29,33,33,40],"damage_taken":[{"damage":14,"enemies":"Jaw Worm","floor":1,"turns":5},{"damage":0,"enemies":"Cultist","floor":3,"turns":2},{"damage":3,"enemies":"2 Louse","floor":4,"turns":3},{"damage":4,"enemies":"Red Slaver","floor":5,"turns":2},{"damage":15,"enemies":"Lagavulin","floor":6,"turns":4},{"damage":3,"enemies":"Looter","floor":7,"turns":2},{"damage":8,"enemies":"Blue Slaver","floor":11,"turns":2},{"damage":18,"enemies":"3 Sentries","floor":12,"turns":5},{"damage":0,"enemies":"Gremlin Nob","floor":14,"turns":2},{"damage":61,"enemies":"The Guardian","floor":16,"turns":8},{"damage":9,"enemies":"3 Byrds","floor":18,"turns":4},{"damage":0,"enemies":"Spheric Guardian","floor":20,"turns":2},{"damage":11,"enemies":"Cultist and Chosen","floor":21,"turns":6},{"damage":13,"enemies":"Sentry and Sphere","floor":22,"turns":3},{"damage":29,"enemies":"Slavers","floor":23,"turns":2},{"damage":35,"enemies":"Gremlin Leader","floor":29,"turns":4},{"damage":0,"enemies":"Snake Plant","floor":31,"turns":2},{"damage":51,"enemies":"Automaton","floor":33,"turns":5},{"damage":34,"enemies":"3 Darklings","floor":35,"turns":6},{"damage":16,"enemies":"3 Shapes","floor":36,"turns":3},{"damage":43,"enemies":"Giant Head","floor":40,"turns":5}],"seed_played":"-5522524709581403100","potions_obtained":[{"floor":1,"key":"Regen Potion"},{"floor":6,"key":"Dexterity Potion"},{"floor":12,"key":"Fire Potion"},{"floor":20,"key":"Dexterity Potion"},{"floor":22,"key":"SneckoOil"},{"floor":23,"key":"AttackPotion"},{"floor":29,"key":"Energy Potion"},{"floor":36,"key":"Fire Potion"}],"is_trial":false,"path_per_floor":["M","?","M","M","M","E","M","?","T","R","M","E","?","E","R","B",null,"M","?","M","M","M","E","$","R","T","R","?","E","?","M","R","B",null,"M","M","?","?","$","E"],"character_chosen":"IRONCLAD","items_purchased":["DuplicationPotion","Inflame","Eternal Feather","Nunchaku","Regen Potion","Headbutt+1"],"campfire_rested":1,"item_purchase_floors":[24,24,39,39,39,39],"current_hp_per_floor":[64,64,70,73,75,66,69,69,69,69,67,69,69,75,75,20,65,62,62,68,63,56,43,43,43,43,43,50,21,21,27,56,11,76,48,38,38,26,26,0,0],"gold":5,"neow_bonus":"ONE_RANDOM_RARE_CARD","is_daily":false,"chose_seed":false,"campfire_upgraded":1,"win_rate":0.0,"timestamp":1611628087,"path_taken":["M","?","?","M","M","E","M","?","T","R","?","E","?","E","R","BOSS","M","?","M","M","M","E","$","R","T","R","?","E","?","M","R","BOSS","M","M","?","?","$","E"],"items_purchased_type":["Potion","Card","Relic","Relic","Potion","Card"],"build_version":"2020-12-22","purchased_purges":0,"victory":false,"max_hp_per_floor":[80,80,80,80,80,80,80,80,80,80,80,80,80,80,80,80,80,80,80,80,80,80,90,90,90,90,90,97,97,97,97,97,97,97,97,97,97,97,97,97,97],"card_choices":[{"not_picked":["Anger","Iron Wave"],"picked":"Perfected Strike","floor":1},{"not_picked":["Power Through","Heavy Blade"],"picked":"Shrug It Off","floor":3},{"not_picked":["Feel No Pain","Anger","Blood for Blood"],"picked":"SKIP","floor":4},{"not_picked":["Cleave","Heavy Blade"],"picked":"Perfected Strike","floor":5},{"not_picked":["Entrench","Sword Boomerang","Combust"],"picked":"SKIP","floor":6},{"not_picked":["Reckless Charge","Twin Strike"],"picked":"Wild Strike","floor":7},{"not_picked":["Bloodletting","Cleave","Carnage"],"picked":"SKIP","floor":11},{"not_picked":["Hemokinesis","Double Tap","Feel No Pain"],"picked":"SKIP","floor":12},{"not_picked":["Reaper","Disarm"],"picked":"Warcry","floor":14},{"not_picked":["Limit Break","Reaper"],"picked":"Offering","floor":16},{"not_picked":["Headbutt","Warcry"],"picked":"Pommel Strike","floor":18},{"not_picked":["Uppercut","Anger+1","Flex+1"],"picked":"SKIP","floor":18},{"not_picked":["Offering","Iron Wave"],"picked":"Pommel Strike+1","floor":20},{"not_picked":["Cleave","Feel No Pain"],"picked":"Twin Strike","floor":20},{"not_picked":["Anger","Iron Wave+1"],"picked":"Headbutt","floor":21},{"not_picked":["Cleave+1","Clothesline","Evolve"],"picked":"SKIP","floor":21},{"not_picked":["Feed","Shrug It Off"],"picked":"Wild Strike+1","floor":22},{"not_picked":["Hemokinesis+1","Body Slam","Shrug It Off"],"picked":"SKIP","floor":22},{"not_picked":["Burning Pact","Anger","Limit Break"],"picked":"SKIP","floor":23},{"not_picked":["Feed+1","Feel No Pain"],"picked":"Perfected Strike+1","floor":29},{"not_picked":["Flex","Sword Boomerang+1"],"picked":"Pommel Strike+1","floor":31},{"not_picked":["Warcry","Thunderclap+1"],"picked":"Headbutt+1","floor":31},{"not_picked":["True Grit+1","Anger+1"],"picked":"Seeing Red+1","floor":35},{"not_picked":["Spot Weakness","Dark Embrace+1","Carnage+1"],"picked":"SKIP","floor":35},{"not_picked":["Armaments","Hemokinesis+1"],"picked":"Perfected Strike+1","floor":36},{"not_picked":["Sever Soul+1","Headbutt+1"],"picked":"Warcry+1","floor":36}],"player_experience":282654,"relics_obtained":[{"floor":6,"key":"Du-Vu Doll"},{"floor":9,"key":"Ornamental Fan"},{"floor":12,"key":"Juzu Bracelet"},{"floor":14,"key":"Shovel"},{"floor":15,"key":"Prayer Wheel"},{"floor":23,"key":"Pear"},{"floor":25,"key":"StoneCalendar"},{"floor":26,"key":"Potion Belt"},{"floor":27,"key":"Orichalcum"},{"floor":29,"key":"Molten Egg 2"}],"event_choices":[{"damage_healed":0,"gold_gain":0,"player_choice":"Forge","damage_taken":0,"max_hp_gain":0,"max_hp_loss":0,"event_name":"Accursed Blacksmith","floor":2,"gold_loss":0,"cards_upgraded":["Perfected Strike"]},{"cards_removed":["Strike_R"],"damage_healed":0,"gold_gain":0,"player_choice":"Offered Basic","damage_taken":0,"max_hp_gain":0,"max_hp_loss":0,"event_name":"Bonfire Elementals","floor":8,"gold_loss":0},{"damage_healed":0,"gold_gain":77,"player_choice":"Gained Gold","damage_taken":0,"max_hp_gain":0,"max_hp_loss":0,"event_name":"Golden Wing","floor":13,"gold_loss":0},{"cards_removed":["Strike_R"],"damage_healed":0,"gold_gain":0,"player_choice":"Purged","damage_taken":0,"max_hp_gain":0,"max_hp_loss":0,"event_name":"Purifier","floor":19,"gold_loss":0},{"damage_healed":0,"gold_gain":0,"player_choice":"Obtained Relic","damage_taken":0,"relics_obtained":["Strawberry"],"max_hp_gain":0,"max_hp_loss":0,"event_name":"Addict","floor":28,"gold_loss":85},{"damage_healed":0,"gold_gain":0,"player_choice":"Ignored","damage_taken":0,"max_hp_gain":0,"max_hp_loss":0,"event_name":"Ghosts","floor":30,"gold_loss":0},{"damage_healed":0,"gold_gain":0,"player_choice":"Gave Potion","damage_taken":0,"relics_obtained":["White Beast Statue"],"max_hp_gain":0,"max_hp_loss":0,"event_name":"WeMeetAgain","floor":37,"gold_loss":0},{"damage_healed":0,"gold_gain":0,"player_choice":"Embrace Madness","damage_taken":12,"max_hp_gain":0,"max_hp_loss":0,"event_name":"Winding Halls","floor":38,"gold_loss":0,"cards_obtained":["Madness","Madness"]}],"is_beta":false,"boss_relics":[{"not_picked":["Philosopher\u0027s Stone","SacredBark"],"picked":"Runic Dome"},{"not_picked":["Mark of Pain","Astrolabe"],"picked":"Snecko Eye"}],"items_purged_floors":[],"is_endless":false,"potions_floor_spawned":[1,6,12,20,22,23,29,36],"killed_by":"Giant Head","ascension_level":8}}