{"host":"z9811rt50ti81n54","time":1611673865,"event":{"mods":["BaseMod","Minty Spire (QoL Compilation)","StSLib","The Marked"],"gold_per_floor":[117,136,37,37,37,37,52,83,107,7,19,19,29,41,41,140,140,151,151,76,95,47,47,62,13,13,13,13,26,26,38,38,140,140,159,159,159,159],"floor_reached":37,"language":"ENG","playtime":901,"items_purged":["theMarked:Strike","theMarked:Strike"],"score":369,"play_id":"40423020-ef6c-46bd-a07c-46ee8308f742","local_time":"20210127001105","is_ascension_mode":false,"campfire_choices":[{"data":"theMarked:SoldierOfQuellstein","floor":6.0,"key":"SMITH"},{"data":"theMarked:Defy","floor":12.0,"key":"SMITH"},{"data":"theMarked:RogueSparks","floor":15,"key":"SMITH"},{"data":"theMarked:FavorableWinds","floor":23,"key":"SMITH"},{"data":"theMarked:AttractMetal","floor":28,"key":"SMITH"},{"data":"theMarked:Standoff","floor":30,"key":"SMITH"},{"floor":32,"key":"REST"}],"circlet_count":0,"master_deck":["theMarked:Strike","theMarked:Strike","theMarked:Defend","theMarked:Defend","theMarked:Defend","theMarked:Defend","theMarked:SoldierOfQuellstein+1","theMarked:Indomitable+1","theMarked:ChainLightning","theMarked:ResourceFulStrike","theMarked:Electrocute","theMarked:Defy+1","theMarked:Standoff+1","theMarked:RogueSparks+1","theMarked:TakeCover","theMarked:AttractMetal+1","theMarked:ContemptForTheProud+1","theMarked:FavorableWinds","Iron Wave"],"relics":["theMarked:ArtifactOfAir","NeowsBlessing","Potion Belt","Akabeko","theMarked:Eyepatch","Blue Candle","Busted Crown"],"acts_visited":["Exordium","TheCity","TheBeyond"],"potions_floor_usage":[16,16,33,33,33,33,33],"damage_taken":[{"damage":0.0,"enemies":"Jaw Worm","floor":1.0,"turns":1.0},{"damage":0.0,"enemies":"Small Slimes","floor":2.0,"turns":1.0},{"damage":0.0,"enemies":"Cultist","floor":7.0,"turns":1.0},{"damage":3.0,"enemies":"Gremlin Nob","floor":8.0,"turns":3.0},{"damage":3.0,"enemies":"Red Slaver","floor":11.0,"turns":3.0},{"damage":1.0,"enemies":"Large Slime","floor":13.0,"turns":3.0},{"damage":0.0,"enemies":"Exordium Wildlife","floor":14.0,"turns":3.0},{"damage":20,"enemies":"The Guardian","floor":16,"turns":9},{"damage":5,"enemies":"Shell Parasite","floor":18,"turns":4},{"damage":9,"enemies":"2 Thieves","floor":21,"turns":3},{"damage":12,"enemies":"3 Cultists","floor":24,"turns":3},{"damage":0,"enemies":"Sentry and Sphere","floor":29,"turns":1},{"damage":16,"enemies":"Snake Plant","floor":31,"turns":3},{"damage":45,"enemies":"Collector","floor":33,"turns":8},{"damage":41,"enemies":"3 Darklings","floor":35,"turns":5},{"damage":32,"enemies":"3 Shapes","floor":37,"turns":3}],"seed_played":"8911022702576172594","potions_obtained":[{"floor":1.0,"key":"Fire Potion"},{"floor":2.0,"key":"PowerPotion"},{"floor":16,"key":"Strength Potion"},{"floor":21,"key":"Fire Potion"},{"floor":31,"key":"Explosive Potion"},{"floor":35,"key":"SpeedPotion"}],"is_trial":false,"path_per_floor":["M","M","$","?","?","R","M","E","T","$","M","R","M","M","R","B",null,"M","?","?","M","$","R","M","$","T","$","R","M","R","M","R","B",null,"M","?","M"],"character_chosen":"THE_DEFAULT","items_purchased":["theMarked:ResourceFulStrike","Strength Potion","PowerPotion"],"campfire_rested":1,"item_purchase_floors":[3,22,25],"current_hp_per_floor":[70,70,70,70,70,70,70,67,67,67,64,64,63,63,63,43,70,65,65,65,56,56,56,44,44,44,44,44,44,44,28,49,4,70,29,29,0,0],"gold":159,"neow_bonus":"THREE_ENEMY_KILL","is_daily":false,"chose_seed":false,"campfire_upgraded":6,"win_rate":0.0,"timestamp":1611673865,"path_taken":["M","M","$","?","?","R","?","E","T","?","M","R","M","M","R","BOSS","M","?","?","M","$","R","M","?","T","$","R","M","R","?","R","BOSS","M","?","M"],"items_purchased_type":["Card","Potion","Potion"],"build_version":"2020-12-22","purchased_purges":2,"victory":false,"max_hp_per_floor":[70,70,70,70,70,70,70,70,70,70,70,70,70,70,70,70,70,70,70,70,70,70,70,70,70,70,70,70,70,70,70,70,70,70,70,70,70,70],"card_choices":[{"not_picked":["theMarked:Improvise","theMarked:KeepCalmAndFight"],"picked":"theMarked:Indomitable","floor":1.0},{"not_picked":["theMarked:Parkour","theMarked:RepellingDischarge"],"picked":"theMarked:ChainLightning","floor":2.0},{"not_picked":["theMarked:Memento","theMarked:SwordAndMagic"],"picked":"theMarked:Electrocute","floor":7.0},{"not_picked":["theMarked:WastefulAttack","theMarked:Maelstrom"],"picked":"theMarked:Defy","floor":8.0},{"not_picked":["theMarked:TwofoldDefense","theMarked:ResourceFulStrike"],"picked":"theMarked:Standoff","floor":11.0},{"not_picked":["theMarked:SwordAndMagic","theMarked:Indomitable"],"picked":"theMarked:RogueSparks","floor":13.0},{"not_picked":["theMarked:Determination","theMarked:SwordAndMagic"],"picked":"theMarked:TakeCover","floor":14},{"not_picked":["theMarked:EternalStudent","theMarked:SuspiciousRaven"],"picked":"theMarked:FavorableWinds","floor":16},{"not_picked":["theMarked:Aftermath","theMarked:ResourceFulStrike","theMarked:Memento"],"picked":"SKIP","floor":18},{"not_picked":["theMarked:WastefulAttack","theMarked:Polarize","theMarked:Seal"],"picked":"SKIP","floor":21},{"not_picked":["theMarked:Aftermath","theMarked:Improvise+1"],"picked":"theMarked:AttractMetal","floor":24},{"not_picked":["theMarked:HeightenedSenses","theMarked:Seal","theMarked:Improvise"],"picked":"SKIP","floor":29},{"not_picked":["theMarked:TwofoldDefense","theMarked:ElectricStrings"],"picked":"theMarked:ContemptForTheProud+1","floor":31},{"not_picked":["theMarked:Vacuum","theMarked:Snap"],"picked":"theMarked:FavorableWinds","floor":33},{"not_picked":["theMarked:ChainLightning"],"picked":"SKIP","floor":35}],"player_experience":429923,"relics_obtained":[{"floor":8.0,"key":"Potion Belt"},{"floor":9.0,"key":"Akabeko"},{"floor":26,"key":"Blue Candle"}],"event_choices":[{"damage_healed":0.0,"max_hp_gain":0.0,"max_hp_loss":0.0,"gold_gain":0.0,"event_name":"The Cleric","player_choice":"Leave","floor":4.0,"gold_loss":0.0,"damage_taken":0.0},{"damage_healed":0.0,"max_hp_gain":0.0,"max_hp_loss":0.0,"gold_gain":0.0,"event_name":"Upgrade Shrine","player_choice":"Upgraded","floor":5.0,"gold_loss":0.0,"damage_taken":0.0,"cards_upgraded":["theMarked:Indomitable"]},{"damage_healed":0,"gold_gain":0,"player_choice":"Ignored","damage_taken":0,"max_hp_gain":0,"max_hp_loss":0,"event_name":"Ghosts","floor":19,"gold_loss":0},{"cards_removed":["theMarked:Strike"],"damage_healed":0,"gold_gain":0,"player_choice":"Gave Gold","damage_taken":0,"max_hp_gain":0,"max_hp_loss":0,"event_name":"Beggar","floor":20,"gold_loss":75},{"cards_removed":["theMarked:FavorableWinds"],"damage_healed":0,"gold_gain":0,"player_choice":"Took Card","damage_taken":0,"max_hp_gain":0,"max_hp_loss":0,"event_name":"NoteForYourself","floor":36,"gold_loss":0,"cards_obtained":["Iron Wave"]}],"is_beta":false,"boss_relics":[{"not_picked":["Ectoplasm","Sozu"],"picked":"theMarked:Eyepatch"},{"not_picked":["Tiny House","Calling Bell"],"picked":"Busted Crown"}],"items_purged_floors":[3,10],"is_endless":false,"potions_floor_spawned":[1,2,16,21,31,35],"killed_by":"3 Shapes","ascension_level":0}}