{"host":"4cz9gr89nglr7k8k","time":1611697354,"event":{"mods":["BaseMod","Minty Spire (QoL Compilation)","Relic Stats","Slay-I"],"gold_per_floor":[115,115,125,275,291,291,366,377,377,75,88,115,115,132,132,132,132],"floor_reached":16,"language":"DEU","playtime":345,"items_purged":["Doubt"],"score":204,"play_id":"91778231-b979-41c8-87c3-74f2260c1e1c","local_time":"20210126224234","is_ascension_mode":true,"campfire_choices":[{"data":"Whirlwind","floor":6,"key":"SMITH"},{"floor":13,"key":"REST"},{"floor":15,"key":"REST"}],"circlet_count":0,"master_deck":["AscendersBane","Strike_R","Strike_R","Strike_R","Strike_R","Strike_R","Defend_R","Defend_R","Defend_R","Defend_R","Bash","Whirlwind+1","Spot Weakness","Dropkick","Cleave","Feed+1","Seeing Red","Pommel Strike+1","Metallicize","Anger+1","Sword Boomerang+1"],"relics":["Burning Blood","NeowsBlessing","Molten Egg 2","Bottled Flame"],"acts_visited":["Exordium"],"potions_floor_usage":[12,16],"damage_taken":[{"damage":0,"enemies":"2 Louse","floor":1,"turns":1},{"damage":0,"enemies":"Jaw Worm","floor":3,"turns":1},{"damage":0,"enemies":"Cultist","floor":5,"turns":1},{"damage":9,"enemies":"2 Fungi Beasts","floor":8,"turns":3},{"damage":0,"enemies":"Large Slime","floor":11,"turns":4},{"damage":35,"enemies":"Lagavulin","floor":12,"turns":4},{"damage":11,"enemies":"Looter","floor":14,"turns":2},{"damage":86,"enemies":"The Guardian","floor":16,"turns":10}],"seed_played":"3425397131824464084","potions_obtained":[{"floor":1,"key":"ElixirPotion"},{"floor":8,"key":"SneckoOil"},{"floor":11,"key":"PowerPotion"}],"is_trial":false,"path_per_floor":["M","?","M","?","M","R","?","M","T","$","M","E","R","M","R","B"],"character_chosen":"IRONCLAD","items_purchased":["Feed+1","Seeing Red","Pommel Strike+1"],"campfire_rested":2,"item_purchase_floors":[10,10,10],"current_hp_per_floor":[74,74,75,75,75,75,64,61,61,61,67,42,65,64,83,0,0],"gold":132,"neow_bonus":"THREE_ENEMY_KILL","is_daily":false,"chose_seed":false,"campfire_upgraded":1,"win_rate":0.0,"timestamp":1611697354,"path_taken":["M","?","M","?","M","R","?","M","T","$","?","E","R","M","R","BOSS"],"items_purchased_type":["Card","Card","Card"],"build_version":"2020-12-22","purchased_purges":1,"victory":false,"max_hp_per_floor":[75,75,75,75,75,75,75,75,75,75,75,79,79,83,83,83,83],"relic_stats":{"counters":[8,26],"obtain_stats":[{"Bottled Flame":12,"NeowsBlessing":0,"Molten Egg 2":9,"Burning Blood":0},{"Bottled Flame":6,"NeowsBlessing":0,"Molten Egg 2":4,"Burning Blood":0},{"Bottled Flame":14,"NeowsBlessing":0,"Molten Egg 2":6,"Burning Blood":0}],"Burning Blood":31},"card_choices":[{"not_picked":["Bloodletting","Wild Strike"],"picked":"Whirlwind","floor":1},{"not_picked":["Iron Wave","True Grit"],"picked":"Spot Weakness","floor":3},{"not_picked":["True Grit","Body Slam"],"picked":"Dropkick","floor":5},{"not_picked":["Pommel Strike","Warcry"],"picked":"Cleave","floor":8},{"not_picked":["Flex","Double Tap"],"picked":"Metallicize","floor":11},{"not_picked":["Shrug It Off","Armaments"],"picked":"Anger+1","floor":12},{"not_picked":["Rupture","Shockwave"],"picked":"Sword Boomerang+1","floor":14}],"player_experience":1526661,"relics_obtained":[{"floor":9,"key":"Molten Egg 2"},{"floor":12,"key":"Bottled Flame"}],"event_choices":[{"damage_healed":0,"gold_gain":0,"player_choice":"Leave","damage_taken":0,"max_hp_gain":0,"max_hp_loss":0,"event_name":"The Cleric","floor":2,"gold_loss":0},{"damage_healed":0,"gold_gain":150,"player_choice":"AGREE","damage_taken":0,"max_hp_gain":0,"max_hp_loss":0,"event_name":"Liars Game","floor":4,"gold_loss":0,"cards_obtained":["Doubt"]},{"damage_healed":0,"gold_gain":75,"player_choice":"Gather Gold","damage_taken":11,"max_hp_gain":0,"max_hp_loss":0,"event_name":"World of Goop","floor":7,"gold_loss":0}],"is_beta":false,"boss_relics":[],"items_purged_floors":[10],"is_endless":false,"potions_floor_spawned":[1,8,11],"killed_by":"The Guardian","ascension_level":20}}