{"host":"92108ef2q9tm8rod","time":1611678692,"event":{"mods":["BaseMod","Defuse TimeMaze Blight","Minty Spire (QoL Compilation)","StSLib","The Jungle"],"gold_per_floor":[416,491,504,307,57,57,75,75,129,129,164,164,192,206,206,304,304,322,338,353,367,417,452,480,146,146,146,146,180,206,222,222,322,322,334,179,198,43,43,43,74,109,133,158,158,185,219,230,230,230],"floor_reached":51,"language":"ENG","playtime":2378,"items_purged":["Dodge and Roll"],"score":1254,"play_id":"98fb5e12-755b-465a-be70-50dbbdf4b533","local_time":"20210126163132","daily_mods":["SealedDeck","Colorless Cards","Heirloom","Flight"],"is_ascension_mode":false,"campfire_choices":[{"data":"Noxious Fumes","floor":6.0,"key":"SMITH"},{"data":"Deadly Poison","floor":8.0,"key":"SMITH"},{"data":"Bouncing Flask","floor":10.0,"key":"SMITH"},{"data":"Backflip","floor":12.0,"key":"SMITH"},{"data":"Blur","floor":15,"key":"SMITH"},{"data":"Panacea","floor":27,"key":"SMITH"},{"data":"Backflip","floor":28,"key":"SMITH"},{"data":"Corpse Explosion","floor":32,"key":"SMITH"},{"data":"Finesse","floor":40,"key":"SMITH"},{"data":"Dagger Spray","floor":45,"key":"SMITH"},{"floor":49,"key":"REST"}],"circlet_count":0,"master_deck":["Dagger Spray+1","Backflip+1","Backflip+1","Bouncing Flask+1","Finesse+1","Panacea+1","Blur+1","Noxious Fumes+1","Deadly Poison+1","Finesse+1","Catalyst+1","Corpse Explosion+1","Catalyst+1"],"relics":["Ring of the Serpent","Old Coin","ClockworkSouvenir","Mummified Hand","Oddly Smooth Stone","Dream Catcher","Omamori","Eternal Feather","Matryoshka","Mercury Hourglass","PreservedInsect","Lantern","Kunai","Tough Bandages","SacredBark","DollysMirror","Lee\u0027s Waffle","Bronze Scales","Thread and Needle","Pantograph","Toy Ornithopter","Bag of Marbles","Bottled Lightning","Ancient Tea Set"],"acts_visited":["Exordium","Exordium","TheBeyond"],"potions_floor_usage":[16,16,50,50],"damage_taken":[{"damage":0.0,"enemies":"Jaw Worm","floor":1.0,"turns":5.0},{"damage":0.0,"enemies":"Cultist","floor":3.0,"turns":4.0},{"damage":0.0,"enemies":"2 Louse","floor":7.0,"turns":1.0},{"damage":0.0,"enemies":"Gremlin Nob","floor":11.0,"turns":3.0},{"damage":7.0,"enemies":"Lagavulin","floor":13.0,"turns":5.0},{"damage":0,"enemies":"Exordium Wildlife","floor":14,"turns":4},{"damage":18,"enemies":"Slime Boss","floor":16,"turns":9},{"damage":0,"enemies":"theJungle:GiantWrat","floor":18,"turns":4},{"damage":0,"enemies":"theJungle:MUSHROOMGANG","floor":19,"turns":5},{"damage":0,"enemies":"theJungle:2_Snecko_Cultists","floor":20,"turns":5},{"damage":0,"enemies":"theJungle:JungleHuntersEncounter","floor":21,"turns":5},{"damage":0,"enemies":"theJungle:2_Phrogs","floor":23,"turns":5},{"damage":0,"enemies":"theJungle:MamaSnecko","floor":24,"turns":5},{"damage":0,"enemies":"theJungle:2_Phrogs","floor":29,"turns":4},{"damage":0,"enemies":"theJungle:Cassacara","floor":30,"turns":4},{"damage":0,"enemies":"theJungle:SlimyTreeVines","floor":31,"turns":5},{"damage":0,"enemies":"theJungle:FunGuy","floor":33,"turns":6},{"damage":7,"enemies":"Orb Walker","floor":35,"turns":3},{"damage":0,"enemies":"3 Shapes","floor":37,"turns":2},{"damage":2,"enemies":"Nemesis","floor":41,"turns":3},{"damage":0,"enemies":"Giant Head","floor":42,"turns":4},{"damage":0,"enemies":"Reptomancer","floor":44,"turns":3},{"damage":0,"enemies":"Nemesis","floor":46,"turns":3},{"damage":0,"enemies":"Reptomancer","floor":47,"turns":4},{"damage":0,"enemies":"Transient","floor":48,"turns":5},{"damage":0,"enemies":"Awakened One","floor":50,"turns":12}],"seed_played":"-4717030871215892222","potions_obtained":[{"floor":3.0,"key":"Swift Potion"},{"floor":13.0,"key":"CunningPotion"},{"floor":14,"key":"Swift Potion"},{"floor":18,"key":"Block Potion"},{"floor":21,"key":"Dexterity Potion"},{"floor":41,"key":"Dexterity Potion"}],"is_trial":true,"path_per_floor":["M","?","M","$","$","R","M","R","T","R","E","R","E","M","R","B",null,"M","M","M","M","?","E","E","$","T","R","R","E","E","M","R","B",null,"M","$","M","$","?","R","E","E","T","E","R","E","E","M","R","B",null],"character_chosen":"THE_SILENT","items_purchased":["ClockworkSouvenir","Deadly Poison","Mummified Hand","Mercury Hourglass","DollysMirror","Lee\u0027s Waffle"],"campfire_rested":1,"item_purchase_floors":[4,4,5,25,36,38],"current_hp_per_floor":[70,63,63,63,63,63,63,63,63,63,63,63,56,56,56,38,70,70,70,70,70,61,61,61,61,61,67,70,70,70,70,70,70,70,63,63,63,77,77,77,75,75,75,75,77,77,77,77,77,77],"gold":230,"neow_bonus":"","is_daily":false,"chose_seed":false,"campfire_upgraded":10,"win_rate":0.0,"timestamp":1611678692,"path_taken":["M","?","?","$","$","R","M","R","T","R","E","R","E","M","R","BOSS","M","M","M","M","?","E","E","$","T","R","R","E","E","M","R","BOSS","M","$","M","$","?","R","E","E","T","E","R","E","E","M","R","BOSS"],"items_purchased_type":["Relic","Card","Relic","Relic","Relic","Relic"],"build_version":"2020-12-22","purchased_purges":1,"victory":true,"max_hp_per_floor":[70,70,70,70,70,70,70,70,70,70,70,70,70,70,70,70,70,70,70,70,70,70,70,70,70,70,70,70,70,70,70,70,70,70,70,70,70,77,77,77,77,77,77,77,77,77,77,77,77,77],"card_choices":[{"not_picked":["Dramatic Entrance","Flying Knee","Dagger Spray"],"picked":"SKIP","floor":1.0},{"not_picked":["Quick Slash","Cloak And Dagger","Skewer"],"picked":"SKIP","floor":3.0},{"not_picked":["Poisoned Stab","Outmaneuver","Deadly Poison"],"picked":"SKIP","floor":7.0},{"not_picked":["Expertise","Dark Shackles","Flying Knee"],"picked":"SKIP","floor":11.0},{"not_picked":["Purity","PiercingWail","Storm of Steel"],"picked":"SKIP","floor":13.0},{"not_picked":["Outmaneuver","Flying Knee","Sucker Punch"],"picked":"SKIP","floor":14},{"not_picked":["All Out Attack","Prepared","Quick Slash"],"picked":"SKIP","floor":18},{"not_picked":["Mind Blast+1","Sucker Punch","Dodge and Roll"],"picked":"SKIP","floor":19},{"not_picked":["Acrobatics+1","Dramatic Entrance","Prepared"],"picked":"SKIP","floor":20},{"not_picked":["Acrobatics","Sucker Punch+1","Prepared"],"picked":"SKIP","floor":21},{"not_picked":["Madness","Dodge and Roll+1"],"picked":"Finesse+1","floor":23},{"not_picked":["Quick Slash+1","Outmaneuver","Cloak And Dagger"],"picked":"SKIP","floor":24},{"not_picked":["Bane+1","Enlightenment"],"picked":"Catalyst+1","floor":29},{"not_picked":["Mind Blast+1","Accuracy"],"picked":"Corpse Explosion","floor":30},{"not_picked":["Swift Strike","Prepared+1","Deflect"],"picked":"SKIP","floor":31},{"not_picked":["Quick Slash+1","Panacea+1","Prepared"],"picked":"SKIP","floor":35},{"not_picked":["Sucker Punch+1","PiercingWail+1","Masterful Stab+1"],"picked":"SKIP","floor":37},{"not_picked":["Bane","Secret Weapon","Dash"],"picked":"SKIP","floor":41},{"not_picked":["Quick Slash","Forethought+1","Blade Dance"],"picked":"SKIP","floor":42},{"not_picked":["Backstab+1","Unload","Blade Dance+1"],"picked":"SKIP","floor":44},{"not_picked":["Well Laid Plans","Outmaneuver","Madness"],"picked":"SKIP","floor":46},{"not_picked":["Trip","Masterful Stab","Slice"],"picked":"SKIP","floor":47},{"not_picked":["Corpse Explosion","Dagger Spray","Calculated Gamble+1"],"picked":"SKIP","floor":48}],"player_experience":3348323,"relics_obtained":[{"floor":9.0,"key":"Oddly Smooth Stone"},{"floor":11.0,"key":"Dream Catcher"},{"floor":13.0,"key":"Omamori"},{"floor":23,"key":"Eternal Feather"},{"floor":24,"key":"Matryoshka"},{"floor":26,"key":"PreservedInsect"},{"floor":26,"key":"Lantern"},{"floor":29,"key":"Kunai"},{"floor":30,"key":"Tough Bandages"},{"floor":41,"key":"Bronze Scales"},{"floor":42,"key":"Thread and Needle"},{"floor":43,"key":"Pantograph"},{"floor":43,"key":"Toy Ornithopter"},{"floor":44,"key":"Bag of Marbles"},{"floor":46,"key":"Bottled Lightning"},{"floor":47,"key":"Ancient Tea Set"}],"event_choices":[{"damage_healed":0.0,"max_hp_gain":0.0,"max_hp_loss":0.0,"gold_gain":75.0,"event_name":"FaceTrader","player_choice":"Touch","floor":2.0,"gold_loss":0.0,"damage_taken":7.0},{"cards_removed":["Backstab"],"damage_healed":0,"gold_gain":0,"player_choice":"Removed Attack","damage_taken":0,"max_hp_gain":0,"max_hp_loss":0,"event_name":"Falling","floor":39,"gold_loss":0}],"is_beta":false,"boss_relics":[{"not_picked":["Philosopher\u0027s Stone","Black Star"],"picked":"Ring of the Serpent"},{"not_picked":["Snecko Eye","Sozu"],"picked":"SacredBark"}],"items_purged_floors":[25],"is_endless":false,"potions_floor_spawned":[3,13,14,18,21,24,29,30,41,44,46],"ascension_level":0}}