{"host":"g01l53quoe6lrer0","time":1611656910,"event":{"mods":["2.2 Compatiblity","AchievementEnabler","BaseMod","Colored Map","Highlight Path","Keyboard Shortcuts","Minty Spire (QoL Compilation)","Permanent Neow","StSLib","SuperFastMode","everything is the same but u backflip on backflip"],"gold_per_floor":[17,28,28,47,65,100,100,111,179,159,188,208,86,114,114,190,190,201,251,263,188,200,200,230,230,254,266,301,401,401,8,8,80,80,96,114,124,144,164,190,190,206,206,218,240,269,297,309,321,333],"floor_reached":51,"language":"KOR","playtime":2373,"items_purged":["Strike_G","Strike_G"],"score":1357,"play_id":"889a224a-ab0c-4a41-a00b-2f76cf866a76","local_time":"20210126192830","is_ascension_mode":true,"campfire_choices":[{"floor":7.0,"key":"REST"},{"floor":15.0,"key":"REST"},{"data":"Burst","floor":23.0,"key":"SMITH"},{"floor":25.0,"key":"REST"},{"floor":32.0,"key":"REST"},{"floor":41.0,"key":"REST"},{"floor":44.0,"key":"REST"},{"floor":49.0,"key":"REST"}],"circlet_count":0,"master_deck":["AscendersBane","Strike_G","Defend_G","Defend_G","Defend_G","Defend_G","Survivor","Neutralize","Eviscerate","Glass Knife","Calculated Gamble","Bouncing Flask","Outmaneuver","Blade Dance","Dagger Throw","Finisher","Infinite Blades+1","Underhanded Strike","Acrobatics","Accuracy","Accuracy","Burst+1","Reflex","Reflex+1","Blade Dance+1","Accuracy","Acrobatics","Underhanded Strike","Prepared+1","Dagger Throw","Backflip","Accuracy","Choke","Acrobatics+1","Blade Dance","Prepared+1","Terror"],"relics":["Ring of the Snake","Bag of Preparation","Pear","CaptainsWheel","Dream Catcher","HoveringKite","Oddly Smooth Stone","Nunchaku","Lantern","Ice Cream","HornCleat","Tough Bandages","Fusion Hammer","Mummified Hand","MawBank"],"acts_visited":["Exordium","TheCity","TheBeyond"],"potions_floor_usage":[50,50],"damage_taken":[{"damage":0.0,"enemies":"Small Slimes","floor":1.0,"turns":2.0},{"damage":1.0,"enemies":"Cultist","floor":2.0,"turns":3.0},{"damage":1.0,"enemies":"Jaw Worm","floor":4.0,"turns":2.0},{"damage":11.0,"enemies":"Exordium Thugs","floor":5.0,"turns":4.0},{"damage":21.0,"enemies":"3 Sentries","floor":6.0,"turns":9.0},{"damage":0.0,"enemies":"Blue Slaver","floor":8.0,"turns":3.0},{"damage":18.0,"enemies":"Lagavulin","floor":11.0,"turns":6.0},{"damage":2.0,"enemies":"Large Slime","floor":12.0,"turns":5.0},{"damage":17.0,"enemies":"3 Sentries","floor":14.0,"turns":7.0},{"damage":35.0,"enemies":"The Guardian","floor":16.0,"turns":9.0},{"damage":8.0,"enemies":"Shell Parasite","floor":18.0,"turns":6.0},{"damage":1.0,"enemies":"3 Byrds","floor":20.0,"turns":3.0},{"damage":1.0,"enemies":"Centurion and Healer","floor":22.0,"turns":4.0},{"damage":13.0,"enemies":"Gremlin Leader","floor":24.0,"turns":6.0},{"damage":0.0,"enemies":"Sentry and Sphere","floor":27.0,"turns":3.0},{"damage":21.0,"enemies":"Slavers","floor":28.0,"turns":4.0},{"damage":13.0,"enemies":"Colosseum Slavers","floor":29.0,"turns":2.0},{"damage":13.0,"enemies":"Colosseum Nobs","floor":29.0,"turns":4.0},{"damage":8.0,"enemies":"Collector","floor":33.0,"turns":5.0},{"damage":0.0,"enemies":"Orb Walker","floor":35.0,"turns":2.0},{"damage":0.0,"enemies":"3 Darklings","floor":36.0,"turns":3.0},{"damage":0.0,"enemies":"4 Shapes","floor":37.0,"turns":3.0},{"damage":0.0,"enemies":"Jaw Worm Horde","floor":38.0,"turns":3.0},{"damage":0.0,"enemies":"3 Darklings","floor":39.0,"turns":4.0},{"damage":28.0,"enemies":"Nemesis","floor":40.0,"turns":5.0},{"damage":0.0,"enemies":"Spire Growth","floor":42.0,"turns":1.0},{"damage":0.0,"enemies":"Jaw Worm Horde","floor":45.0,"turns":2.0},{"damage":0.0,"enemies":"Writhing Mass","floor":46.0,"turns":4.0},{"damage":0.0,"enemies":"Transient","floor":47.0,"turns":5.0},{"damage":41,"enemies":"Awakened One","floor":50,"turns":6}],"seed_played":"-6434010537103374838","potions_obtained":[{"floor":1.0,"key":"AttackPotion"},{"floor":3.0,"key":"SkillPotion"},{"floor":3.0,"key":"GhostInAJar"},{"floor":4.0,"key":"PowerPotion"},{"floor":5.0,"key":"SteroidPotion"},{"floor":10.0,"key":"Fruit Juice"},{"floor":11.0,"key":"Regen Potion"},{"floor":14.0,"key":"LiquidBronze"},{"floor":22.0,"key":"EssenceOfSteel"},{"floor":27.0,"key":"Regen Potion"},{"floor":33.0,"key":"LiquidMemories"},{"floor":35.0,"key":"Regen Potion"},{"floor":38.0,"key":"Strength Potion"},{"floor":40.0,"key":"Swift Potion"}],"is_trial":false,"path_per_floor":["M","M","?","M","M","E","R","M","T","?","E","M","$","E","R","B",null,"M","?","M","?","M","R","E","R","T","M","E","?","?","$","R","B",null,"M","M","M","M","M","E","R","M","T","R","M","M","M","?","R","B",null],"character_chosen":"THE_SILENT","items_purchased":["Acrobatics","Tough Bandages"],"campfire_rested":7,"item_purchase_floors":[13,31],"current_hp_per_floor":[59,58,58,57,46,25,44,44,54,59,41,39,39,37,61,26,67,59,59,58,58,57,57,44,68,68,68,59,33,33,33,57,49,73,73,73,73,73,73,57,81,81,81,81,81,81,81,77,77,36],"gold":345,"neow_bonus":"TRANSFORM_TWO_CARDS","is_daily":false,"chose_seed":false,"campfire_upgraded":1,"win_rate":0.0,"timestamp":1611656910,"path_taken":["M","M","?","M","?","E","R","M","T","?","E","M","?","E","R","BOSS","M","?","M","?","M","R","E","R","T","M","E","?","?","$","R","BOSS","M","M","M","M","?","E","R","M","T","R","M","M","M","?","R","BOSS"],"items_purchased_type":["Card","Relic"],"build_version":"2020-12-22","purchased_purges":2,"victory":true,"max_hp_per_floor":[66,66,66,66,66,66,66,66,76,81,81,81,81,81,81,81,81,81,81,81,81,81,81,81,81,81,81,81,81,81,81,81,81,81,81,81,81,81,81,81,81,81,81,81,81,81,81,77,77,77],"card_choices":[{"not_picked":["Backstab","Flying Knee"],"picked":"Calculated Gamble","floor":1.0},{"not_picked":["Predator","Bane"],"picked":"Bouncing Flask","floor":2.0},{"not_picked":["Cloak And Dagger","Slice"],"picked":"Outmaneuver","floor":4.0},{"not_picked":["Bane","Quick Slash"],"picked":"Blade Dance","floor":5.0},{"not_picked":["Dagger Spray","Bane"],"picked":"Dagger Throw","floor":6.0},{"not_picked":["Dash","Slice"],"picked":"Finisher","floor":8.0},{"not_picked":["Wraith Form v2","Sucker Punch"],"picked":"Infinite Blades","floor":11.0},{"not_picked":["Skewer","Choke"],"picked":"Underhanded Strike","floor":12.0},{"not_picked":["Dash","Slice"],"picked":"Accuracy","floor":14.0},{"not_picked":["Bane","Well Laid Plans"],"picked":"Accuracy","floor":15.0},{"not_picked":["Phantasmal Killer","A Thousand Cuts"],"picked":"Burst","floor":16.0},{"not_picked":["Setup","Crippling Poison"],"picked":"Reflex","floor":18.0},{"not_picked":["Poisoned Stab","Slice"],"picked":"Reflex+1","floor":20.0},{"not_picked":["Eviscerate","All Out Attack"],"picked":"Blade Dance+1","floor":22.0},{"not_picked":["Envenom","Dodge and Roll"],"picked":"Accuracy","floor":24.0},{"not_picked":["Outmaneuver","Dagger Throw","Dagger Spray"],"picked":"SKIP","floor":27.0},{"not_picked":["Poisoned Stab+1","Slice"],"picked":"Acrobatics","floor":28.0},{"not_picked":["Deflect","Deadly Poison"],"picked":"Underhanded Strike","floor":32.0},{"not_picked":["All Out Attack","Dodge and Roll"],"picked":"Prepared+1","floor":35.0},{"not_picked":["Slice","Cloak And Dagger"],"picked":"Dagger Throw","floor":36.0},{"not_picked":["Dagger Throw","Slice"],"picked":"Backflip","floor":37.0},{"not_picked":["Acrobatics","Bane+1"],"picked":"Accuracy","floor":38.0},{"not_picked":["Prepared","Deflect"],"picked":"Choke","floor":39.0},{"not_picked":["Flying Knee+1","Poisoned Stab"],"picked":"Acrobatics+1","floor":40.0},{"not_picked":["Sucker Punch+1","Endless Agony"],"picked":"Blade Dance","floor":41.0},{"not_picked":["Masterful Stab","Bane","Die Die Die"],"picked":"SKIP","floor":42.0},{"not_picked":["Acrobatics","Dagger Spray+1","Deflect"],"picked":"SKIP","floor":45.0},{"not_picked":["Acrobatics","Outmaneuver","Cloak And Dagger"],"picked":"SKIP","floor":46.0},{"not_picked":["Deflect+1","Leg Sweep"],"picked":"Prepared+1","floor":47.0},{"not_picked":["Eviscerate","Catalyst+1"],"picked":"Terror","floor":49.0}],"player_experience":298922,"relics_obtained":[{"floor":6.0,"key":"Bag of Preparation"},{"floor":9.0,"key":"Pear"},{"floor":11.0,"key":"CaptainsWheel"},{"floor":14.0,"key":"Dream Catcher"},{"floor":24.0,"key":"Oddly Smooth Stone"},{"floor":26.0,"key":"Nunchaku"},{"floor":28.0,"key":"Lantern"},{"floor":29.0,"key":"Ice Cream"},{"floor":29.0,"key":"HornCleat"},{"floor":40.0,"key":"Mummified Hand"},{"floor":43.0,"key":"MawBank"}],"event_choices":[{"damage_healed":0.0,"max_hp_gain":0.0,"max_hp_loss":0.0,"gold_gain":0.0,"event_name":"Lab","player_choice":"Got Potions","floor":3.0,"gold_loss":0.0,"damage_taken":0.0},{"damage_healed":0.0,"max_hp_gain":0.0,"max_hp_loss":0.0,"gold_gain":0.0,"event_name":"The Woman in Blue","player_choice":"Bought 1 Potion","floor":10.0,"gold_loss":0.0,"damage_taken":0.0},{"damage_healed":0.0,"max_hp_gain":0.0,"max_hp_loss":0.0,"gold_gain":50.0,"event_name":"Nest","player_choice":"Stole From Cult","floor":19.0,"gold_loss":0.0,"damage_taken":0.0},{"cards_removed":["Strike_G"],"damage_healed":0.0,"max_hp_gain":0.0,"max_hp_loss":0.0,"gold_gain":0.0,"event_name":"Beggar","player_choice":"Gave Gold","floor":21.0,"gold_loss":75.0,"damage_taken":0.0},{"damage_healed":0.0,"max_hp_gain":0.0,"max_hp_loss":0.0,"gold_gain":0.0,"event_name":"Colosseum","player_choice":"Fight","floor":29.0,"gold_loss":0.0,"damage_taken":0.0},{"damage_healed":0.0,"max_hp_gain":0.0,"max_hp_loss":0.0,"gold_gain":0.0,"event_name":"Colosseum","player_choice":"Fought Nobs","floor":29.0,"gold_loss":0.0,"damage_taken":0.0},{"damage_healed":0.0,"max_hp_gain":0.0,"max_hp_loss":0.0,"gold_gain":0.0,"event_name":"Upgrade Shrine","player_choice":"Upgraded","floor":30.0,"gold_loss":0.0,"damage_taken":0.0,"cards_upgraded":["Infinite Blades"]},{"damage_healed":0.0,"max_hp_gain":0.0,"max_hp_loss":4.0,"gold_gain":0.0,"event_name":"Winding Halls","player_choice":"Max HP","floor":48.0,"gold_loss":0.0,"damage_taken":0.0}],"is_beta":false,"boss_relics":[{"not_picked":["Snecko Eye","Philosopher\u0027s Stone"],"picked":"HoveringKite"},{"not_picked":["Astrolabe","Runic Dome"],"picked":"Fusion Hammer"}],"items_purged_floors":[13,31],"is_endless":false,"potions_floor_spawned":[1,4,5,11,14,18,22,27,33,35,38,40,42],"ascension_level":15}}