{"host":"2ica2wc1gg7guzbw","time":1611679746,"event":{"mods":["BaseMod","Colored Map","Minty Spire (QoL Compilation)","Replay The Spire","Shop Mod","StSLib"],"gold_per_floor":[218,238,0,10,10,10,44,64,64,93,93,107,157,157,157,175,175],"floor_reached":16,"language":"RUS","playtime":388,"items_purged":["Strike_B"],"score":220,"play_id":"79e0b14b-b63a-475b-9c9c-225a68e1fb74","local_time":"20210126204906","is_ascension_mode":true,"campfire_choices":[{"floor":6.0,"key":"REST"},{"floor":11,"key":"REST"},{"data":"Defragment","floor":15,"key":"SMITH"}],"circlet_count":0,"master_deck":["AscendersBane","Strike_B","Strike_B","Strike_B","Defend_B","Defend_B","Defend_B","Zap","Dualcast","Cold Snap","Compile Driver","ReplayTheSpireMod:Omega Cannon","Beam Cell","Defragment+1","Undo","Ball Lightning","Hallucinations"],"relics":["Cracked Core","Replay:Wax Seal","Kunai","Replay:Ringing Soul","Ring of Greed","Smiling Mask","Replay:Bandana","Ring of Shattering"],"acts_visited":["Exordium"],"potions_floor_usage":[],"damage_taken":[{"damage":7.0,"enemies":"Jaw Worm","floor":1.0,"turns":3.0},{"damage":14.0,"enemies":"Small Slimes","floor":2.0,"turns":3.0},{"damage":0.0,"enemies":"2 Louse","floor":4.0,"turns":1.0},{"damage":6.0,"enemies":"Gremlin Nob","floor":7.0,"turns":3.0},{"damage":6.0,"enemies":"Red Slaver","floor":8.0,"turns":3.0},{"damage":23,"enemies":"Lagavulin","floor":10,"turns":6},{"damage":1,"enemies":"Looter","floor":12,"turns":3},{"damage":43,"enemies":"Hexaghost","floor":16,"turns":9}],"seed_played":"-5104013975691535732","potions_obtained":[{"floor":2.0,"key":"LiquidBronze"},{"floor":4.0,"key":"Dexterity Potion"}],"is_trial":false,"path_per_floor":["M","M","$","M","?","R","E","M","T","E","R","M","?","?","R","B"],"character_chosen":"DEFECT","items_purchased":["ReplayTheSpireMod:Omega Cannon"],"campfire_rested":2,"item_purchase_floors":[3],"current_hp_per_floor":[57,43,43,43,25,46,40,34,34,14,36,38,41,41,41,0,0],"gold":175,"neow_bonus":"HUNDRED_GOLD","is_daily":false,"chose_seed":false,"campfire_upgraded":1,"win_rate":0.0,"timestamp":1611679746,"path_taken":["M","M","$","M","?","R","E","M","T","E","R","M","?","?","R","BOSS"],"items_purchased_type":["Card"],"build_version":"2020-12-22","purchased_purges":1,"victory":false,"max_hp_per_floor":[71,71,71,71,71,71,71,71,71,74,74,77,80,80,80,80,80],"card_choices":[{"not_picked":["Rebound","Steam Power"],"picked":"Cold Snap","floor":1.0},{"not_picked":["Redo","Steam Power"],"picked":"Compile Driver","floor":2.0},{"not_picked":["Hologram","Coolheaded"],"picked":"Beam Cell","floor":4.0},{"not_picked":["Stack","Sweeping Beam","ReplayTheSpireMod:Reroute Power"],"picked":"SKIP","floor":7.0},{"not_picked":["Crystallizer","Gash"],"picked":"Defragment","floor":8.0},{"not_picked":["Rebound","Coolheaded"],"picked":"Undo","floor":10},{"not_picked":["BasicCrystalCard","Rebound"],"picked":"Ball Lightning","floor":12}],"player_experience":935025,"relics_obtained":[{"floor":7.0,"key":"Kunai"},{"floor":10,"key":"Replay:Ringing Soul"},{"floor":13,"key":"Ring of Greed"},{"floor":13,"key":"Smiling Mask"},{"floor":13,"key":"Replay:Bandana"},{"floor":13,"key":"Ring of Shattering"}],"event_choices":[{"damage_healed":0.0,"max_hp_gain":0.0,"max_hp_loss":0.0,"gold_gain":0.0,"event_name":"Scrap Ooze","player_choice":"Success","floor":5.0,"gold_loss":0.0,"damage_taken":18.0,"relics_obtained":["Replay:Wax Seal"]}],"is_beta":false,"boss_relics":[],"items_purged_floors":[3],"is_endless":false,"potions_floor_spawned":[2,4,10],"killed_by":"Hexaghost","ascension_level":20}}