{"host":"xurz8oye0j2lsa2k","time":1611693811,"event":{"mods":["AchievementEnabler","BaseMod","Bestiary","BetterRewards","Colored Map","Downfall","Hubris","Minty Spire (QoL Compilation)","Permanent Neow","Replay The Spire","Spicy Shops","StSLib","UnlockEverythingMod"],"gold_per_floor":[349,363,379,394,9,28,53,66,66,66,66],"floor_reached":9,"language":"ENG","playtime":700,"items_purged":["Slimebound:Strike_Slimebound"],"score":55,"play_id":"dc9da776-d646-4a98-b46a-53051059350b","local_time":"20210126154331","is_ascension_mode":false,"campfire_choices":[{"data":"Slimebound:CorrosiveSpit","floor":1,"key":"SMITH"}],"circlet_count":0,"master_deck":["Slimebound:Strike_Slimebound","Slimebound:Strike_Slimebound","Slimebound:Tackle","Slimebound:Defend_Slimebound","Slimebound:Defend_Slimebound","Slimebound:Defend_Slimebound","Slimebound:Defend_Slimebound","Slimebound:Split","Slimebound:CorrosiveSpit+1","Slimebound:DivideAndConquer","Slimebound:LeadByExample","Slimebound:Repurpose","Slimebound:AcidTongue","Clumsy","Slimebound:RollThrough","Slimebound:GoopSpray"],"relics":["Slimebound:AbsorbEndCombat","Garlic","Chemical X"],"acts_visited":["Exordium"],"potions_floor_usage":[4,9],"damage_taken":[{"damage":4,"enemies":"Cultist","floor":2,"turns":3},{"damage":11,"enemies":"Jaw Worm","floor":3,"turns":3},{"damage":1,"enemies":"2 Louse","floor":4,"turns":2},{"damage":3,"enemies":"downfall:FleeingMerchant","floor":5,"turns":4},{"damage":15,"enemies":"Red Slaver","floor":6,"turns":5},{"damage":13,"enemies":"2 Fungi Beasts","floor":8,"turns":3},{"damage":20,"enemies":"Lagavulin","floor":9,"turns":3}],"seed_played":"93902202888463321","potions_obtained":[{"floor":3,"key":"Slimebound:SlimedPotion"},{"floor":6,"key":"SneckoOil"}],"is_trial":false,"path_per_floor":["R","M","M","M","$","M","T","M","E"],"character_chosen":"SLIMEBOUND","items_purchased":["Garlic","Slimebound:Repurpose","Slimebound:AcidTongue","Chemical X"],"campfire_rested":0,"item_purchase_floors":[5,5,5,5],"current_hp_per_floor":[47,45,36,37,36,29,29,16,0,0,0],"gold":66,"neow_bonus":"TWO_FIFTY_GOLD","is_daily":false,"chose_seed":false,"campfire_upgraded":1,"win_rate":0.0,"timestamp":1611693811,"path_taken":["R","M","?","M","$","M","T","M","E"],"items_purchased_type":["Relic","Card","Card","Relic"],"build_version":"2020-12-22","purchased_purges":1,"victory":false,"max_hp_per_floor":[65,65,65,65,65,65,65,65,65,65,65],"card_choices":[{"not_picked":["Slimebound:GoopSpray","Slimebound:RainOfGoop"],"picked":"Slimebound:DivideAndConquer","floor":2},{"not_picked":["Slimebound:ServeAndProtect","Slimebound:GoopTackle"],"picked":"Slimebound:LeadByExample","floor":3},{"not_picked":["Slimebound:LeechingTouch","Slimebound:SplitMire","Slimebound:GoopTackle"],"picked":"SKIP","floor":4},{"not_picked":["Slimebound:SpikyOuterGoop","Slimebound:DivideAndConquer","Slimebound:SplitBruiser"],"picked":"SKIP","floor":5},{"not_picked":["Slimebound:PressTheAttack","Slimebound:LivingWall"],"picked":"Slimebound:RollThrough","floor":6},{"not_picked":["Slimebound:ServeAndProtect","Slimebound:RollThrough"],"picked":"Slimebound:GoopSpray","floor":8}],"player_experience":530884,"relics_obtained":[],"event_choices":[],"is_beta":false,"boss_relics":[],"items_purged_floors":[5],"is_endless":false,"potions_floor_spawned":[3,6],"killed_by":"Lagavulin","ascension_level":0}}