{"host":"63beink0jfv5ch5g","time":1611670335,"event":{"mods":["ATMod(∞¢Ë™Mod)","AchievementEnabler","Act Like it!","Aspiration","BaseMod","CapriCore","Chen","Conspire","DeckTracker","Gensokyo","GungeonMod","Koishi","Marisa£®ÏF”Í°°ƒß¿Ì…≥£©","Minty Spire (QoL Compilation)","MostiFishMod","Pale of the Ancients","Quick Restart","Reimu£®≤©¿ˆ¡È√Œ£©","Remilia£®¿Ÿ√◊¿Ú—«£©","Replay The Spire","SOS£®Àπ∞Õ¥Ô÷Æ◊”£©","Shop Mod","StSLib","The Immortal","The Servant 0.9.4","Waifu the Spire","Yakumo Yukari mod","Youmu£®ªÍ∆«—˝√Œ£©","Yuyuko","ÛÙª÷∏ƒœ"],"gold_per_floor":[109,126,51,51,51,218,218,218,268,108,108,156,156,217,217,318,318,368,248,248,309,375,375,454,537,537,39,39,76,76,155,155,155,155],"floor_reached":33,"language":"ZHS","playtime":2316,"items_purged":["Defend_Dante"],"score":500,"play_id":"df1c21f8-8dc7-4395-b7bc-a3cc6dad1f75","local_time":"20210126221215","is_ascension_mode":true,"campfire_choices":[{"data":"Enemystep","floor":7.0,"key":"SMITH"},{"floor":15.0,"key":"RECALL"},{"data":"LucifercomboC","floor":23.0,"key":"SMITH"},{"data":"MostiFishMod:TheLastGuard","floor":28.0,"key":"SMITH"},{"data":"Straight","floor":30.0,"key":"SMITH"},{"data":"Swordmaster","floor":32,"key":"SMITH"}],"circlet_count":0,"master_deck":["AscendersBane","Attack_a","Attack_a","Attack_b","Provocation","Defend_Dante","Defend_Dante","Redorb","AT_FamilyPortrait","Dash2","Enemystep+1","Rebellion","Clumsy","Dash1","Demonreform","Royalguard+1","LucifercomboA+1","Millionstab+1","LucifercomboC+1","Lucifer+1","Darkslayer","Gilgamesh+1","Swordcombo","MostiFishMod:TheLastGuard+1","Straight+1","Swordmaster+1"],"relics":["SSS","Combocheck","DaveBox","AT_ATBox","RhineCircuit","NeowsBlessing","SynthV:TestCard","Gensokyo:NagashiBinaDoll","Anchor","Omamori","AT_SunfireAegis","Gensokyo:Bombinomicon","Gensokyo:PortableGap","Astrolabe","Gensokyo:LionMask","StrikeDummy","DemoMod:JetPack","CrazyTorch:ReiMu","Iron Hammer","Vajra"],"acts_visited":["Exordium","Gensokyo:Gensokyo"],"potions_floor_usage":[33],"damage_taken":[{"damage":0.0,"enemies":"Gensokyo:Gryphon","floor":1.0,"turns":1.0},{"damage":0.0,"enemies":"Gensokyo:Python","floor":2.0,"turns":2.0},{"damage":0.0,"enemies":"Gensokyo:Mamizou","floor":6.0,"turns":4.0},{"damage":3.0,"enemies":"Gensokyo:3_Fairies","floor":12.0,"turns":3.0},{"damage":11.0,"enemies":"Gensokyo:CorruptedTreant","floor":14.0,"turns":4.0},{"damage":10.0,"enemies":"Gensokyo:Reimu","floor":16.0,"turns":6.0},{"damage":0.0,"enemies":"Gensokyo:2_Gloops","floor":18.0,"turns":3.0},{"damage":6.0,"enemies":"Gensokyo:3_Dogs","floor":21.0,"turns":4.0},{"damage":5.0,"enemies":"Gensokyo:3_Gloops","floor":22.0,"turns":3.0},{"damage":21.0,"enemies":"Gensokyo:Reisen","floor":24.0,"turns":5.0},{"damage":44.0,"enemies":"conspire:MimicChest","floor":25.0,"turns":5.0},{"damage":6.0,"enemies":"Gensokyo:Wraith","floor":29.0,"turns":2.0},{"damage":0,"enemies":"Gensokyo:Tenshi","floor":31,"turns":2},{"damage":49,"enemies":"Gensokyo:Eternal_Rivals","floor":33,"turns":7}],"seed_played":"3167492157256014340","potions_obtained":[{"floor":2.0,"key":"LifebloodPotion"},{"floor":6.0,"key":"DuplicationPotion"},{"floor":12.0,"key":"Elixir"},{"floor":16.0,"key":"AttackPotion"},{"floor":25.0,"key":"DuplicationPotion"},{"floor":29.0,"key":"PowerPotion"}],"is_trial":false,"path_per_floor":["M","M","$","?","?","E","R","?","T","?","?","M","?","M","R","B",null,"M","?","?","M","M","R","E","?","T","$","R","M","R","E","R","B"],"character_chosen":"DANTE","items_purchased":["Swordcombo","Iron Hammer","MostiFishMod:TheLastGuard"],"campfire_rested":0,"item_purchase_floors":[27,27,27],"current_hp_per_floor":[72,72,72,72,72,72,72,72,72,72,72,69,69,58,58,48,66,66,66,72,72,67,67,58,26,26,26,26,20,20,32,32,0,0],"gold":155,"neow_bonus":"THREE_ENEMY_KILL","is_daily":false,"chose_seed":false,"campfire_upgraded":5,"win_rate":0.0,"timestamp":1611670335,"path_taken":["M","M","$","?","?","E","R","?","T","?","?","?","?","M","R","BOSS","M","?","?","?","M","R","E","?","T","?","R","M","R","E","R","BOSS"],"items_purchased_type":["Card","Relic","Card"],"build_version":"2020-12-22","purchased_purges":1,"victory":false,"max_hp_per_floor":[80,80,80,80,80,80,80,80,80,80,80,80,72,72,72,72,72,72,72,72,72,72,72,72,72,72,72,72,72,72,72,72,72,72],"card_choices":[{"not_picked":["LucifercomboB","Weaponupgrade","Ecstasy"],"picked":"SKIP","floor":1.0},{"not_picked":["LucifercomboC","Dash1","LucifercomboA","CoyoteA"],"picked":"Dash2","floor":2.0},{"not_picked":["VitalstarS","Fullhouse","DevilstarS","Millionkick"],"picked":"Enemystep","floor":4.0},{"not_picked":["DevilstarS","Pandora","Shock","Doubleshoot"],"picked":"Rebellion","floor":4.0},{"not_picked":["Chargeshoot2","VitalstarM","LucifercomboC","Whiteorb","LucifercomboD"],"picked":"SKIP","floor":6.0},{"not_picked":["EbonyIvory","Rebellion","Splesh","DevilstarL","Ecstasy"],"picked":"SKIP","floor":12.0},{"not_picked":["VitalstarM","Fullhouse","Rebellion","Gunstinger"],"picked":"Dash1","floor":14.0},{"not_picked":["VitalstarL","Blueorb","Swordcombo","DevilstarL"],"picked":"Demonreform","floor":16.0},{"not_picked":["Rebellion","Splesh","Fullhouse","SSScard"],"picked":"LucifercomboC","floor":18.0},{"not_picked":["Greenorb","Airhike","Unrisingdragon","EbonyIvory","Honeycombofire"],"picked":"SKIP","floor":21.0},{"not_picked":["Splesh","Demonreform","LucifercomboC","Dash2"],"picked":"Lucifer+1","floor":22.0},{"not_picked":["Stinger","Honeycombofire+1","BeastUppercut","Doubleshoot"],"picked":"Darkslayer","floor":24.0},{"not_picked":["VitalstarS","Lucifer","SSScard","Greenorb"],"picked":"Gilgamesh+1","floor":25.0},{"not_picked":["DT","Splesh","EbonyIvory","Kick13"],"picked":"Straight","floor":29.0},{"not_picked":["Gilgamesh","Airtrick","Lucifer","Whiteorb+1"],"picked":"Swordmaster","floor":31}],"player_experience":148502,"relics_obtained":[{"floor":1.0,"key":"SynthV:TestCard"},{"floor":6.0,"key":"Anchor"},{"floor":9.0,"key":"AT_SunfireAegis"},{"floor":24.0,"key":"StrikeDummy"},{"floor":25.0,"key":"DemoMod:JetPack"},{"floor":26.0,"key":"CrazyTorch:ReiMu"},{"floor":31,"key":"Vajra"}],"event_choices":[{"damage_healed":0.0,"max_hp_gain":0.0,"max_hp_loss":0.0,"gold_gain":0.0,"event_name":"conspire:Investor","player_choice":"Leave","floor":11.0,"gold_loss":0.0,"damage_taken":0.0}],"is_beta":false,"boss_relics":[{"not_picked":["Runic Dome","Coffee Dripper"],"picked":"Astrolabe"}],"items_purged_floors":[3],"is_endless":false,"potions_floor_spawned":[2,6,12,16,21,25,29],"killed_by":"Gensokyo:Eternal_Rivals","ascension_level":12}}