{"host":"6ncdf681trjj7gs6","time":1611703270,"event":{"mods":["BaseMod","Colored Map","Downfall","Highlight Path","Minty Spire (QoL Compilation)","StSLib"],"gold_per_floor":[99,110,128,139,139,289,289,307,321,347,405,440,240,11,24,124,124,124,144,158,169,185,213,266,296,322,222,222,235,174,201,212,316,316,316,328,346,377,377,377,377,377,409,409,444,444,444,473,493,493,493,525,214,214,214,214],"floor_reached":57,"language":"ENG","playtime":4621,"items_purged":["downfall:Icky"],"score":1563,"play_id":"c4831155-12eb-40a5-9ca1-9dbd19a4fa6e","local_time":"20210126182110","is_ascension_mode":true,"campfire_choices":[{"floor":1.0,"key":"RECALL"},{"data":"bronze:Verify","floor":13.0,"key":"SMITH"},{"data":"bronze:SpaghettiCode","floor":18.0,"key":"SMITH"},{"data":"bronze:MaxOutput","floor":27.0,"key":"SMITH"},{"floor":35.0,"key":"DIG"},{"data":"bronze:FineTuning","floor":40,"key":"SMITH"},{"data":"bronze:Iterate","floor":42,"key":"SMITH"},{"floor":44,"key":"DIG"},{"data":"expansioncontent:DashGenerateEvil","floor":54,"key":"SMITH"}],"circlet_count":0,"master_deck":["bronze:Defend+1","bronze:Defend+1","bronze:OilSpill+1","bronze:Verify+1","bronze:FineTuning+1","bronze:Iterate+1","bronze:SpaghettiCode+1","bronze:MaxOutput+1","bronze:Shield","bronze:Repulsor+1","bronze:BronzeOrb+1","bronze:Boost","bronze:Boost+1","bronze:Iterate+1","bronze:FineTuning+1","bronze:FineTuning+1","bronze:Format","expansioncontent:DashGenerateEvil+1"],"relics":["bronze:BronzeCore","bronze:CableSpool","WingedGreaves","Anchor","downfall:HeartBlessingRed","downfall:HeartBlessingGreen","Bottled Tornado","Sozu","MealTicket","Matryoshka","Shovel","downfall:HeartBlessingBlue","Lantern","Vajra","SlaversCollar","hexamod:CandleOfCauterizing","Membership Card","Meat on the Bone","Blue Candle","Calipers","Strawberry","Pantograph","Whetstone","Letter Opener","StrikeDummy","hexamod:BolsterEngine","Oddly Smooth Stone","Du-Vu Doll","Orichalcum"],"acts_visited":["Exordium","TheCity","TheBeyond","TheEnding"],"potions_floor_usage":[56,56],"damage_taken":[{"damage":0.0,"enemies":"Small Slimes","floor":2.0,"turns":3.0},{"damage":6.0,"enemies":"Jaw Worm","floor":3.0,"turns":3.0},{"damage":6.0,"enemies":"2 Louse","floor":4.0,"turns":3.0},{"damage":13.0,"enemies":"Lots of Slimes","floor":8.0,"turns":4.0},{"damage":7.0,"enemies":"3 Louse","floor":9.0,"turns":4.0},{"damage":8.0,"enemies":"Gremlin Nob","floor":10.0,"turns":3.0},{"damage":14.0,"enemies":"Lagavulin Event","floor":11.0,"turns":6.0},{"damage":0.0,"enemies":"Lagavulin","floor":12.0,"turns":4.0},{"damage":1.0,"enemies":"downfall:FleeingMerchant","floor":14.0,"turns":4.0},{"damage":0.0,"enemies":"Blue Slaver","floor":15.0,"turns":2.0},{"damage":2.0,"enemies":"WA_ARCHETYPE_RETAIN","floor":16.0,"turns":6.0},{"damage":0.0,"enemies":"Spheric Guardian","floor":19.0,"turns":2.0},{"damage":2.0,"enemies":"Snecko","floor":20.0,"turns":3.0},{"damage":7.0,"enemies":"Shelled Parasite and Fungi","floor":21.0,"turns":4.0},{"damage":0.0,"enemies":"Chosen and Byrds","floor":22.0,"turns":4.0},{"damage":4.0,"enemies":"Slavers","floor":23.0,"turns":5.0},{"damage":1.0,"enemies":"Book of Stabbing","floor":25.0,"turns":4.0},{"damage":1.0,"enemies":"Slavers","floor":26.0,"turns":6.0},{"damage":0.0,"enemies":"Snecko","floor":29.0,"turns":3.0},{"damage":2.0,"enemies":"downfall:FleeingMerchant","floor":30.0,"turns":4.0},{"damage":0.0,"enemies":"Book of Stabbing","floor":31.0,"turns":4.0},{"damage":6.0,"enemies":"Snake Plant","floor":32.0,"turns":3.0},{"damage":0.0,"enemies":"IC_MUSHROOM_ARCHETYPE","floor":33.0,"turns":4.0},{"damage":2.0,"enemies":"3 Darklings","floor":36.0,"turns":5.0},{"damage":0,"enemies":"3 Shapes","floor":37,"turns":4},{"damage":0,"enemies":"downfall:FleeingMerchant","floor":38,"turns":1},{"damage":36,"enemies":"Nemesis","floor":43,"turns":5},{"damage":11,"enemies":"Reptomancer","floor":45,"turns":4},{"damage":0,"enemies":"Giant Head","floor":48,"turns":4},{"damage":0,"enemies":"Spire Growth","floor":49,"turns":2},{"damage":7,"enemies":"DF_ARCHETYPE_ORBS","floor":50,"turns":4},{"damage":0,"enemies":"downfall:CharBossMerchant","floor":52,"turns":4},{"damage":2,"enemies":"downfall:NeowBoss","floor":55,"turns":9},{"damage":20,"enemies":"downfall:NeowBossFinal","floor":56,"turns":5}],"seed_played":"-4142574165128090558","potions_obtained":[{"floor":2.0,"key":"SpeedPotion"},{"floor":4.0,"key":"FairyPotion"},{"floor":9.0,"key":"EssenceOfSteel"},{"floor":12.0,"key":"AttackPotion"},{"floor":15.0,"key":"Strength Potion"}],"is_trial":false,"path_per_floor":["R","M","M","M","?","?","T","M","M","E","?","E","R","$","M","B",null,"R","M","M","M","M","E","T","E","E","R","?","M","$","E","M","B",null,"R","M","M","$","?","R","T","R","E","R","E","?","?","E","M","B",null,"E","$","R","B","B",null],"character_chosen":"THE_AUTOMATON","items_purchased":["bronze:Shield","bronze:Repulsor","Bottled Tornado","bronze:Iterate","Membership Card","bronze:FineTuning","Meat on the Bone","expansioncontent:DashGenerateEvil","Du-Vu Doll","Orichalcum"],"campfire_rested":0,"item_purchase_floors":[14,14,14,30,38,38,38,53,53,53],"current_hp_per_floor":[70,70,64,58,58,58,58,70,63,55,41,41,41,40,40,38,70,70,70,68,61,61,57,57,56,55,65,57,57,70,70,64,64,80,80,78,78,80,75,75,75,75,58,58,47,47,47,47,47,65,87,87,87,87,85,67],"gold":214,"neow_bonus":"TRANSFORM_TWO_CARDS","is_daily":false,"chose_seed":false,"campfire_upgraded":6,"win_rate":0.0,"timestamp":1611703270,"path_taken":["R","M","M","M","?","?","T","M","M","E","?","E","R","$","M","BOSS","R","M","M","M","M","E","T","E","E","R","?","?","$","E","M","BOSS","R","M","M","$","?","R","T","R","E","R","E","?","?","E","M","BOSS","E","$","R","BOSS","BOSS"],"items_purchased_type":["Card","Card","Relic","Card","Relic","Card","Relic","Card","Relic","Relic"],"build_version":"2020-12-22","purchased_purges":1,"victory":true,"max_hp_per_floor":[70,70,70,70,70,70,70,70,70,70,70,70,70,70,70,70,70,70,70,70,70,70,70,70,70,70,80,80,80,80,80,80,80,80,80,80,80,80,80,80,80,80,87,87,87,87,87,87,87,87,87,87,87,87,87,87],"card_choices":[{"not_picked":["bronze:Separator","bronze:BitShift"],"picked":"bronze:FineTuning","floor":2.0},{"not_picked":["bronze:DelayedGuard","bronze:Deprecate","bronze:BugBarrage"],"picked":"SKIP","floor":3.0},{"not_picked":["bronze:Turbo","bronze:WhirlingStrike"],"picked":"bronze:Repulsor+1","floor":4.0},{"not_picked":["bronze:BuggyMess","bronze:BitShift"],"picked":"bronze:Iterate","floor":8.0},{"not_picked":["bronze:BronzeArmor","bronze:CloningBeam","bronze:Overload"],"picked":"SKIP","floor":9.0},{"not_picked":["bronze:BronzeArmor","bronze:CloningBeam","bronze:Overload"],"picked":"SKIP","floor":9.0},{"not_picked":["bronze:BugBarrage","bronze:ItsAFeature"],"picked":"bronze:SpaghettiCode","floor":10.0},{"not_picked":["bronze:BuggyMess","bronze:Overheat","bronze:Overload"],"picked":"SKIP","floor":12.0},{"not_picked":["bronze:Flail","bronze:BurnOut"],"picked":"bronze:MaxOutput","floor":14.0},{"not_picked":["bronze:Invalidate","bronze:FineTuning","bronze:DelayedSlice"],"picked":"SKIP","floor":15.0},{"not_picked":["bronze:Overheat","bronze:BugBarrage+1","bronze:ChildClass"],"picked":"SKIP","floor":19.0},{"not_picked":["bronze:Turbo","bronze:Shell","bronze:Separator+1"],"picked":"SKIP","floor":20.0},{"not_picked":["bronze:Branch","bronze:Repair+1"],"picked":"bronze:BronzeOrb+1","floor":21.0},{"not_picked":["bronze:ChosenStrike","bronze:Overload+1"],"picked":"bronze:Boost","floor":22.0},{"not_picked":["bronze:OilSpill+1","bronze:Allocate","bronze:ForLoop+1"],"picked":"SKIP","floor":23.0},{"not_picked":["bronze:Shell","bronze:Branch","bronze:Constructor"],"picked":"SKIP","floor":25.0},{"not_picked":["bronze:Overheat+1","bronze:Break"],"picked":"bronze:Boost+1","floor":26.0},{"not_picked":["bronze:Allocate+1","bronze:MaxOutput","bronze:ForLoop"],"picked":"SKIP","floor":29.0},{"not_picked":["bronze:Allocate+1","bronze:MaxOutput","bronze:ForLoop"],"picked":"SKIP","floor":29.0},{"not_picked":["bronze:Frontload","bronze:ThunderWave","bronze:Repulsor"],"picked":"SKIP","floor":30.0},{"not_picked":["bronze:DarkDash+1","bronze:Separator","bronze:CleanCode"],"picked":"SKIP","floor":31.0},{"not_picked":["bronze:Safeguard","bronze:BitShift"],"picked":"bronze:FineTuning+1","floor":32.0},{"not_picked":["bronze:Boost+1","bronze:Separator","bronze:Shield+1"],"picked":"SKIP","floor":36.0},{"not_picked":["bronze:Optimize","bronze:Backtrace","bronze:Frontload+1"],"picked":"SKIP","floor":37},{"not_picked":["bronze:Repair+1","bronze:Deprecate","bronze:CutThrough"],"picked":"SKIP","floor":38},{"not_picked":["bronze:Overheat+1","bronze:Invalidate","bronze:Overload+1"],"picked":"SKIP","floor":43},{"not_picked":["bronze:DarkDash","bronze:BugBarrage+1","bronze:ChosenStrike"],"picked":"SKIP","floor":45},{"not_picked":["bronze:WhirlingStrike","bronze:NullPointer"],"picked":"bronze:Format","floor":48},{"not_picked":["bronze:NullPointer","bronze:CutThrough","bronze:Repair"],"picked":"SKIP","floor":49},{"not_picked":["bronze:Deprecate","bronze:FollowUp+1","bronze:Frontload"],"picked":"SKIP","floor":52}],"player_experience":979184,"relics_obtained":[{"floor":7.0,"key":"bronze:CableSpool"},{"floor":10.0,"key":"WingedGreaves"},{"floor":11.0,"key":"Anchor"},{"floor":23.0,"key":"MealTicket"},{"floor":25.0,"key":"Matryoshka"},{"floor":26.0,"key":"Shovel"},{"floor":31.0,"key":"Vajra"},{"floor":35.0,"key":"hexamod:CandleOfCauterizing"},{"floor":41,"key":"Calipers"},{"floor":43,"key":"Strawberry"},{"floor":44,"key":"Pantograph"},{"floor":45,"key":"Whetstone"},{"floor":46,"key":"Letter Opener"},{"floor":46,"key":"StrikeDummy"},{"floor":48,"key":"hexamod:BolsterEngine"},{"floor":52,"key":"Oddly Smooth Stone"}],"event_choices":[{"cards_removed":["bronze:Repulsor"],"damage_healed":0,"gold_gain":0,"player_choice":"Removed Power","damage_taken":0,"max_hp_gain":0,"max_hp_loss":0,"event_name":"Falling","floor":47,"gold_loss":0}],"is_beta":false,"boss_relics":[{"not_picked":["Velvet Choker","Tiny House","Runic Pyramid"]},{"not_picked":["Calling Bell","Snecko Eye"],"picked":"SlaversCollar"}],"items_purged_floors":[14],"is_endless":false,"potions_floor_spawned":[2,4,9,12,15,16,19,20,22,31,32,33,43,45,49],"ascension_level":1}}