{"host":"kqqjvufdj6ouyvqb","time":1611665250,"event":{"mods":["ATMod(阿瑾Mod)","Act Like it!","Arknights The Spire","BaseMod","Colored Powertips","Downfall","Hallownest","HololiveMod","KinomotoSakuraMod(木之本樱)","Koishi","Lobotomy","LobotomyExtend","Minty Spire (QoL Compilation)","Quick Restart","Remilia（蕾米莉亚）","Replay The Spire","StSLib","The Alterego","The Bug Knight","The Construct","The Gatherer","WarShipGirlsR/战舰少女R mod","[IsaacMod]以撒尖塔","【遗物卡牌】REMEMod","残留之物","篝火指南"],"gold_per_floor":[79,79,354,368,379,405,142,142,165,176,176,191,191,204,25,124,124,139,142,142],"floor_reached":19,"language":"ZHS","playtime":723,"items_purged":[],"score":317,"play_id":"7fb74045-4e86-4fc1-8298-99ae18277641","local_time":"20210126204730","is_ascension_mode":true,"campfire_choices":[{"data":"GreenStem","floor":13,"key":"SMITH"}],"circlet_count":0,"master_deck":["Hololive_Strike","Hololive_Strike","Hololive_Defend","Hololive_Defend","Hololive_Sequa","Hololive_CallShiranuiFlare","Hololive_CallDoris","Hololive_CallMoonaHoshinova","Hololive_CallRoboco","Hololive_CallOzoraSubaru","SpAim","Koishi:Provoke","Hololive_AWSL","PlaceholderMod:Hard","AT_TearsDenial","Hololive_CallNatsuiroMatsuri","Regret","Hololive_FlyingPonyTail","Hololive_CallUruhaRushia","Hololive_CallYogiri","Hololive_CallRoboco","Replay:Hysterical Blindness","GreenStem+1","Koishi:EmbryosDream","Hololive_DevilCharm+1","Hololive_RevenueBasedLive","Parasite"],"relics":["Hololive_TheStar","HushsDoor","AT_ATBox","REME_ComplimentaryCards","SteamSale","LetterFromLob","PlaceholderMod:DeVermisMysteriis","AT_ArcaneBoots","Habit","Bag of Preparation","TheBean","Bag of Marbles","ReplayTheSpireMod:Lightbulb","PrismaticShard","AT_EbonyIvory","ClockworkSouvenir","MagicMushroom","GuppysTail","HonorFeather"],"acts_visited":["Exordium","TheCity"],"potions_floor_usage":[16,19,19,19],"damage_taken":[{"damage":0,"enemies":"Small Slimes","floor":1,"turns":3},{"damage":0,"enemies":"Cultist","floor":4,"turns":3},{"damage":2,"enemies":"2 Louse","floor":5,"turns":3},{"damage":0,"enemies":"3 Sentries","floor":6,"turns":2},{"damage":0,"enemies":"Blue Slaver","floor":10,"turns":4},{"damage":0,"enemies":"Red Slaver","floor":12,"turns":3},{"damage":0,"enemies":"3 Louse","floor":14,"turns":1},{"damage":0,"enemies":"The Guardian","floor":16,"turns":8},{"damage":0,"enemies":"Chosen","floor":18,"turns":3},{"damage":0,"enemies":"Chosen","floor":19,"turns":3}],"seed_played":"-951170481669541709","potions_obtained":[{"floor":5,"key":"champ:CounterPotion"},{"floor":6,"key":"Elixir"},{"floor":14,"key":"LiquidMemories"},{"floor":16,"key":"GamblersBrew"}],"is_trial":false,"path_per_floor":["M","?","?","M","M","E","$","?","T","M","?","M","R","M","R","B",null,"M","?"],"character_chosen":"Hololive_HololiveCharacter","items_purchased":["Hololive_CallYogiri","Habit","Bag of Preparation","TheBean","AT_EbonyIvory","ClockworkSouvenir","Hololive_DevilCharm+1","GuppysTail"],"campfire_rested":0,"item_purchase_floors":[7,7,7,7,15,15,15,17],"current_hp_per_floor":[33,18,18,19,18,19,19,16,16,17,17,18,18,19,19,20,37,39,0,0],"gold":142,"neow_bonus":"THREE_RARE_CARDS","is_daily":false,"chose_seed":false,"campfire_upgraded":1,"win_rate":0.0,"timestamp":1611665250,"path_taken":["M","?","?","M","M","E","$","?","T","?","?","M","R","M","R","BOSS","M","?"],"items_purchased_type":["Card","Relic","Relic","Relic","Relic","Relic","Card","Relic"],"build_version":"2020-12-22","purchased_purges":0,"victory":false,"max_hp_per_floor":[36,36,36,37,38,39,39,39,39,40,40,41,41,42,42,43,40,41,42,42],"card_choices":[{"not_picked":[],"picked":"ChaosCard","floor":0},{"not_picked":["Hololive_DDD","Hololive_OpenUp"],"picked":"Hololive_AWSL","floor":0},{"not_picked":["Hololive_Psychosis","Hololive_Trident","Hololive_SummonFox"],"picked":"Hololive_CallNatsuiroMatsuri","floor":1},{"not_picked":["Hololive_Sequa","Hololive_Trident","Hololive_CandyCastle"],"picked":"Bomb","floor":4},{"not_picked":["Bomb","Hololive_Trident","Hololive_RevenueBasedLive"],"picked":"Hololive_FlyingPonyTail","floor":5},{"not_picked":["Hololive_FlyingPonyTail","Bomb","Hololive_StarCraft"],"picked":"Hololive_CallUruhaRushia","floor":6},{"not_picked":["Hololive_StrengthChampion","Hololive_CallNatsuiroMatsuri","Hololive_CallAkaiHaato"],"picked":"Hololive_CallRoboco","floor":10},{"not_picked":["Massacre","sneckomod:UnknownStrike","Eviscerate"],"picked":"GreenStem","floor":12},{"not_picked":["alterego_mod:Skirt","Gatherer:TreeGrowth","Slimebound:Schlurp"],"picked":"Koishi:EmbryosDream","floor":14},{"not_picked":["Penitence","Koishi:Prune+1","PathToVictory"],"picked":"Hololive_RevenueBasedLive","floor":18}],"player_experience":211125,"relics_obtained":[{"floor":1,"key":"LetterFromLob"},{"floor":6,"key":"AT_SpeedBoots"},{"floor":9,"key":"ReplayTheSpireMod:Lightbulb"}],"event_choices":[{"damage_healed":0,"gold_gain":275,"player_choice":"Desecrate","damage_taken":0,"max_hp_gain":0,"max_hp_loss":0,"event_name":"Golden Shrine","floor":3,"gold_loss":0,"cards_obtained":["Regret"]},{"damage_healed":0,"gold_gain":0,"player_choice":"Success","damage_taken":3,"relics_obtained":["Bag of Marbles"],"max_hp_gain":0,"max_hp_loss":0,"event_name":"Scrap Ooze","floor":8,"gold_loss":0}],"is_beta":false,"boss_relics":[{"not_picked":["Replay:Wanted Poster","Astrolabe"],"picked":"MagicMushroom"},{"not_picked":[]}],"items_purged_floors":[],"is_endless":false,"potions_floor_spawned":[5,6,14,16,18],"killed_by":"Chosen","ascension_level":6}}