{"host":"iph0xvuia0glosgr","time":1611695619,"event":{"mods":["AchievementEnabler","BaseMod","Minty Spire (QoL Compilation)"],"gold_per_floor":[115,115,126,126,143,172,172,172,172],"floor_reached":8,"language":"ENG","playtime":433,"items_purged":[],"score":56,"play_id":"dc898ec5-76d9-4223-9761-d0df80cf23cd","local_time":"20210126211339","is_ascension_mode":false,"campfire_choices":[{"floor":7,"key":"REST"}],"circlet_count":0,"master_deck":["Strike_G","Strike_G","Strike_G","Strike_G","Strike_G","Defend_G","Defend_G","Defend_G","Defend_G","Defend_G","Survivor+1","Neutralize","Backflip","Underhanded Strike","Blade Dance","Sucker Punch"],"relics":["Ring of the Snake","NeowsBlessing","FossilizedHelix","Sundial"],"acts_visited":["Exordium"],"potions_floor_usage":[6],"damage_taken":[{"damage":0,"enemies":"Jaw Worm","floor":1,"turns":1},{"damage":0,"enemies":"2 Louse","floor":3,"turns":1},{"damage":0,"enemies":"Cultist","floor":5,"turns":1},{"damage":28,"enemies":"3 Sentries","floor":6,"turns":12},{"damage":66,"enemies":"Gremlin Nob","floor":8,"turns":6}],"seed_played":"-730449629142971103","potions_obtained":[{"floor":5,"key":"Energy Potion"}],"is_trial":false,"path_per_floor":["M","?","M","?","M","E","R","E"],"character_chosen":"THE_SILENT","items_purchased":[],"campfire_rested":1,"item_purchase_floors":[],"current_hp_per_floor":[70,63,63,63,63,35,56,0,0],"gold":172,"neow_bonus":"THREE_ENEMY_KILL","is_daily":false,"chose_seed":false,"campfire_upgraded":0,"win_rate":0.0,"timestamp":1611695619,"path_taken":["M","?","M","?","?","E","R","E"],"items_purchased_type":[],"build_version":"2020-12-22","purchased_purges":0,"victory":false,"max_hp_per_floor":[70,70,70,70,70,70,70,70,70],"card_choices":[{"not_picked":["Outmaneuver","Well Laid Plans"],"picked":"Backflip","floor":1},{"not_picked":["Acrobatics","Prepared"],"picked":"Underhanded Strike","floor":3},{"not_picked":["Dagger Spray","Underhanded Strike"],"picked":"Blade Dance","floor":5},{"not_picked":["Backflip","Reflex"],"picked":"Sucker Punch","floor":6}],"player_experience":279287,"relics_obtained":[{"floor":6,"key":"Sundial"}],"event_choices":[{"damage_healed":0,"gold_gain":0,"player_choice":"Success","damage_taken":7,"relics_obtained":["FossilizedHelix"],"max_hp_gain":0,"max_hp_loss":0,"event_name":"Scrap Ooze","floor":2,"gold_loss":0},{"damage_healed":0,"gold_gain":0,"player_choice":"Upgraded","damage_taken":0,"max_hp_gain":0,"max_hp_loss":0,"event_name":"Upgrade Shrine","floor":4,"gold_loss":0,"cards_upgraded":["Survivor"]}],"is_beta":false,"boss_relics":[],"items_purged_floors":[],"is_endless":false,"potions_floor_spawned":[5],"killed_by":"Gremlin Nob","ascension_level":0}}