{"host":"1tl36azeqm6yhdgj","time":1611672563,"event":{"mods":["AchievementEnabler","BaseMod","Minty Spire (QoL Compilation)","StSLib","The IronCluck","everything is the same but u backflip on backflip"],"gold_per_floor":[115,115,135,135,160,160,160,160],"floor_reached":7,"language":"ENG","playtime":4868,"items_purged":[],"score":82,"play_id":"d010a288-af41-4cb5-9abc-ebe0450d7700","local_time":"20210126094923","is_ascension_mode":true,"campfire_choices":[{"floor":6.0,"key":"REST"}],"circlet_count":0,"master_deck":["AscendersBane","Strike_R","Strike_R","Strike_R","Strike_R","Strike_R","Defend_R","Defend_R","Defend_R","Defend_R","Bash","Magnetism","Twin Strike","Injury","Thunderclap","Warcry"],"relics":["Burning Blood","Golden Idol","Eternal Feather"],"acts_visited":["Exordium"],"potions_floor_usage":[7],"damage_taken":[{"damage":4.0,"enemies":"Small Slimes","floor":1.0,"turns":4.0},{"damage":3.0,"enemies":"2 Louse","floor":3.0,"turns":2.0},{"damage":13.0,"enemies":"Cultist","floor":5.0,"turns":5.0},{"damage":55,"enemies":"3 Sentries","floor":7,"turns":8}],"seed_played":"6580115067918906836","potions_obtained":[{"floor":5.0,"key":"GamblersBrew"}],"is_trial":false,"path_per_floor":["M","?","M","?","M","R","E"],"character_chosen":"IRONCLAD","items_purchased":[],"campfire_rested":1,"item_purchase_floors":[],"current_hp_per_floor":[68,68,68,33,26,55,0,0],"gold":160,"neow_bonus":"RANDOM_COLORLESS_2","is_daily":false,"chose_seed":false,"campfire_upgraded":0,"win_rate":0.0,"timestamp":1611672563,"path_taken":["M","?","M","?","M","R","E"],"items_purchased_type":[],"build_version":"2020-12-22","purchased_purges":0,"victory":false,"max_hp_per_floor":[68,68,68,68,68,68,68,68],"card_choices":[{"not_picked":["Mayhem","Violence"],"picked":"Magnetism","floor":0.0},{"not_picked":["Sentinel","Power Through"],"picked":"Twin Strike","floor":1.0},{"not_picked":["Metallicize","Cleave"],"picked":"Thunderclap","floor":3.0},{"not_picked":["Wild Strike","Clash"],"picked":"Warcry","floor":5.0}],"player_experience":2059680,"relics_obtained":[],"event_choices":[{"damage_healed":0.0,"max_hp_gain":0.0,"max_hp_loss":0.0,"gold_gain":0.0,"event_name":"Golden Idol","player_choice":"Take Wound","floor":2.0,"gold_loss":0.0,"damage_taken":0.0,"relics_obtained":["Golden Idol"],"cards_obtained":["Injury"]},{"damage_healed":0.0,"max_hp_gain":0.0,"max_hp_loss":0.0,"gold_gain":0.0,"event_name":"Scrap Ooze","player_choice":"Success","floor":4.0,"gold_loss":0.0,"damage_taken":35.0,"relics_obtained":["Eternal Feather"]}],"is_beta":false,"boss_relics":[],"items_purged_floors":[],"is_endless":false,"potions_floor_spawned":[5],"killed_by":"3 Sentries","ascension_level":20}}