{"host":"ss2ocoam53r2lno0","time":1611668486,"event":{"mods":["Act Like it!","BaseMod","ChefMod","Clockwork Mod","Colored Powertips","Curses Come First","Displayed Cursed Tome","Downfall","Evolution","Googly Eyes","Hallownest","Highlight Path","Minty Spire (QoL Compilation)","Poor People Problems","Rare Cards Sparkle","Robot Space Explorer","Shade Mod","Shop Mod","Spicy Shops","StSLib","The Marked"],"gold_per_floor":[115,128,22,41,51,51,61,80,80,98,109,109,109,129,129,203,203,153,163,178,188,113,142,142,57,132,32,32,52,52,52,52,128,128,146,159,34,45,45,71,71,85,85,85,110,122,38,53,53,53],"floor_reached":51,"language":"ENG","playtime":3848,"items_purged":["Clockwork:Strike","Clockwork:Shield","Clockwork:Shield"],"score":1708,"play_id":"f4cc02e2-c8af-43cc-b9ce-83b4d8625702","local_time":"20210126144126","is_ascension_mode":true,"campfire_choices":[{"data":"Clockwork:ChargingShield","floor":6.0,"key":"SMITH"},{"floor":13.0,"key":"REST"},{"floor":15.0,"key":"REST"},{"floor":24.0,"key":"REST"},{"data":"Clockwork:Efficiency","floor":28.0,"key":"SMITH"},{"data":"Clockwork:SnapKeep","floor":30.0,"key":"SMITH"},{"data":"Clockwork:SnapKeep","floor":32.0,"key":"SMITH"},{"data":"Clockwork:WarmUp","floor":41.0,"key":"SMITH"},{"floor":49,"key":"REST"}],"circlet_count":0,"master_deck":["AscendersBane","Clockwork:SnapKeep+1","Clockwork:SnapKeep+1","Clockwork:Tinker+1","Clockwork:WarmUp+1","Clockwork:ChargingShield+1","Clockwork:Efficiency+1"],"relics":["Clockwork:MomentumEngine","EVO:Axolotl","Dream Catcher","Busted Crown","CeramicFish","Bag of Preparation","Darkstone Periapt","Black Star","Molten Egg 2","Matryoshka","Strawberry","Meat on the Bone","MealTicket","Whetstone","Ancient Tea Set"],"acts_visited":["Exordium","TheCity","TheBeyond"],"potions_floor_usage":[],"damage_taken":[{"damage":11.0,"enemies":"Cultist","floor":1.0,"turns":5.0},{"damage":16.0,"enemies":"2 Louse","floor":2.0,"turns":6.0},{"damage":11.0,"enemies":"Small Slimes","floor":4.0,"turns":8.0},{"damage":15.0,"enemies":"Gremlin Gang","floor":5.0,"turns":22.0},{"damage":11.0,"enemies":"Large Slime","floor":7.0,"turns":12.0},{"damage":0.0,"enemies":"3 Louse","floor":8.0,"turns":9.0},{"damage":0.0,"enemies":"Red Slaver","floor":10.0,"turns":8.0},{"damage":0.0,"enemies":"Exordium Thugs","floor":11.0,"turns":7.0},{"damage":0.0,"enemies":"Blue Slaver","floor":14.0,"turns":9.0},{"damage":14.0,"enemies":"Slime Boss","floor":16.0,"turns":8.0},{"damage":0.0,"enemies":"2 Thieves","floor":18.0,"turns":5.0},{"damage":0.0,"enemies":"Shell Parasite","floor":19.0,"turns":6.0},{"damage":0.0,"enemies":"Centurion and Healer","floor":20.0,"turns":7.0},{"damage":0.0,"enemies":"3 Cultists","floor":21.0,"turns":7.0},{"damage":37.0,"enemies":"Slavers","floor":23.0,"turns":8.0},{"damage":0.0,"enemies":"Snake Plant","floor":29.0,"turns":4.0},{"damage":0.0,"enemies":"Champ","floor":33.0,"turns":5.0},{"damage":0.0,"enemies":"3 Darklings","floor":35.0,"turns":4.0},{"damage":0.0,"enemies":"3 Shapes","floor":36.0,"turns":6.0},{"damage":0.0,"enemies":"Writhing Mass","floor":38.0,"turns":4.0},{"damage":0.0,"enemies":"Giant Head","floor":40.0,"turns":4.0},{"damage":0.0,"enemies":"4 Shapes","floor":42.0,"turns":4.0},{"damage":0,"enemies":"Nemesis","floor":45,"turns":5},{"damage":0,"enemies":"Jaw Worm Horde","floor":46,"turns":3},{"damage":0,"enemies":"3 Darklings","floor":48,"turns":3},{"damage":0,"enemies":"Time Eater","floor":50,"turns":5}],"seed_played":"2842921011539024152","potions_obtained":[{"floor":4.0,"key":"AttackPotion"},{"floor":7.0,"key":"SteroidPotion"},{"floor":10.0,"key":"BlessingOfTheForge"},{"floor":11.0,"key":"PowerPotion"},{"floor":21.0,"key":"BlessingOfTheForge"},{"floor":36.0,"key":"ColorlessPotion"},{"floor":38.0,"key":"Energy Potion"}],"is_trial":false,"path_per_floor":["M","M","$","M","M","R","M","M","T","M","M","?","R","M","R","B",null,"M","M","M","M","$","E","R","?","T","$","R","M","R","?","R","B",null,"M","M","$","M","$","E","R","M","T","?","E","M","$","M","R","B",null],"character_chosen":"CLOCKWORK","items_purchased":["Clockwork:Efficiency","Ancient Tea Set"],"campfire_rested":4,"item_purchase_floors":[3,47],"current_hp_per_floor":[60,44,44,33,18,18,7,7,7,7,7,12,37,37,62,48,75,75,75,75,75,75,38,63,63,63,63,63,63,63,63,63,63,79,79,79,79,79,79,79,79,79,86,86,86,86,91,91,91,91],"gold":53,"neow_bonus":"UPGRADE_CARD","is_daily":false,"chose_seed":false,"campfire_upgraded":5,"win_rate":0.0,"timestamp":1611668486,"path_taken":["M","M","?","M","M","R","?","M","T","M","M","?","R","M","R","BOSS","M","M","M","M","$","E","R","?","T","$","R","M","R","?","R","BOSS","M","M","$","M","$","E","R","M","T","?","E","?","$","M","R","BOSS"],"items_purchased_type":["Card","Relic"],"build_version":"2020-12-22","purchased_purges":3,"victory":true,"max_hp_per_floor":[79,79,79,79,79,79,79,79,79,79,79,84,84,84,84,84,84,84,84,84,84,84,84,84,84,84,84,84,84,84,84,84,84,84,84,84,84,84,84,84,84,84,91,91,91,91,91,91,91,91],"card_choices":[{"not_picked":["Clockwork:ForgeStrike","Clockwork:LogisticRegression"],"picked":"Clockwork:ChargingShield","floor":1.0},{"not_picked":["Clockwork:RitualDaggerMk0","Clockwork:SpurOn","Clockwork:ForgeStrike"],"picked":"SKIP","floor":2.0},{"not_picked":["Clockwork:AdaptiveCannon","Clockwork:SearchingStrike","Clockwork:SmithsMallet"],"picked":"SKIP","floor":4.0},{"not_picked":["Clockwork:Redundancy","Clockwork:Friction","Clockwork:CogBarrier"],"picked":"SKIP","floor":5.0},{"not_picked":["Clockwork:Enhance","Clockwork:PerfectedShield"],"picked":"Clockwork:Downsize","floor":7.0},{"not_picked":["Clockwork:RitualDaggerMk0","Clockwork:Minimalism","Clockwork:InertialShield"],"picked":"SKIP","floor":8.0},{"not_picked":["Clockwork:SmithsMallet","Clockwork:PerfectedStrike","Clockwork:AdaptiveCannon"],"picked":"SKIP","floor":10.0},{"not_picked":["Clockwork:CraftSomewhatSmoothStone","Clockwork:CraftVarja","Clockwork:SpurOn"],"picked":"SKIP","floor":11.0},{"not_picked":["Clockwork:Pluck","Clockwork:SystemHardening","Clockwork:RitualDaggerMk0"],"picked":"SKIP","floor":14.0},{"not_picked":["Clockwork:CraftCopperScales"],"picked":"SKIP","floor":18.0},{"not_picked":["Clockwork:Pluck"],"picked":"SKIP","floor":19.0},{"not_picked":["Clockwork:SearingStrike"],"picked":"SKIP","floor":20.0},{"not_picked":["Clockwork:PerfectedShield"],"picked":"SKIP","floor":21.0},{"not_picked":["Clockwork:RevUp"],"picked":"SKIP","floor":23.0},{"not_picked":["Clockwork:SnapKeep"],"picked":"SKIP","floor":29.0},{"not_picked":["Clockwork:Selectivity"],"picked":"SKIP","floor":35.0},{"not_picked":["Clockwork:PerfectedStrike"],"picked":"SKIP","floor":36.0},{"not_picked":["Clockwork:PerfectedShield+1"],"picked":"SKIP","floor":38.0},{"not_picked":["Clockwork:Pluck+1"],"picked":"SKIP","floor":40.0},{"not_picked":["Clockwork:TestingEnvironment"],"picked":"SKIP","floor":42.0},{"not_picked":["Clockwork:MechanicalBulk"],"picked":"SKIP","floor":45},{"not_picked":["Clockwork:SpringShield"],"picked":"SKIP","floor":46},{"not_picked":["Clockwork:ElasticNanites"],"picked":"SKIP","floor":48}],"player_experience":871105,"relics_obtained":[{"floor":9.0,"key":"Dream Catcher"},{"floor":23.0,"key":"CeramicFish"},{"floor":26.0,"key":"Darkstone Periapt"},{"floor":40.0,"key":"Molten Egg 2"},{"floor":40.0,"key":"Matryoshka"},{"floor":43.0,"key":"Strawberry"},{"floor":43.0,"key":"Meat on the Bone"},{"floor":45,"key":"MealTicket"},{"floor":45,"key":"Whetstone"}],"event_choices":[{"damage_healed":0.0,"max_hp_gain":5.0,"max_hp_loss":0.0,"gold_gain":0.0,"event_name":"Big Fish","player_choice":"Donut","floor":12.0,"gold_loss":0.0,"damage_taken":0.0},{"damage_healed":0.0,"max_hp_gain":0.0,"max_hp_loss":0.0,"gold_gain":0.0,"event_name":"Addict","player_choice":"Obtained Relic","floor":25.0,"gold_loss":85.0,"damage_taken":0.0,"relics_obtained":["Bag of Preparation"]},{"damage_healed":0.0,"max_hp_gain":0.0,"max_hp_loss":0.0,"gold_gain":0.0,"event_name":"The Mausoleum","player_choice":"Ignored","floor":31.0,"gold_loss":0.0,"damage_taken":0.0},{"damage_healed":0.0,"max_hp_gain":0.0,"max_hp_loss":0.0,"gold_gain":0.0,"event_name":"Purifier","player_choice":"Ignored","floor":44.0,"gold_loss":0.0,"damage_taken":0.0}],"is_beta":false,"boss_relics":[{"not_picked":["Snecko Eye","Astrolabe"],"picked":"Busted Crown"},{"not_picked":["Fusion Hammer","Clockwork:BootleggersToolkit"],"picked":"Black Star"}],"items_purged_floors":[22,27,37],"is_endless":false,"potions_floor_spawned":[4,7,10,11,21,23,33,36,38,40],"ascension_level":19}}