{"host":"agbyy69nq62afhwx","time":1611677623,"event":{"mods":["BaseMod","Colored Map","DeckTracker","Highlight Path","Keyboard Shortcuts","Minty Spire (QoL Compilation)","Quick Restart","StSLib","SuperFastMode","everything is the same but u backflip on backflip"],"gold_per_floor":[112,126,141,141,154,154,171,190,217,264,276,119,149,166,166,243,243,258,308,326,241,241,241],"floor_reached":22,"language":"KOR","playtime":515,"items_purged":["Parasite"],"score":329,"play_id":"360643f7-f9a6-4f53-af1d-be114d885a88","local_time":"20210127011343","is_ascension_mode":true,"campfire_choices":[{"data":"Halt","floor":6.0,"key":"SMITH"},{"data":"WreathOfFlame","floor":15.0,"key":"SMITH"}],"circlet_count":0,"master_deck":["AscendersBane","Strike_P","Strike_P","Strike_P+1","Strike_P+1","Defend_P+1","Defend_P+1","Defend_P+1","Defend_P+1","Eruption+1","Vigilance+1","LessonLearned+1","ReachHeaven+1","WreathOfFlame+1","Halt+1","MentalFortress+1","Flash of Steel","Adaptation"],"relics":["HolyWater","MawBank","Ancient Tea Set","PreservedInsect"],"acts_visited":["TheCity"],"potions_floor_usage":[22],"damage_taken":[{"damage":0.0,"enemies":"Small Slimes","floor":1.0,"turns":3.0},{"damage":0.0,"enemies":"2 Louse","floor":2.0,"turns":2.0},{"damage":2.0,"enemies":"Jaw Worm","floor":3.0,"turns":7.0},{"damage":22.0,"enemies":"Exordium Wildlife","floor":5.0,"turns":7.0},{"damage":6.0,"enemies":"Looter","floor":7.0,"turns":4.0},{"damage":0.0,"enemies":"Large Slime","floor":8.0,"turns":4.0},{"damage":20.0,"enemies":"Lagavulin","floor":10.0,"turns":5.0},{"damage":0.0,"enemies":"3 Louse","floor":14.0,"turns":3.0},{"damage":24.0,"enemies":"Hexaghost","floor":16.0,"turns":5.0},{"damage":44.0,"enemies":"3 Byrds","floor":18.0,"turns":7.0},{"damage":0.0,"enemies":"Chosen","floor":20.0,"turns":4.0},{"damage":12,"enemies":"3 Cultists","floor":22,"turns":3}],"seed_played":"3127402248671637091","potions_obtained":[{"floor":1.0,"key":"PowerPotion"},{"floor":3.0,"key":"Weak Potion"},{"floor":18.0,"key":"BlessingOfTheForge"}],"is_trial":false,"path_per_floor":["M","M","M","?","M","R","M","M","T","E","?","$","?","M","R","B",null,"M","?","M","?","M"],"character_chosen":"WATCHER","items_purchased":["Flash of Steel"],"campfire_rested":0,"item_purchase_floors":[12],"current_hp_per_floor":[61,61,59,59,37,37,31,31,31,11,28,28,28,28,28,4,50,6,6,6,6,0,0],"gold":241,"neow_bonus":"ONE_RANDOM_RARE_CARD","is_daily":false,"chose_seed":false,"campfire_upgraded":2,"win_rate":0.0,"timestamp":1611677623,"path_taken":["M","M","M","?","M","R","M","M","T","E","?","$","?","M","R","BOSS","M","?","M","?","M"],"items_purchased_type":["Card"],"build_version":"2020-12-22","purchased_purges":1,"victory":false,"max_hp_per_floor":[68,68,68,68,68,68,68,68,68,68,68,65,65,65,65,65,65,65,65,65,65,65,65],"card_choices":[{"not_picked":["CutThroughFate","Prostrate"],"picked":"ReachHeaven","floor":1.0},{"not_picked":["Crescendo","SashWhip"],"picked":"WreathOfFlame","floor":2.0},{"not_picked":["Wireheading","EmptyBody","Collect"],"picked":"SKIP","floor":3.0},{"not_picked":["FollowUp","WaveOfTheHand"],"picked":"Halt","floor":5.0},{"not_picked":["CutThroughFate","Protect"],"picked":"MentalFortress","floor":7.0},{"not_picked":["EmptyFist","Devotion","Indignation"],"picked":"SKIP","floor":8.0},{"not_picked":["ClearTheMind","Nirvana","EmptyFist"],"picked":"SKIP","floor":10.0},{"not_picked":["Prostrate","Consecrate"],"picked":"Adaptation","floor":14.0},{"not_picked":["WindmillStrike","Prostrate+1","Conclude"],"picked":"SKIP","floor":18.0},{"not_picked":["PathToVictory","Study","WaveOfTheHand"],"picked":"SKIP","floor":20.0}],"player_experience":482453,"relics_obtained":[{"floor":9.0,"key":"MawBank"},{"floor":10.0,"key":"Ancient Tea Set"}],"event_choices":[{"damage_healed":0.0,"max_hp_gain":0.0,"max_hp_loss":0.0,"gold_gain":0.0,"event_name":"Living Wall","player_choice":"Grow","floor":4.0,"gold_loss":0.0,"damage_taken":0.0,"cards_upgraded":["Eruption"]},{"damage_healed":17.0,"max_hp_gain":0.0,"max_hp_loss":0.0,"gold_gain":0.0,"event_name":"Mushrooms","player_choice":"Healed and dodged fight","floor":11.0,"gold_loss":0.0,"damage_taken":0.0,"cards_obtained":["Parasite"]},{"damage_healed":0.0,"max_hp_gain":0.0,"max_hp_loss":0.0,"gold_gain":30.0,"event_name":"Dead Adventurer","player_choice":"Searched \u00271\u0027 times","floor":13.0,"gold_loss":0.0,"damage_taken":0.0},{"damage_healed":0.0,"max_hp_gain":0.0,"max_hp_loss":0.0,"gold_gain":50.0,"event_name":"Nest","player_choice":"Stole From Cult","floor":19.0,"gold_loss":0.0,"damage_taken":0.0},{"damage_healed":0.0,"max_hp_gain":0.0,"max_hp_loss":0.0,"gold_gain":0.0,"event_name":"Addict","player_choice":"Obtained Relic","floor":21.0,"gold_loss":85.0,"damage_taken":0.0,"relics_obtained":["PreservedInsect"]}],"is_beta":false,"boss_relics":[{"not_picked":["Busted Crown","Tiny House"],"picked":"HolyWater"}],"items_purged_floors":[12],"is_endless":false,"potions_floor_spawned":[1,3,7,18],"killed_by":"3 Cultists","ascension_level":15}}