{"host":"ktoxvvst1mwxww91","time":1611673213,"event":{"mods":["BaseMod","Downfall","Minty Spire (QoL Compilation)","StSLib"],"gold_per_floor":[99,116,129,129,39,65,88,88,105,90,123,8,28,57,67,169,169,69,87,107,107,121,32,103,114,144,144,144,144,144],"floor_reached":28,"language":"ENG","playtime":1254,"items_purged":["champ:Strike","champ:Strike"],"score":297,"play_id":"481a5f4e-4a18-44d9-bbf9-56de7df818bc","local_time":"20210126160013","is_ascension_mode":true,"campfire_choices":[{"data":"champ:Taunt","floor":1,"key":"SMITH"},{"data":"champ:ShieldWall","floor":8,"key":"SMITH"},{"data":"champ:Shatter","floor":18,"key":"SMITH"},{"data":"champ:CheapShot","floor":27,"key":"SMITH"}],"circlet_count":0,"master_deck":["champ:Strike","champ:Defend","champ:Defend","champ:Defend","champ:Defend","champ:Execute","champ:Taunt+1","champ:CrookedStrike","champ:ShieldWall+1","champ:ShieldWall","champ:Execute","Clumsy","champ:CrownThrow","champ:ShieldWall","champ:RageSigil","champ:BringItOn","champ:HoldFirm+1","champ:Shatter+1","champ:Encircle","champ:AdrenalArmor+1","champ:Lariat+1","champ:VampiricStrike+1","champ:GladiatorStyle","champ:StanceDance+1","champ:CheapShot+1","champ:RageSigil+1","champ:Haymaker+1","champ:Shatter+1"],"relics":["Coffee Dripper","Torii","bronze:BronzeIdol","Toxic Egg 2","Boot","Sozu","downfall:HeartBlessingGreen","Matryoshka","Gremlin Horn"],"acts_visited":["Exordium","TheCity"],"potions_floor_usage":[14,26],"damage_taken":[{"damage":22,"enemies":"Jaw Worm","floor":2,"turns":4},{"damage":11,"enemies":"Cultist","floor":3,"turns":3},{"damage":30,"enemies":"downfall:FleeingMerchant","floor":5,"turns":4},{"damage":27,"enemies":"Lagavulin","floor":6,"turns":6},{"damage":16,"enemies":"2 Louse","floor":9,"turns":3},{"damage":25,"enemies":"downfall:FleeingMerchant","floor":10,"turns":4},{"damage":51,"enemies":"Gremlin Nob","floor":11,"turns":4},{"damage":20,"enemies":"downfall:FleeingMerchant","floor":12,"turns":4},{"damage":0,"enemies":"Red Slaver","floor":13,"turns":2},{"damage":1,"enemies":"3 Sentries","floor":14,"turns":6},{"damage":21,"enemies":"Gremlin Gang","floor":15,"turns":4},{"damage":23,"enemies":"DF_ARCHETYPE_STREAMLINE","floor":16,"turns":9},{"damage":16,"enemies":"Shell Parasite","floor":19,"turns":5},{"damage":0,"enemies":"Spheric Guardian","floor":20,"turns":3},{"damage":20,"enemies":"Snake Plant","floor":22,"turns":3},{"damage":51,"enemies":"downfall:FleeingMerchant","floor":23,"turns":4},{"damage":19,"enemies":"Centurion and Healer","floor":25,"turns":4},{"damage":65,"enemies":"Slavers","floor":26,"turns":5},{"damage":16,"enemies":"3 Cultists","floor":28,"turns":2}],"seed_played":"3428342178576503976","potions_obtained":[{"floor":2,"key":"SteroidPotion"},{"floor":6,"key":"Ancient Potion"},{"floor":13,"key":"SneckoOil"},{"floor":15,"key":"FearPotion"}],"is_trial":false,"path_per_floor":["R","M","M","?","$","E","T","R","M","$","E","$","M","E","M","B",null,"R","M","M","?","M","$","T","M","E","R","M"],"character_chosen":"THE_CHAMP","items_purchased":["champ:RageSigil+1"],"campfire_rested":0,"item_purchase_floors":[23],"current_hp_per_floor":[90,88,87,87,87,70,70,70,64,64,23,23,23,22,20,5,90,90,84,84,76,76,75,75,66,12,12,0,0,0],"gold":144,"neow_bonus":"BOSS_RELIC","is_daily":false,"chose_seed":false,"campfire_upgraded":4,"win_rate":0.0,"timestamp":1611673213,"path_taken":["R","M","M","?","$","E","T","R","M","?","E","?","M","E","M","BOSS","R","M","M","?","?","$","T","M","E","R","M"],"items_purchased_type":["Card"],"build_version":"2020-12-22","purchased_purges":2,"victory":false,"max_hp_per_floor":[90,90,90,90,90,90,90,90,90,90,90,90,90,90,90,90,90,90,90,90,90,90,90,90,90,90,90,90,90,90],"card_choices":[{"not_picked":["champ:RapidStrikes","champ:Backstep"],"picked":"champ:CrookedStrike","floor":2},{"not_picked":["champ:EndlessRage","champ:FanOfKnives"],"picked":"champ:ShieldWall","floor":3},{"not_picked":["champ:BladeFlurry","champ:FlashCut"],"picked":"champ:CrownThrow","floor":5},{"not_picked":["champ:FaceSlap","champ:AdrenalArmor"],"picked":"champ:ShieldWall","floor":6},{"not_picked":["champ:FlashCut","champ:RapidStrikes"],"picked":"champ:RageSigil","floor":9},{"not_picked":["champ:RapidStrikes","champ:CrownThrow"],"picked":"champ:BringItOn","floor":10},{"not_picked":["champ:PreciseThrust","champ:GutPunch"],"picked":"champ:HoldFirm+1","floor":11},{"not_picked":["champ:LastStand","champ:Haymaker"],"picked":"champ:Shatter","floor":12},{"not_picked":["champ:RecklessLeap","champ:FlashCut"],"picked":"champ:Encircle","floor":13},{"not_picked":["champ:EnGarde+1","champ:PreciseThrust"],"picked":"champ:AdrenalArmor+1","floor":14},{"not_picked":["champ:DefensiveShout+1","champ:FocusedBerserking+1"],"picked":"champ:Lariat+1","floor":15},{"not_picked":["champ:UltimateStance+1","champ:HeavySlash"],"picked":"champ:VampiricStrike","floor":16},{"not_picked":["champ:CrownThrow","champ:HeartStrike","champ:FlashCut"],"picked":"SKIP","floor":19},{"not_picked":["champ:BringItOn+1","champ:RapidStrikes+1"],"picked":"champ:GladiatorStyle","floor":20},{"not_picked":["champ:AdrenalArmor+1","champ:Shatter"],"picked":"champ:StanceDance+1","floor":22},{"not_picked":["champ:FancyFootwork+1","champ:PreemptiveStrike+1"],"picked":"champ:CheapShot","floor":23},{"not_picked":["champ:IronFortress","champ:GutPunch+1"],"picked":"champ:Haymaker+1","floor":25},{"not_picked":["champ:Haymaker","champ:Circumvent+1"],"picked":"champ:Shatter+1","floor":26}],"player_experience":852992,"relics_obtained":[{"floor":6,"key":"Torii"},{"floor":7,"key":"bronze:BronzeIdol"},{"floor":11,"key":"Toxic Egg 2"},{"floor":14,"key":"Boot"},{"floor":24,"key":"Matryoshka"},{"floor":26,"key":"Gremlin Horn"}],"event_choices":[],"is_beta":false,"boss_relics":[{"not_picked":["Runic Dome","Empty Cage"],"picked":"Sozu"}],"items_purged_floors":[5,12],"is_endless":false,"potions_floor_spawned":[2,6,13,15,16,19,20,25,26],"killed_by":"3 Cultists","ascension_level":3}}