{"host":"lh9qfzqeqctr28d2","time":1611637506,"event":{"mods":["BaseMod","Luminous","Minty Spire (QoL Compilation)","Quick Restart","Relic Stats","Remilia£®¿Ÿ√◊¿Ú—«£©","Replay The Spire","StSLib","Yakumo Yukari mod"],"gold_per_floor":[113,188,188,204,221,221,236,45,72,82,82,100,100,134,134,236,236,247,266,283,20,38,38,38,38,38],"floor_reached":25,"language":"ZHS","playtime":1238,"items_purged":[],"score":205,"play_id":"6013de72-9e4f-4f82-86b0-acb9c9010a58","local_time":"20210126130506","is_ascension_mode":false,"campfire_choices":[{"data":"Slice","floor":6.0,"key":"SMITH"},{"floor":15.0,"key":"REST"},{"data":"Madness","floor":23,"key":"SMITH"}],"circlet_count":0,"master_deck":["Strike_G","Strike_G","Strike_G","Strike_G","Defend_G","Defend_G","Defend_G","Defend_G","Defend_G","Survivor","Neutralize+1","Slice+1","Hidden Blade","Prepared","Dagger Spray","Panache","Blade Dance","Predator","Replay:Bag of Tricks","Madness+1","Cloak And Dagger"],"relics":["Ring of the Snake","Bronze Scales","Strawberry","Happy Flower","ReplayTheSpireMod:DimensionalGlitch","Membership Card","Replay:Baseball"],"acts_visited":["Exordium","TheCity"],"potions_floor_usage":[18,20],"damage_taken":[{"damage":0.0,"enemies":"Jaw Worm","floor":1.0,"turns":3.0},{"damage":0.0,"enemies":"2 Louse","floor":4.0,"turns":2.0},{"damage":0.0,"enemies":"Cultist","floor":5.0,"turns":3.0},{"damage":0.0,"enemies":"Looter","floor":7.0,"turns":4.0},{"damage":7.0,"enemies":"Large Slime","floor":10.0,"turns":5.0},{"damage":9.0,"enemies":"Gremlin Gang","floor":12.0,"turns":3.0},{"damage":16.0,"enemies":"Replay:BlueRogue","floor":14.0,"turns":4.0},{"damage":46.0,"enemies":"Fading Forest","floor":16.0,"turns":11.0},{"damage":7,"enemies":"2 Thieves","floor":18,"turns":2},{"damage":0,"enemies":"3 Byrds","floor":19,"turns":3},{"damage":30,"enemies":"Snecko","floor":20,"turns":5},{"damage":5,"enemies":"Chosen and Byrds","floor":22,"turns":6},{"damage":17,"enemies":"Centurion and Healer","floor":25,"turns":6}],"seed_played":"-3134846334269130459","potions_obtained":[{"floor":5.0,"key":"Elixir"},{"floor":7.0,"key":"Block Potion"},{"floor":10.0,"key":"Languid Potion"},{"floor":13.0,"key":"Fire Potion"},{"floor":16.0,"key":"DistilledChaos"},{"floor":20,"key":"LifebloodPotion"}],"is_trial":false,"path_per_floor":["M","?","?","M","M","R","M","$","T","M","?","M","?","E","R","B",null,"M","M","M","$","M","R","?","M"],"character_chosen":"THE_SILENT","items_purchased":["Panache","Membership Card","Replay:Baseball","Madness"],"campfire_rested":1,"item_purchase_floors":[8,21,21,21],"current_hp_per_floor":[70,59,59,59,59,59,59,59,66,59,59,50,50,34,57,11,77,70,70,40,40,35,35,35,18,18],"gold":38,"neow_bonus":"RANDOM_COMMON_RELIC","is_daily":false,"chose_seed":false,"campfire_upgraded":2,"win_rate":0.0,"timestamp":1611637506,"path_taken":["M","?","?","M","?","R","M","$","T","M","?","M","?","E","R","BOSS","M","M","M","$","?","R","?","M"],"items_purchased_type":["Card","Relic","Relic","Card"],"build_version":"2020-12-22","purchased_purges":0,"victory":false,"max_hp_per_floor":[70,70,70,70,70,70,70,70,77,77,77,77,77,77,77,77,77,77,77,77,77,77,77,77,77,77],"relic_stats":{"Happy Flower":[11],"counters":[13,57],"Bronze Scales":[89],"obtain_stats":[{"Replay:Baseball":21,"Happy Flower":14,"Bronze Scales":0,"Strawberry":9,"Membership Card":21,"ReplayTheSpireMod:DimensionalGlitch":17,"Ring of the Snake":0},{"Replay:Baseball":11,"Happy Flower":7,"Bronze Scales":0,"Strawberry":4,"Membership Card":11,"ReplayTheSpireMod:DimensionalGlitch":8,"Ring of the Snake":0},{"Replay:Baseball":45,"Happy Flower":24,"Bronze Scales":0,"Strawberry":12,"Membership Card":45,"ReplayTheSpireMod:DimensionalGlitch":35,"Ring of the Snake":0}],"Ring of the Snake":[26]},"card_choices":[{"not_picked":["Dash","ReplayTheSpireMod:Shiv Toss"],"picked":"Slice","floor":1.0},{"not_picked":["Sucker Punch","ReplayTheSpireMod:Tripwire"],"picked":"Hidden Blade","floor":4.0},{"not_picked":["Backflip","Deflect"],"picked":"Prepared","floor":5.0},{"not_picked":["Poisoned Stab","Reflex"],"picked":"Dagger Spray","floor":7.0},{"not_picked":["Flying Knee","Sneak Up"],"picked":"Blade Dance","floor":10.0},{"not_picked":["Draining Mist","Phantasmal Killer","Deadly Poison"],"picked":"SKIP","floor":12.0},{"not_picked":["Heel Hook","Bane","Deadly Poison"],"picked":"SKIP","floor":14.0},{"not_picked":["A Thousand Cuts","Poison Darts"],"picked":"Replay:Bag of Tricks","floor":16.0},{"not_picked":["Slice","Bane+1","Deflect+1"],"picked":"SKIP","floor":18},{"not_picked":["Backflip","Outmaneuver","Heel Hook"],"picked":"SKIP","floor":19},{"not_picked":["Dagger Throw+1","Deadly Poison","Underhanded Strike+1"],"picked":"SKIP","floor":20},{"not_picked":["Dagger Spray","Sneak Up"],"picked":"Cloak And Dagger","floor":22}],"player_experience":456831,"relics_obtained":[{"floor":9.0,"key":"Strawberry"},{"floor":14.0,"key":"Happy Flower"}],"event_choices":[{"damage_healed":0.0,"max_hp_gain":0.0,"max_hp_loss":0.0,"gold_gain":75.0,"event_name":"World of Goop","player_choice":"Gather Gold","floor":2.0,"gold_loss":0.0,"damage_taken":11.0},{"damage_healed":0.0,"max_hp_gain":0.0,"max_hp_loss":0.0,"gold_gain":0.0,"event_name":"Upgrade Shrine","player_choice":"Upgraded","floor":3.0,"gold_loss":0.0,"damage_taken":0.0,"cards_upgraded":["Neutralize"]},{"damage_healed":0.0,"max_hp_gain":0.0,"max_hp_loss":0.0,"gold_gain":0.0,"cards_transformed":["Strike_G"],"event_name":"Living Wall","player_choice":"Change","floor":11.0,"gold_loss":0.0,"damage_taken":0.0,"cards_obtained":["Predator"]},{"damage_healed":0.0,"max_hp_gain":0.0,"max_hp_loss":0.0,"gold_gain":0.0,"event_name":"Lab","player_choice":"Got Potions","floor":13.0,"gold_loss":0.0,"damage_taken":0.0},{"damage_healed":0,"gold_gain":0,"player_choice":"Ignored","damage_taken":0,"max_hp_gain":0,"max_hp_loss":0,"event_name":"Ghosts","floor":24,"gold_loss":0}],"is_beta":false,"boss_relics":[{"not_picked":["Honey Jar","Coffee Dripper"],"picked":"ReplayTheSpireMod:DimensionalGlitch"}],"items_purged_floors":[],"is_endless":false,"potions_floor_spawned":[5,7,10,14,16,20],"killed_by":"Centurion and Healer","ascension_level":0}}