{"host":"k5yjj86hwv5qv2gx","time":1611698541,"event":{"mods":["BaseMod","BetterRewards","Minty Spire (QoL Compilation)","StSLib"],"gold_per_floor":[118,133,133,152,302,302,327,327,350,362,362,362,373,17,17,92,92,112,112,37,52,67,98,98,131,154,154,169,202,214,214,214,288,288,302,302,1301,1352,1352,1387,894,913,913,913,947,428,448,477,477,477,477,477,477,130,130,130],"floor_reached":55,"language":"ENG","playtime":3230,"items_purged":["Normality","Doubt","Skewer"],"score":2122,"play_id":"c8daf262-9749-4979-a379-80ecafcaaa0d","local_time":"20210126140221","is_ascension_mode":true,"campfire_choices":[{"data":"Bouncing Flask","floor":6.0,"key":"SMITH"},{"floor":8.0,"key":"REST"},{"data":"Apotheosis","floor":15.0,"key":"SMITH"},{"floor":24.0,"key":"RECALL"},{"data":"Malaise","floor":32.0,"key":"SMITH"},{"data":"Noxious Fumes","floor":44.0,"key":"SMITH"},{"floor":49,"key":"REST"},{"data":"Wraith Form v2","floor":53,"key":"SMITH"}],"circlet_count":0,"master_deck":["AscendersBane","Defend_G","Defend_G","Defend_G","Defend_G+1","Survivor","Neutralize","Quick Slash+1","Bouncing Flask+1","Eviscerate+1","Dash","Apotheosis+1","Burst","Footwork","Bite+1","Bite","Bite","Bite","Bite","Malaise+1","Cloak And Dagger","Deflect","PiercingWail","Expertise","Dagger Throw","Blur+1","Deadly Poison+1","Ghostly","Ghostly","Ghostly","Wraith Form v2+1","Footwork","Dodge and Roll","Noxious Fumes+1","Blade Dance","Backstab","Chrysalis","Dagger Throw+1","Backflip","Malaise","Dodge and Roll","Dash+1","Cloak And Dagger","Dodge and Roll","Well Laid Plans"],"relics":["Ring of the Snake","NeowsBlessing","Ninja Scroll","Pantograph","Bronze Scales","Omamori","Sozu","Whetstone","Strawberry","Dream Catcher","Bottled Flame","Calling Bell","Blood Vial","StrikeDummy","Ice Cream","Lizard Tail","Calipers","Membership Card","Dead Branch","Bag of Marbles","Ornamental Fan","Pocketwatch","Oddly Smooth Stone","Sundial","Lee\u0027s Waffle","Juzu Bracelet","Centennial Puzzle","Nunchaku","Orrery"],"acts_visited":["Exordium","TheCity","TheBeyond","TheEnding"],"potions_floor_usage":[],"damage_taken":[{"damage":0.0,"enemies":"Cultist","floor":1.0,"turns":1.0},{"damage":0.0,"enemies":"Small Slimes","floor":2.0,"turns":1.0},{"damage":0.0,"enemies":"2 Louse","floor":4.0,"turns":1.0},{"damage":46.0,"enemies":"3 Sentries","floor":7.0,"turns":11.0},{"damage":4.0,"enemies":"Looter","floor":10.0,"turns":3.0},{"damage":0.0,"enemies":"Blue Slaver","floor":13.0,"turns":2.0},{"damage":14.0,"enemies":"Slime Boss","floor":16.0,"turns":9.0},{"damage":0.0,"enemies":"Chosen","floor":18.0,"turns":3.0},{"damage":0.0,"enemies":"Spheric Guardian","floor":21.0,"turns":3.0},{"damage":22.0,"enemies":"3 Cultists","floor":22.0,"turns":6.0},{"damage":6.0,"enemies":"Book of Stabbing","floor":23.0,"turns":5.0},{"damage":34.0,"enemies":"Slavers","floor":25.0,"turns":7.0},{"damage":0.0,"enemies":"Shelled Parasite and Fungi","floor":28.0,"turns":6.0},{"damage":38.0,"enemies":"Gremlin Leader","floor":29.0,"turns":9.0},{"damage":0.0,"enemies":"Cultist and Chosen","floor":30.0,"turns":7.0},{"damage":34.0,"enemies":"Champ","floor":33.0,"turns":15.0},{"damage":6.0,"enemies":"3 Darklings","floor":35.0,"turns":7.0},{"damage":14.0,"enemies":"2 Orb Walkers","floor":38.0,"turns":7.0},{"damage":17.0,"enemies":"Reptomancer","floor":40.0,"turns":11.0},{"damage":0.0,"enemies":"3 Shapes","floor":42.0,"turns":4.0},{"damage":1.0,"enemies":"Giant Head","floor":45.0,"turns":9.0},{"damage":42.0,"enemies":"Writhing Mass","floor":47.0,"turns":8.0},{"damage":12,"enemies":"Reptomancer","floor":48,"turns":6},{"damage":25,"enemies":"Time Eater","floor":50,"turns":14},{"damage":13,"enemies":"Awakened One","floor":51,"turns":22},{"damage":36,"enemies":"Shield and Spear","floor":55,"turns":2}],"seed_played":"3330320490618677712","potions_obtained":[{"floor":4.0,"key":"DuplicationPotion"},{"floor":13.0,"key":"GamblersBrew"},{"floor":16.0,"key":"SkillPotion"}],"is_trial":false,"path_per_floor":["M","M","T","M","?","R","E","R","T","M","?","?","M","$","R","B",null,"M","?","$","M","M","E","R","E","T","?","M","E","M","?","R","B",null,"M","?","?","?","?","E","$","M","T","R","E","$","M","E","R","B","B",null,"R","$","E"],"character_chosen":"THE_SILENT","items_purchased":["Apotheosis","Omamori","Malaise","Membership Card","Dead Branch","Bag of Marbles","Noxious Fumes","Oddly Smooth Stone","Sundial","Lee\u0027s Waffle","Blade Dance","Backstab","Chrysalis","Centennial Puzzle","Nunchaku","Orrery","Dodge and Roll","Well Laid Plans"],"campfire_rested":2,"item_purchase_floors":[14,14,20,41,41,41,41,46,46,46,46,46,46,54,54,54,54,54],"current_hp_per_floor":[59,59,59,59,59,59,13,32,32,28,23,3,3,3,3,14,53,53,46,46,46,36,36,36,16,16,16,27,15,30,26,26,9,22,26,26,26,22,22,24,24,26,26,26,25,33,22,17,26,17,33,33,33,33,0,0],"gold":130,"neow_bonus":"THREE_ENEMY_KILL","is_daily":false,"chose_seed":false,"campfire_upgraded":5,"win_rate":0.0,"timestamp":1611698541,"path_taken":["M","M","?","M","?","R","E","R","T","M","?","?","?","?","R","BOSS","M","?","$","M","M","E","R","E","T","?","?","E","M","?","R","BOSS","M","?","?","?","?","E","$","?","T","R","E","$","M","E","R","BOSS","BOSS","R","$","E"],"items_purchased_type":["Card","Relic","Card","Relic","Relic","Relic","Card","Relic","Relic","Relic","Card","Card","Card","Relic","Relic","Relic","Card","Card"],"build_version":"2020-12-22","purchased_purges":3,"victory":false,"max_hp_per_floor":[66,66,66,66,66,66,66,66,66,66,66,66,66,66,66,66,66,66,46,46,46,46,46,46,53,53,53,53,53,53,26,26,26,26,26,26,26,26,26,26,26,26,26,26,26,33,33,33,33,33,33,33,33,33,33,33],"card_choices":[{"not_picked":["PiercingWail","Cloak And Dagger"],"picked":"Skewer","floor":1.0},{"not_picked":["Acrobatics","Underhanded Strike"],"picked":"Quick Slash","floor":2.0},{"not_picked":["PiercingWail","Prepared"],"picked":"Bouncing Flask","floor":4.0},{"not_picked":["Acrobatics","Accuracy"],"picked":"Eviscerate","floor":7.0},{"not_picked":["Riddle With Holes","Slice"],"picked":"Acrobatics","floor":10.0},{"not_picked":["Deflect","Outmaneuver"],"picked":"Dash","floor":13.0},{"not_picked":["A Thousand Cuts","Storm of Steel"],"picked":"Burst","floor":16.0},{"not_picked":["Deflect","PiercingWail"],"picked":"Footwork","floor":18.0},{"not_picked":["Slice","Dagger Throw"],"picked":"Cloak And Dagger","floor":21.0},{"not_picked":["Dagger Throw","Infinite Blades"],"picked":"Deflect","floor":22.0},{"not_picked":["Deflect","Accuracy"],"picked":"PiercingWail","floor":23.0},{"not_picked":["Slice","All Out Attack","Finisher"],"picked":"SKIP","floor":25.0},{"not_picked":["Predator","Quick Slash"],"picked":"Dagger Throw","floor":28.0},{"not_picked":["Well Laid Plans","Quick Slash"],"picked":"Blur+1","floor":29.0},{"not_picked":["Cloak And Dagger","Skewer"],"picked":"Deadly Poison+1","floor":30.0},{"not_picked":["Grand Finale","Storm of Steel"],"picked":"Wraith Form v2","floor":33.0},{"not_picked":["Cloak And Dagger","Deadly Poison"],"picked":"Footwork","floor":35.0},{"not_picked":["Underhanded Strike","Poisoned Stab"],"picked":"Dodge and Roll","floor":40.0},{"not_picked":["Storm of Steel","Slice","Sucker Punch"],"picked":"SKIP","floor":42.0},{"not_picked":["Dagger Spray","Tactician","Outmaneuver+1"],"picked":"SKIP","floor":45.0},{"not_picked":["Concentrate","Quick Slash","Dagger Throw"],"picked":"SKIP","floor":47.0},{"not_picked":["Riddle With Holes","Prepared"],"picked":"Dagger Throw+1","floor":48},{"not_picked":["Outmaneuver+1","Quick Slash"],"picked":"Backflip","floor":54},{"not_picked":["Escape Plan+1","Endless Agony+1"],"picked":"Malaise","floor":54},{"not_picked":["Setup","Unload"],"picked":"Dodge and Roll","floor":54},{"not_picked":["Dagger Throw","Backflip"],"picked":"Dash+1","floor":54},{"not_picked":["Dagger Throw+1","Acrobatics"],"picked":"Cloak And Dagger","floor":54}],"player_experience":1129373,"relics_obtained":[{"floor":3.0,"key":"Ninja Scroll"},{"floor":7.0,"key":"Pantograph"},{"floor":23.0,"key":"Whetstone"},{"floor":25.0,"key":"Strawberry"},{"floor":26.0,"key":"Dream Catcher"},{"floor":29.0,"key":"Bottled Flame"},{"floor":34.0,"key":"Blood Vial"},{"floor":34.0,"key":"StrikeDummy"},{"floor":34.0,"key":"Ice Cream"},{"floor":38.0,"key":"Lizard Tail"},{"floor":40.0,"key":"Calipers"},{"floor":43.0,"key":"Ornamental Fan"},{"floor":45.0,"key":"Pocketwatch"},{"floor":48,"key":"Juzu Bracelet"}],"event_choices":[{"damage_healed":0.0,"max_hp_gain":0.0,"max_hp_loss":0.0,"gold_gain":150.0,"event_name":"Liars Game","player_choice":"AGREE","floor":5.0,"gold_loss":0.0,"damage_taken":0.0,"cards_obtained":["Doubt"]},{"damage_healed":0.0,"max_hp_gain":0.0,"max_hp_loss":0.0,"gold_gain":0.0,"event_name":"Scrap Ooze","player_choice":"Success","floor":11.0,"gold_loss":0.0,"damage_taken":5.0,"relics_obtained":["Bronze Scales"]},{"damage_healed":0.0,"max_hp_gain":0.0,"max_hp_loss":0.0,"gold_gain":0.0,"event_name":"Shining Light","player_choice":"Entered Light","floor":12.0,"gold_loss":0.0,"damage_taken":20.0,"cards_upgraded":["Defend_G","Eviscerate"]},{"damage_healed":0.0,"max_hp_gain":0.0,"max_hp_loss":20.0,"gold_gain":0.0,"event_name":"Vampires","player_choice":"Became a vampire","floor":19.0,"gold_loss":0.0,"damage_taken":0.0,"cards_obtained":["Bite","Bite","Bite","Bite","Bite"]},{"damage_healed":0.0,"max_hp_gain":0.0,"max_hp_loss":0.0,"gold_gain":0.0,"cards_transformed":["Defend_G"],"event_name":"Transmorgrifier","player_choice":"Transformed","floor":27.0,"gold_loss":0.0,"damage_taken":0.0,"cards_obtained":["Expertise"]},{"damage_healed":0.0,"max_hp_gain":0.0,"max_hp_loss":27.0,"gold_gain":0.0,"event_name":"Ghosts","player_choice":"Became a Ghost","floor":31.0,"gold_loss":0.0,"damage_taken":0.0,"cards_obtained":["Ghostly","Ghostly","Ghostly"]},{"cards_removed":["Acrobatics"],"damage_healed":0.0,"max_hp_gain":0.0,"max_hp_loss":0.0,"gold_gain":0.0,"event_name":"Falling","player_choice":"Removed Skill","floor":36.0,"gold_loss":0.0,"damage_taken":0.0},{"damage_healed":0.0,"max_hp_gain":0.0,"max_hp_loss":0.0,"gold_gain":999.0,"event_name":"MindBloom","player_choice":"Gold","floor":37.0,"gold_loss":0.0,"damage_taken":0.0,"cards_obtained":["Normality","Normality"]},{"damage_healed":0.0,"max_hp_gain":0.0,"max_hp_loss":0.0,"gold_gain":0.0,"event_name":"Mysterious Sphere","player_choice":"Fight","floor":38.0,"gold_loss":0.0,"damage_taken":0.0},{"damage_healed":0.0,"max_hp_gain":0.0,"max_hp_loss":0.0,"gold_gain":0.0,"event_name":"SecretPortal","player_choice":"Ignored","floor":39.0,"gold_loss":0.0,"damage_taken":0.0}],"is_beta":false,"boss_relics":[{"not_picked":["Tiny House","Busted Crown"],"picked":"Sozu"},{"not_picked":["WristBlade","Ring of the Serpent"],"picked":"Calling Bell"}],"items_purged_floors":[41,46,54],"is_endless":false,"potions_floor_spawned":[4,13,16,22,23,25,28,33,38,45],"killed_by":"Shield and Spear","ascension_level":20}}