{"host":"qbvxbacgnxuisbbe","time":1611682866,"event":{"mods":["Alarm Clock","BaseMod","Humility","Minty Spire (QoL Compilation)","StSLib"],"gold_per_floor":[114,124,124,33,52,52,87,99,152,132,132],"floor_reached":10,"language":"ENG","playtime":291,"items_purged":[],"score":136,"play_id":"9f97663f-f63d-49c1-b93a-55430af8b424","local_time":"20210126174106","is_ascension_mode":true,"campfire_choices":[{"data":"Immolate","floor":6,"key":"SMITH"}],"circlet_count":0,"master_deck":["AscendersBane","Strike_R","Strike_R","Strike_R","Strike_R","Defend_R","Defend_R","Defend_R","Bash","Shrug It Off","Cleave","Inflame","Shrug It Off","Immolate+1","Shrug It Off"],"relics":["Burning Blood","FaceOfCleric","The Courier","Potion Belt"],"acts_visited":["Exordium"],"potions_floor_usage":[7,8],"damage_taken":[{"damage":17,"enemies":"Small Slimes","floor":1,"turns":4},{"damage":4,"enemies":"Cultist","floor":2,"turns":4},{"damage":12,"enemies":"Jaw Worm","floor":5,"turns":5},{"damage":30,"enemies":"Lagavulin","floor":7,"turns":4},{"damage":0,"enemies":"Blue Slaver","floor":8,"turns":2},{"damage":102,"enemies":"Gremlin Nob","floor":10,"turns":3}],"seed_played":"-2810232956532115797","potions_obtained":[{"floor":1,"key":"Weak Potion"},{"floor":7,"key":"DistilledChaos"},{"floor":8,"key":"FairyPotion"}],"is_trial":false,"path_per_floor":["M","M","?","$","M","R","E","M","T","E"],"character_chosen":"IRONCLAD","items_purchased":["Inflame","Shrug It Off"],"campfire_rested":0,"item_purchase_floors":[4,4],"current_hp_per_floor":[57,59,59,59,54,54,31,38,38,0,0],"gold":132,"neow_bonus":"REMOVE_TWO","is_daily":false,"chose_seed":false,"campfire_upgraded":1,"win_rate":0.0,"timestamp":1611682866,"path_taken":["M","M","?","?","M","R","E","?","T","E"],"items_purchased_type":["Card","Card"],"build_version":"2020-12-22","purchased_purges":0,"victory":false,"max_hp_per_floor":[68,68,68,68,69,69,70,71,71,71,71],"card_choices":[{"not_picked":["Intimidate","Clothesline"],"picked":"Shrug It Off","floor":1},{"not_picked":["Anger","Iron Wave"],"picked":"Cleave","floor":2},{"not_picked":["Body Slam","Sword Boomerang"],"picked":"Immolate","floor":5},{"not_picked":["Ghostly Armor","Wild Strike"],"picked":"Shrug It Off","floor":7},{"not_picked":["Second Wind","Body Slam","Perfected Strike"],"picked":"SKIP","floor":8}],"player_experience":137024,"relics_obtained":[{"floor":7,"key":"The Courier"},{"floor":9,"key":"Potion Belt"}],"event_choices":[{"damage_healed":0,"gold_gain":0,"player_choice":"Trade","damage_taken":0,"relics_obtained":["FaceOfCleric"],"max_hp_gain":0,"max_hp_loss":0,"event_name":"FaceTrader","floor":3,"gold_loss":0}],"is_beta":false,"boss_relics":[],"items_purged_floors":[],"is_endless":false,"potions_floor_spawned":[1,7,8],"killed_by":"Gremlin Nob","ascension_level":20,"is_humility":true}}