{"host":"avjwtc49fhlk6kym","time":1611696851,"event":{"mods":["AchievementEnabler","BaseMod","Better Match","Better Note","Better Third Choice","Colored Map","Colored Powertips","Displayed Cursed Tome","Highlight Path","Minty Spire (QoL Compilation)","Permanent Neow","Quick Restart","StSLib"],"gold_per_floor":[116,2,20,20,38,54,72,72,72,98,98,130,130,168,168,268,268,279,297,48,48,59,59,59,91,169,84,84,104,120,134,134,134,134],"floor_reached":33,"language":"ENG","playtime":1300,"items_purged":["Strike_P"],"score":304,"play_id":"cf88cd3d-f437-441e-ae55-fb0fa48b714a","local_time":"20210126163411","is_ascension_mode":false,"campfire_choices":[{"floor":8,"key":"REST"},{"data":"BattleHymn","floor":11,"key":"SMITH"},{"data":"TalkToTheHand","floor":13,"key":"SMITH"},{"data":"Wallop","floor":15,"key":"SMITH"},{"data":"MasterReality","floor":23,"key":"SMITH"},{"floor":28,"key":"REST"},{"floor":32,"key":"REST"}],"circlet_count":0,"master_deck":["Strike_P","Strike_P+1","Strike_P","Defend_P","Defend_P","Defend_P+1","Defend_P","Eruption","Vigilance+1","LessonLearned+1","FlyingSleeves+1","FlyingSleeves+1","ThirdEye","TalkToTheHand+1","BattleHymn+1","PathToVictory","FollowUp","ThirdEye","Consecrate","ThirdEye","Wallop+1","MasterReality+1","CrushJoints+1","BowlingBash","PathToVictory","Wireheading","Halt","Scrawl","BowlingBash+1","PathToVictory","ReachHeaven"],"relics":["PureWater","Ginger","Torii","MealTicket","Lantern","Gremlin Horn","Strawberry"],"acts_visited":["Exordium","TheCity"],"potions_floor_usage":[7,10,12,14,14,19,31,31],"damage_taken":[{"damage":0.0,"enemies":"2 Louse","floor":1.0,"turns":2.0},{"damage":6,"enemies":"Cultist","floor":3,"turns":3},{"damage":0,"enemies":"Small Slimes","floor":5,"turns":3},{"damage":5,"enemies":"Looter","floor":6,"turns":3},{"damage":0,"enemies":"3 Louse","floor":7,"turns":1},{"damage":14,"enemies":"3 Sentries","floor":10,"turns":5},{"damage":0,"enemies":"Lagavulin","floor":12,"turns":3},{"damage":0,"enemies":"Large Slime","floor":14,"turns":1},{"damage":4,"enemies":"Hexaghost","floor":16,"turns":7},{"damage":6,"enemies":"Shell Parasite","floor":18,"turns":6},{"damage":28,"enemies":"3 Byrds","floor":19,"turns":5},{"damage":0,"enemies":"Snecko","floor":22,"turns":4},{"damage":17,"enemies":"Book of Stabbing","floor":25,"turns":5},{"damage":1,"enemies":"Cultist and Chosen","floor":29,"turns":5},{"damage":7,"enemies":"3 Cultists","floor":30,"turns":4},{"damage":10,"enemies":"Sentry and Sphere","floor":31,"turns":3},{"damage":72,"enemies":"Automaton","floor":33,"turns":8}],"seed_played":"-2241259935798613172","potions_obtained":[{"floor":3,"key":"BlessingOfTheForge"},{"floor":4,"key":"Ambrosia"},{"floor":4,"key":"StancePotion"},{"floor":7,"key":"Ambrosia"},{"floor":12,"key":"ColorlessPotion"},{"floor":18,"key":"Regen Potion"},{"floor":29,"key":"Fire Potion"},{"floor":30,"key":"Swift Potion"}],"is_trial":false,"path_per_floor":["M","$","M","?","M","M","M","R","T","E","R","E","R","M","R","B",null,"M","M","$","?","M","R","?","E","T","?","R","M","M","M","R","B"],"character_chosen":"WATCHER","items_purchased":["ThirdEye","TalkToTheHand","MealTicket","PathToVictory"],"campfire_rested":3,"item_purchase_floors":[2,2,20,20],"current_hp_per_floor":[51,51,45,45,45,40,40,61,61,47,47,47,47,47,47,43,72,66,50,50,50,50,50,50,33,33,40,63,62,55,45,68,0,0],"gold":134,"neow_bonus":"THREE_RARE_CARDS","is_daily":false,"chose_seed":false,"campfire_upgraded":4,"win_rate":0.0,"timestamp":1611696851,"path_taken":["M","$","M","?","M","M","?","R","T","E","R","E","R","M","R","BOSS","M","M","$","?","M","R","?","E","T","?","R","M","M","M","R","BOSS"],"items_purchased_type":["Card","Card","Relic","Card"],"build_version":"2020-12-22","purchased_purges":1,"victory":false,"max_hp_per_floor":[72,72,72,72,72,72,72,72,72,72,72,72,72,72,72,72,72,72,72,72,72,72,72,72,72,72,79,79,79,79,79,79,79,79],"card_choices":[{"not_picked":["Scrawl","Blasphemy"],"picked":"LessonLearned","floor":0.0},{"not_picked":["EmptyBody","EmptyFist"],"picked":"FlyingSleeves","floor":1.0},{"not_picked":["EmptyBody","EmptyFist"],"picked":"FlyingSleeves","floor":1.0},{"not_picked":["Sanctity","MentalFortress"],"picked":"BattleHymn","floor":3},{"not_picked":["Meditate","FlyingSleeves"],"picked":"PathToVictory","floor":5},{"not_picked":["EmptyFist","Indignation"],"picked":"FollowUp","floor":6},{"not_picked":["PathToVictory","Weave"],"picked":"ThirdEye","floor":7},{"not_picked":["FlurryOfBlows","ThirdEye"],"picked":"Consecrate","floor":10},{"not_picked":["Prostrate","MentalFortress"],"picked":"ThirdEye","floor":12},{"not_picked":["DeusExMachina","PathToVictory"],"picked":"Wallop","floor":14},{"not_picked":["Brilliance","Blasphemy"],"picked":"MasterReality","floor":16},{"not_picked":["Wireheading+1","Halt"],"picked":"CrushJoints","floor":18},{"not_picked":["EmptyFist","ForeignInfluence"],"picked":"BowlingBash","floor":19},{"not_picked":["Collect","Evaluate"],"picked":"Halt","floor":22},{"not_picked":["CutThroughFate","JustLucky"],"picked":"Scrawl","floor":25},{"not_picked":["Prostrate","EmptyFist"],"picked":"BowlingBash+1","floor":29},{"not_picked":["EmptyBody","ThirdEye"],"picked":"PathToVictory","floor":30},{"not_picked":["Tantrum","Prostrate"],"picked":"ReachHeaven","floor":31}],"player_experience":412396,"relics_obtained":[{"floor":10,"key":"Ginger"},{"floor":12,"key":"Torii"},{"floor":25,"key":"Lantern"},{"floor":26,"key":"Gremlin Horn"}],"event_choices":[{"damage_healed":0,"gold_gain":0,"player_choice":"Got Potions","damage_taken":0,"max_hp_gain":0,"max_hp_loss":0,"event_name":"Lab","floor":4,"gold_loss":0},{"cards_removed":["Defend_P"],"damage_healed":0,"gold_gain":0,"player_choice":"Take \u0026 Give","damage_taken":0,"max_hp_gain":0,"max_hp_loss":0,"event_name":"betterNote:BetterNote","floor":21,"gold_loss":0,"cards_obtained":["Wireheading"]},{"damage_healed":0,"gold_gain":0,"player_choice":"Ignored","damage_taken":0,"max_hp_gain":0,"max_hp_loss":0,"event_name":"Ghosts","floor":24,"gold_loss":0},{"damage_healed":0,"gold_gain":0,"player_choice":"Obtained Relic","damage_taken":0,"relics_obtained":["Strawberry"],"max_hp_gain":0,"max_hp_loss":0,"event_name":"Addict","floor":27,"gold_loss":85}],"is_beta":false,"boss_relics":[{"not_picked":["Runic Pyramid","Philosopher\u0027s Stone","Runic Dome"]}],"items_purged_floors":[20],"is_endless":false,"potions_floor_spawned":[3,5,6,7,12,18,29,30],"killed_by":"Automaton","ascension_level":0}}