{"host":"k5wd0jv1m6dz3iwi","time":1611621999,"event":{"mods":["BaseMod","Better Vampires","Challenge The Spire","Custom Start","Highlight Path","Minty Spire (QoL Compilation)","Rare Cards Sparkle","Relic Stats","Slay the Relics Exporter","StSLib","everything is the same but u backflip on backflip"],"gold_per_floor":[115,115,34,51,126,159,159,185,212,212,247,264,264,71,71,144,144,187,227,227,19,19,73,115,144,144,226,226,282,52,102,102,173,173,235,289,269,11,26,109,109,195,272,359,428,509,509,591,591,646,646,646,7,70,70],"floor_reached":56,"language":"ENG","playtime":4606,"items_purged":["Writhe","Parasite"],"score":2693,"play_id":"ff730df8-62e6-4783-8858-10db6e894e8b","local_time":"20210126004638","daily_mods":["Draft","ControlledChaos","Elite Swarm"],"is_ascension_mode":true,"campfire_choices":[{"data":"Vault","floor":7.0,"key":"SMITH"},{"data":"LessonLearned","floor":10.0,"key":"SMITH"},{"data":"MentalFortress","floor":13.0,"key":"SMITH"},{"data":"Wallop","floor":15.0,"key":"SMITH"},{"data":"MentalFortress","floor":32.0,"key":"SMITH"},{"data":"PanicButton","floor":41.0,"key":"SMITH"},{"floor":49.0,"key":"RECALL"},{"data":"SpiritShield","floor":52,"key":"SMITH"}],"circlet_count":0,"master_deck":["AscendersBane","FearNoEvil","Crescendo","Tantrum+1","Meditate+1","Adaptation+1","Wallop+1","BowlingBash+1","EmptyMind+1","FollowUp+1","MentalFortress+1","Prostrate+1","CutThroughFate+1","EmptyFist+1","PanicButton+1","ThirdEye+1","Vault+1","LessonLearned+1","DevaForm+1","Secret Weapon+1","Wish+1","MentalFortress+1","CutThroughFate+1","FlurryOfBlows+1","Ragnarok+1","Scrawl+1","WheelKick+1","Wish+1","Devotion","SashWhip+1","SpiritShield+1","Wallop+1","Dark Shackles","Secret Technique+1"],"relics":["PureWater","Frozen Eye","Blood Vial","Darkstone Periapt","Bronze Scales","Bag of Preparation","Coffee Dripper","MutagenicStrength","StoneCalendar","Toy Ornithopter","Pantograph","Art of War","Oddly Smooth Stone","Centennial Puzzle","Akabeko","Boot","Runic Pyramid","Du-Vu Doll","Mummified Hand","Juzu Bracelet","Peace Pipe","Incense Burner","Whetstone","Molten Egg 2","War Paint","Blue Candle"],"acts_visited":["Exordium","TheCity","TheBeyond","TheEnding"],"potions_floor_usage":[55,55],"damage_taken":[{"damage":0.0,"enemies":"Jaw Worm","floor":1.0,"turns":2.0},{"damage":0.0,"enemies":"Small Slimes","floor":4.0,"turns":2.0},{"damage":1.0,"enemies":"3 Sentries","floor":6.0,"turns":3.0},{"damage":0.0,"enemies":"Lagavulin","floor":8.0,"turns":4.0},{"damage":0.0,"enemies":"3 Sentries","floor":11.0,"turns":4.0},{"damage":0.0,"enemies":"Cultist","floor":12.0,"turns":3.0},{"damage":17.0,"enemies":"The Guardian","floor":16.0,"turns":9.0},{"damage":4.0,"enemies":"2 Thieves","floor":18.0,"turns":4.0},{"damage":0.0,"enemies":"3 Byrds","floor":19.0,"turns":5.0},{"damage":0.0,"enemies":"Gremlin Leader","floor":23.0,"turns":4.0},{"damage":0.0,"enemies":"3 Cultists","floor":24.0,"turns":4.0},{"damage":0.0,"enemies":"Slavers","floor":25.0,"turns":2.0},{"damage":0.0,"enemies":"Gremlin Leader","floor":27.0,"turns":5.0},{"damage":4.0,"enemies":"Book of Stabbing","floor":29.0,"turns":3.0},{"damage":18.0,"enemies":"Gremlin Leader","floor":31.0,"turns":5.0},{"damage":0.0,"enemies":"Automaton","floor":33.0,"turns":6.0},{"damage":0.0,"enemies":"3 Shapes","floor":35.0,"turns":5.0},{"damage":0.0,"enemies":"2 Orb Walkers","floor":36.0,"turns":1.0},{"damage":0.0,"enemies":"3 Darklings","floor":39.0,"turns":2.0},{"damage":5.0,"enemies":"Nemesis","floor":40.0,"turns":6.0},{"damage":3.0,"enemies":"Giant Head","floor":42.0,"turns":5.0},{"damage":0.0,"enemies":"Reptomancer","floor":44.0,"turns":3.0},{"damage":0.0,"enemies":"Writhing Mass","floor":45.0,"turns":4.0},{"damage":0.0,"enemies":"Nemesis","floor":46.0,"turns":5.0},{"damage":0.0,"enemies":"Giant Head","floor":48.0,"turns":5.0},{"damage":38.0,"enemies":"Awakened One","floor":50.0,"turns":9.0},{"damage":5,"enemies":"Shield and Spear","floor":54,"turns":6},{"damage":12,"enemies":"The Heart","floor":55,"turns":6}],"seed_played":"-2855310011193277242","potions_obtained":[{"floor":4.0,"key":"Fire Potion"},{"floor":6.0,"key":"BlessingOfTheForge"},{"floor":8.0,"key":"DistilledChaos"},{"floor":16.0,"key":"Strength Potion"},{"floor":24.0,"key":"Swift Potion"},{"floor":33.0,"key":"StancePotion"},{"floor":37.0,"key":"LiquidBronze"},{"floor":39.0,"key":"Fire Potion"}],"is_trial":true,"path_per_floor":["M","?","$","M","?","E","R","E","T","R","E","M","R","$","R","B",null,"M","M","?","$","?","E","M","E","T","E","?","E","$","E","R","B",null,"M","?","?","$","M","E","R","E","T","E","M","E","?","E","R","B",null,"R","$","E","B",null],"character_chosen":"WATCHER","items_purchased":["PanicButton","Secret Weapon","FlurryOfBlows","Ragnarok","DuplicationPotion","Akabeko","Mummified Hand","Wallop+1","War Paint","Dark Shackles","Secret Technique","Dexterity Potion","SkillPotion"],"campfire_rested":0,"item_purchase_floors":[3,14,21,21,21,30,38,53,53,53,53,53,53],"current_hp_per_floor":[61,54,54,54,43,42,42,44,44,44,46,48,48,48,48,33,59,57,59,59,59,59,61,63,65,65,67,73,70,70,59,59,74,74,74,74,74,74,74,69,69,68,68,70,78,80,80,80,80,47,72,72,72,69,69],"gold":70,"neow_bonus":"","is_daily":false,"chose_seed":false,"campfire_upgraded":7,"win_rate":0.0,"timestamp":1611621998,"path_taken":["M","?","$","M","?","E","R","E","T","R","E","M","R","?","R","BOSS","M","M","?","$","?","E","M","E","T","E","?","E","$","E","R","BOSS","M","?","?","$","?","E","R","E","T","E","M","E","?","E","R","BOSS","R","$","E","BOSS"],"items_purchased_type":["Card","Card","Card","Card","Potion","Relic","Relic","Card","Relic","Card","Card","Potion","Potion"],"build_version":"2020-12-22","purchased_purges":2,"victory":true,"max_hp_per_floor":[68,68,68,68,68,68,68,68,68,68,68,68,68,68,68,68,68,68,68,68,68,68,68,68,68,68,68,74,74,74,74,74,74,74,74,74,74,74,74,74,74,74,74,74,80,80,80,80,80,80,80,80,77,77,77],"relic_stats":{"Darkstone Periapt":12,"counters":[28,122],"Blue Candle":[0],"StoneCalendar":[52],"Bag of Preparation":[46],"Juzu Bracelet":0,"Whetstone":["Tantrum","FollowUp"],"War Paint":["Wish","Secret Weapon"],"Boot":[55],"Blood Vial":33,"Peace Pipe":0,"Centennial Puzzle":[18],"Mummified Hand":[68],"Bronze Scales":[260],"Pantograph":23,"Art of War":[8],"obtain_stats":[{"Darkstone Periapt":8,"StoneCalendar":23,"Bag of Preparation":11,"Juzu Bracelet":40,"Incense Burner":44,"Whetstone":46,"Boot":31,"Blood Vial":6,"Frozen Eye":0,"Centennial Puzzle":29,"Mummified Hand":38,"Pantograph":26,"Runic Pyramid":34,"Blue Candle":54,"Oddly Smooth Stone":28,"War Paint":53,"Akabeko":30,"Du-Vu Doll":36,"Peace Pipe":42,"Bronze Scales":9,"MutagenicStrength":22,"Molten Egg 2":48,"Coffee Dripper":17,"Art of War":27,"PureWater":0,"Toy Ornithopter":25},{"Darkstone Periapt":4,"StoneCalendar":10,"Bag of Preparation":5,"Juzu Bracelet":20,"Incense Burner":22,"Whetstone":24,"Boot":15,"Blood Vial":3,"Frozen Eye":0,"Centennial Puzzle":14,"Mummified Hand":18,"Pantograph":12,"Runic Pyramid":16,"Blue Candle":27,"Oddly Smooth Stone":13,"War Paint":26,"Akabeko":14,"Du-Vu Doll":18,"Peace Pipe":21,"Bronze Scales":4,"MutagenicStrength":9,"Molten Egg 2":25,"Coffee Dripper":7,"Art of War":13,"PureWater":0,"Toy Ornithopter":12},{"Darkstone Periapt":11,"StoneCalendar":40,"Bag of Preparation":15,"Juzu Bracelet":79,"Incense Burner":87,"Whetstone":96,"Boot":59,"Blood Vial":7,"Frozen Eye":0,"Centennial Puzzle":54,"Mummified Hand":71,"Pantograph":46,"Runic Pyramid":65,"Blue Candle":116,"Oddly Smooth Stone":51,"War Paint":110,"Akabeko":54,"Du-Vu Doll":71,"Peace Pipe":84,"Bronze Scales":11,"MutagenicStrength":36,"Molten Egg 2":101,"Coffee Dripper":27,"Art of War":51,"PureWater":0,"Toy Ornithopter":46}],"Toy Ornithopter":14},"card_choices":[{"not_picked":["EmptyBody","CutThroughFate"],"picked":"FearNoEvil","floor":0.0},{"not_picked":["Sanctity","ReachHeaven"],"picked":"Crescendo","floor":0.0},{"not_picked":["Consecrate","CutThroughFate"],"picked":"Tantrum","floor":0.0},{"not_picked":["InnerPeace","Collect"],"picked":"Meditate","floor":0.0},{"not_picked":["ForeignInfluence","SandsOfTime"],"picked":"Adaptation","floor":0.0},{"not_picked":["ThirdEye","Prostrate"],"picked":"Wallop","floor":0.0},{"not_picked":["Crescendo","Nirvana"],"picked":"ClearTheMind","floor":0.0},{"not_picked":["FollowUp","FlurryOfBlows"],"picked":"BowlingBash","floor":0.0},{"not_picked":["PathToVictory","Collect"],"picked":"EmptyMind","floor":0.0},{"not_picked":["JustLucky","CutThroughFate"],"picked":"FollowUp","floor":0.0},{"not_picked":["ClearTheMind","EmptyBody"],"picked":"MentalFortress","floor":0.0},{"not_picked":["Crescendo","Evaluate"],"picked":"Prostrate","floor":0.0},{"not_picked":["ClearTheMind","WreathOfFlame"],"picked":"CutThroughFate","floor":0.0},{"not_picked":["CrushJoints","JustLucky"],"picked":"BowlingBash","floor":0.0},{"not_picked":["Sanctity","JustLucky"],"picked":"EmptyFist","floor":0.0},{"not_picked":["InnerPeace","Prostrate","FlyingSleeves"],"picked":"SKIP","floor":1.0},{"not_picked":["Adaptation","SashWhip"],"picked":"ThirdEye","floor":4.0},{"not_picked":["Blasphemy","SpiritShield"],"picked":"Vault","floor":6.0},{"not_picked":["Ragnarok","Judgement"],"picked":"LessonLearned","floor":8.0},{"not_picked":["Blasphemy","Establishment"],"picked":"DevaForm","floor":11.0},{"not_picked":["Fasting2","Prostrate","ClearTheMind"],"picked":"SKIP","floor":12.0},{"not_picked":["DeusExMachina","Establishment"],"picked":"Wish","floor":16.0},{"not_picked":["PathToVictory","JustLucky"],"picked":"MentalFortress","floor":18.0},{"not_picked":["Study","Protect"],"picked":"CutThroughFate+1","floor":19.0},{"not_picked":["LessonLearned","DeusExMachina"],"picked":"Scrawl","floor":23.0},{"not_picked":["CrushJoints","Evaluate"],"picked":"WheelKick+1","floor":24.0},{"not_picked":["SpiritShield","DevaForm"],"picked":"Wish","floor":25.0},{"not_picked":["Ragnarok","Alpha","DeusExMachina"],"picked":"SKIP","floor":27.0},{"not_picked":["Brilliance","SpiritShield","DeusExMachina"],"picked":"SKIP","floor":29.0},{"not_picked":["LessonLearned","Ragnarok"],"picked":"Scrawl","floor":31.0},{"not_picked":["BowlingBash","SashWhip","PathToVictory"],"picked":"SKIP","floor":35.0},{"not_picked":["Prostrate","Crescendo","SashWhip"],"picked":"SKIP","floor":39.0},{"not_picked":["Omniscience","Alpha"],"picked":"Devotion","floor":40.0},{"not_picked":["LessonLearned","Establishment","Alpha"],"picked":"SKIP","floor":42.0},{"not_picked":["Alpha","Devotion","LessonLearned"],"picked":"SKIP","floor":44.0},{"not_picked":["Weave","MentalFortress"],"picked":"SashWhip+1","floor":45.0},{"not_picked":["Judgement","MasterReality","Brilliance"],"picked":"SKIP","floor":46.0},{"not_picked":["Establishment","Ragnarok+1"],"picked":"SpiritShield","floor":48.0},{"not_picked":["Ragnarok+1","LessonLearned+1","ConjureBlade"],"picked":"SKIP","floor":54}],"player_experience":1274117,"relics_obtained":[{"floor":6.0,"key":"Blood Vial"},{"floor":8.0,"key":"Darkstone Periapt"},{"floor":9.0,"key":"Bronze Scales"},{"floor":11.0,"key":"Bag of Preparation"},{"floor":23.0,"key":"StoneCalendar"},{"floor":25.0,"key":"Toy Ornithopter"},{"floor":26.0,"key":"Pantograph"},{"floor":27.0,"key":"Art of War"},{"floor":29.0,"key":"Centennial Puzzle"},{"floor":31.0,"key":"Boot"},{"floor":36.0,"key":"Du-Vu Doll"},{"floor":40.0,"key":"Juzu Bracelet"},{"floor":42.0,"key":"Peace Pipe"},{"floor":44.0,"key":"Incense Burner"},{"floor":46.0,"key":"Whetstone"},{"floor":48.0,"key":"Molten Egg 2"},{"floor":54,"key":"Blue Candle"}],"event_choices":[{"cards_removed":["BowlingBash"],"damage_healed":0.0,"max_hp_gain":0.0,"max_hp_loss":0.0,"gold_gain":0.0,"event_name":"Golden Wing","player_choice":"Card Removal","floor":2.0,"gold_loss":0.0,"damage_taken":7.0},{"damage_healed":0.0,"max_hp_gain":0.0,"max_hp_loss":0.0,"gold_gain":75.0,"event_name":"World of Goop","player_choice":"Gather Gold","floor":5.0,"gold_loss":0.0,"damage_taken":11.0},{"cards_removed":["ClearTheMind"],"damage_healed":0.0,"max_hp_gain":0.0,"max_hp_loss":0.0,"gold_gain":0.0,"event_name":"Back to Basics","player_choice":"Elegance","floor":20.0,"gold_loss":0.0,"damage_taken":0.0},{"damage_healed":0.0,"max_hp_gain":0.0,"max_hp_loss":0.0,"gold_gain":0.0,"event_name":"Drug Dealer","player_choice":"Inject Mutagens","floor":22.0,"gold_loss":0.0,"damage_taken":0.0,"relics_obtained":["MutagenicStrength"]},{"damage_healed":0.0,"max_hp_gain":0.0,"max_hp_loss":0.0,"gold_gain":0.0,"event_name":"The Mausoleum","player_choice":"Opened","floor":28.0,"gold_loss":0.0,"damage_taken":0.0,"relics_obtained":["Oddly Smooth Stone"],"cards_obtained":["Writhe"]},{"damage_healed":0.0,"max_hp_gain":0.0,"max_hp_loss":0.0,"gold_gain":0.0,"event_name":"Mysterious Sphere","player_choice":"Fight","floor":36.0,"gold_loss":0.0,"damage_taken":0.0},{"damage_healed":0.0,"max_hp_gain":0.0,"max_hp_loss":0.0,"gold_gain":0.0,"event_name":"The Woman in Blue","player_choice":"Bought 1 Potion","floor":37.0,"gold_loss":0.0,"damage_taken":0.0},{"cards_removed":["Scrawl"],"damage_healed":0.0,"max_hp_gain":0.0,"max_hp_loss":0.0,"gold_gain":0.0,"event_name":"Falling","player_choice":"Removed Skill","floor":47.0,"gold_loss":0.0,"damage_taken":0.0}],"is_beta":false,"boss_relics":[{"not_picked":["Philosopher\u0027s Stone","Busted Crown"],"picked":"Coffee Dripper"},{"not_picked":["Astrolabe","Empty Cage"],"picked":"Runic Pyramid"}],"items_purged_floors":[30,53],"is_endless":false,"potions_floor_spawned":[4,6,8,16,24,27,29,33,35,39,45,46],"ascension_level":15}}