{"host":"s5d39dhq0ddhxhke","time":1611648340,"event":{"mods":["AchievementEnabler","BaseMod","Colored Map","Minty Spire (QoL Compilation)","SuperFastMode"],"gold_per_floor":[110,125,135,148,161,193,118,118,118,18,18,18,52,68,68,142,142,156,107,118,118,118,118,137,137,160,192,205,205,216,229,229,308,308,318,270,288,1287,929,954,954,954],"floor_reached":41,"language":"ENG","playtime":2064,"items_purged":["Strike_R","Strike_R"],"score":984,"play_id":"84ff1535-0208-4763-a370-2547b7646549","local_time":"20210126100540","is_ascension_mode":true,"campfire_choices":[{"floor":8.0,"key":"REST"},{"data":"True Grit","floor":15.0,"key":"SMITH"},{"data":"Barricade","floor":23.0,"key":"SMITH"},{"data":"Body Slam","floor":25.0,"key":"SMITH"},{"floor":32.0,"key":"REST"}],"circlet_count":0,"master_deck":["AscendersBane","Strike_R","Strike_R","Strike_R","Defend_R","Defend_R","Defend_R","Defend_R","Bash+1","Evolve","Twin Strike","Twin Strike","Feel No Pain","Parasite","Disarm","True Grit+1","Barricade+1","Body Slam+1","Feel No Pain","Flame Barrier","Metallicize","Fiend Fire","Fire Breathing+1","Normality","Normality"],"relics":["Burning Blood","Ginger","Oddly Smooth Stone","Darkstone Periapt","CaptainsWheel","Mark of Pain","Anchor","InkBottle","Cursed Key","Bird Faced Urn","Magic Flower"],"acts_visited":["TheCity","TheBeyond"],"potions_floor_usage":[],"damage_taken":[{"damage":1.0,"enemies":"Cultist","floor":1.0,"turns":4.0},{"damage":1.0,"enemies":"2 Louse","floor":2.0,"turns":2.0},{"damage":6.0,"enemies":"Jaw Worm","floor":3.0,"turns":7.0},{"damage":34.0,"enemies":"Exordium Thugs","floor":4.0,"turns":5.0},{"damage":12.0,"enemies":"Looter","floor":5.0,"turns":3.0},{"damage":25.0,"enemies":"3 Sentries","floor":6.0,"turns":5.0},{"damage":36.0,"enemies":"Gremlin Nob","floor":13.0,"turns":5.0},{"damage":1.0,"enemies":"3 Louse","floor":14.0,"turns":5.0},{"damage":24.0,"enemies":"The Guardian","floor":16.0,"turns":15.0},{"damage":10.0,"enemies":"Shell Parasite","floor":18.0,"turns":9.0},{"damage":19.0,"enemies":"3 Byrds","floor":20.0,"turns":8.0},{"damage":35.0,"enemies":"Centurion and Healer","floor":24.0,"turns":11.0},{"damage":10.0,"enemies":"Gremlin Leader","floor":27.0,"turns":9.0},{"damage":0.0,"enemies":"Cultist and Chosen","floor":28.0,"turns":6.0},{"damage":0.0,"enemies":"Book of Stabbing","floor":29.0,"turns":1.0},{"damage":18.0,"enemies":"Snake Plant","floor":30.0,"turns":4.0},{"damage":12.0,"enemies":"Sentry and Sphere","floor":31.0,"turns":7.0},{"damage":0.0,"enemies":"Champ","floor":33.0,"turns":15.0},{"damage":0.0,"enemies":"Orb Walker","floor":35.0,"turns":5.0},{"damage":14.0,"enemies":"3 Darklings","floor":37.0,"turns":11.0},{"damage":37.0,"enemies":"Giant Head","floor":40.0,"turns":10.0},{"damage":89,"enemies":"Transient","floor":41,"turns":4}],"seed_played":"-7702412638102970726","potions_obtained":[{"floor":3.0,"key":"PowerPotion"},{"floor":4.0,"key":"SmokeBomb"},{"floor":13.0,"key":"LiquidBronze"},{"floor":16.0,"key":"SneckoOil"},{"floor":27.0,"key":"Explosive Potion"},{"floor":30.0,"key":"Explosive Potion"}],"is_trial":false,"path_per_floor":["M","M","M","M","M","E","$","R","T","$","?","?","E","M","R","B",null,"M","$","M","?","?","R","M","R","T","E","M","E","M","M","R","B",null,"M","$","M","?","$","E","M"],"character_chosen":"IRONCLAD","items_purchased":["Body Slam","Dexterity Potion","Bird Faced Urn","PowerPotion"],"campfire_rested":2,"item_purchase_floors":[19,36,39,39],"current_hp_per_floor":[55,60,60,32,26,7,7,29,29,29,53,53,23,28,28,10,63,59,59,46,46,46,46,17,17,17,13,19,25,13,7,31,37,70,76,76,68,80,80,63,0,0],"gold":954,"neow_bonus":"ONE_RARE_RELIC","is_daily":false,"chose_seed":false,"campfire_upgraded":3,"win_rate":0.0,"timestamp":1611648340,"path_taken":["M","M","M","M","M","E","$","R","T","$","?","?","E","M","R","BOSS","M","$","M","?","?","R","M","R","T","E","M","E","?","M","R","BOSS","M","$","M","?","$","E","M"],"items_purchased_type":["Card","Potion","Relic","Potion"],"build_version":"2020-12-22","purchased_purges":2,"victory":false,"max_hp_per_floor":[75,75,75,75,75,75,75,75,75,75,81,81,81,81,81,81,81,81,81,81,81,81,81,81,81,81,81,81,81,81,81,81,81,81,81,81,81,93,93,93,93,93],"card_choices":[{"not_picked":["Pommel Strike","Anger","Second Wind"],"picked":"SKIP","floor":1.0},{"not_picked":["Heavy Blade","Clothesline"],"picked":"Evolve","floor":2.0},{"not_picked":["Thunderclap","Uppercut","Body Slam"],"picked":"SKIP","floor":3.0},{"not_picked":["Armaments","Brutality"],"picked":"Twin Strike","floor":4.0},{"not_picked":["Perfected Strike","Dark Embrace"],"picked":"Twin Strike","floor":5.0},{"not_picked":["Ghostly Armor","Shrug It Off"],"picked":"Feel No Pain","floor":6.0},{"not_picked":["Perfected Strike","Flex"],"picked":"Disarm","floor":13.0},{"not_picked":["Blood for Blood","Flex"],"picked":"True Grit","floor":14.0},{"not_picked":["Juggernaut","Bludgeon"],"picked":"Barricade","floor":16.0},{"not_picked":["Headbutt","Dark Embrace","Heavy Blade"],"picked":"SKIP","floor":18.0},{"not_picked":["Burning Pact","Heavy Blade","Perfected Strike"],"picked":"SKIP","floor":20.0},{"not_picked":["Armaments","Havoc"],"picked":"Flame Barrier","floor":24.0},{"not_picked":["Twin Strike","Dropkick","Sever Soul"],"picked":"SKIP","floor":27.0},{"not_picked":["Sword Boomerang","Spot Weakness","Perfected Strike"],"picked":"SKIP","floor":28.0},{"not_picked":["Shrug It Off","Dropkick"],"picked":"Metallicize","floor":30.0},{"not_picked":["Sever Soul","Dark Embrace","Perfected Strike"],"picked":"SKIP","floor":31.0},{"not_picked":["Brutality","Reaper"],"picked":"Fiend Fire","floor":33.0},{"not_picked":["Pommel Strike","Armaments","Anger"],"picked":"SKIP","floor":35.0},{"not_picked":["Thunderclap","Cleave+1"],"picked":"Fire Breathing+1","floor":37.0},{"not_picked":["Sentinel","Evolve","Armaments"],"picked":"SKIP","floor":40.0}],"player_experience":460446,"relics_obtained":[{"floor":6.0,"key":"Oddly Smooth Stone"},{"floor":9.0,"key":"Darkstone Periapt"},{"floor":13.0,"key":"CaptainsWheel"},{"floor":26.0,"key":"Anchor"},{"floor":27.0,"key":"InkBottle"},{"floor":40.0,"key":"Magic Flower"}],"event_choices":[{"damage_healed":18.0,"max_hp_gain":0.0,"max_hp_loss":0.0,"gold_gain":0.0,"event_name":"Mushrooms","player_choice":"Healed and dodged fight","floor":11.0,"gold_loss":0.0,"damage_taken":0.0,"cards_obtained":["Parasite"]},{"damage_healed":0.0,"max_hp_gain":0.0,"max_hp_loss":0.0,"gold_gain":0.0,"event_name":"Upgrade Shrine","player_choice":"Upgraded","floor":12.0,"gold_loss":0.0,"damage_taken":0.0,"cards_upgraded":["Bash"]},{"damage_healed":0.0,"max_hp_gain":0.0,"max_hp_loss":0.0,"gold_gain":0.0,"event_name":"Vampires","player_choice":"Ignored","floor":21.0,"gold_loss":0.0,"damage_taken":0.0},{"damage_healed":0.0,"max_hp_gain":0.0,"max_hp_loss":0.0,"gold_gain":0.0,"event_name":"Duplicator","player_choice":"Copied","floor":22.0,"gold_loss":0.0,"damage_taken":0.0,"cards_obtained":["Feel No Pain"]},{"damage_healed":0.0,"max_hp_gain":0.0,"max_hp_loss":0.0,"gold_gain":999.0,"event_name":"MindBloom","player_choice":"Gold","floor":38.0,"gold_loss":0.0,"damage_taken":0.0,"cards_obtained":["Normality","Normality"]}],"is_beta":false,"boss_relics":[{"not_picked":["Tiny House","Runic Pyramid"],"picked":"Mark of Pain"},{"not_picked":["Velvet Choker","Fusion Hammer"],"picked":"Cursed Key"}],"items_purged_floors":[7,10],"is_endless":false,"potions_floor_spawned":[3,4,13,16,20,24,27,30],"killed_by":"Transient","ascension_level":15}}