{"host":"2fgwwnzqc97k7iys","time":1611624630,"event":{"mods":["BaseMod","Colored Map","Minty Spire (QoL Compilation)","Quick Restart","Relic Stats"],"gold_per_floor":[110,125,145,245,259,259,293,310,337,369,382,382,230,243,243,345,345,360,360,237,268,193,193,207,242,265,265,285,285,285],"floor_reached":29,"language":"ENG","playtime":1880,"items_purged":["Strike_R","Strike_R"],"score":370,"play_id":"585b106b-004f-4ff9-92f2-5de84d52961a","local_time":"20210125193030","is_ascension_mode":true,"campfire_choices":[{"data":"Carnage","floor":6,"key":"SMITH"},{"floor":12,"key":"REST"},{"data":"True Grit","floor":15,"key":"SMITH"},{"data":"Evolve","floor":23,"key":"SMITH"},{"data":"Fire Breathing","floor":27,"key":"SMITH"}],"circlet_count":0,"master_deck":["Strike_R","Strike_R","Strike_R","Defend_R","Defend_R","Defend_R","Defend_R","Bash","Carnage+1","True Grit+1","Carnage","Cleave","Double Tap","Seeing Red","Power Through","Fire Breathing+1","Barricade","Evolve+1","Shrug It Off","Wild Strike","Second Wind"],"relics":["Burning Blood","Lizard Tail","Dream Catcher","Oddly Smooth Stone","Velvet Choker","Red Mask","Strawberry","CeramicFish"],"acts_visited":["Exordium","TheCity"],"potions_floor_usage":[10,21,21,25],"damage_taken":[{"damage":13,"enemies":"2 Louse","floor":1,"turns":3},{"damage":1,"enemies":"Cultist","floor":2,"turns":3},{"damage":8,"enemies":"Small Slimes","floor":3,"turns":4},{"damage":8,"enemies":"3 Louse","floor":5,"turns":3},{"damage":32,"enemies":"Gremlin Nob","floor":7,"turns":4},{"damage":1,"enemies":"Large Slime","floor":8,"turns":4},{"damage":25,"enemies":"3 Sentries","floor":10,"turns":7},{"damage":3,"enemies":"Blue Slaver","floor":11,"turns":4},{"damage":11,"enemies":"Looter","floor":14,"turns":3},{"damage":6,"enemies":"Slime Boss","floor":16,"turns":9},{"damage":10,"enemies":"Shell Parasite","floor":18,"turns":7},{"damage":0,"enemies":"Masked Bandits","floor":21,"turns":5},{"damage":22,"enemies":"2 Thieves","floor":22,"turns":5},{"damage":15,"enemies":"Shelled Parasite and Fungi","floor":24,"turns":6},{"damage":43,"enemies":"Book of Stabbing","floor":25,"turns":6},{"damage":22,"enemies":"3 Cultists","floor":28,"turns":5},{"damage":4,"enemies":"Gremlin Leader","floor":29,"turns":2}],"seed_played":"1556551997154376210","potions_obtained":[{"floor":7,"key":"DistilledChaos"},{"floor":8,"key":"Weak Potion"},{"floor":10,"key":"ColorlessPotion"},{"floor":11,"key":"LiquidMemories"},{"floor":24,"key":"SpeedPotion"},{"floor":28,"key":"FearPotion"}],"is_trial":false,"path_per_floor":["M","M","M","?","M","R","E","M","T","E","M","R","$","M","R","B",null,"M","?","$","?","M","R","M","E","T","R","M","E"],"character_chosen":"IRONCLAD","items_purchased":["Fire Breathing","Shrug It Off"],"campfire_rested":1,"item_purchase_floors":[13,20],"current_hp_per_floor":[65,70,68,68,66,66,40,45,45,26,29,53,53,48,48,48,72,68,68,68,74,58,58,49,19,19,19,49,45,45],"gold":285,"neow_bonus":"THREE_CARDS","is_daily":false,"chose_seed":false,"campfire_upgraded":4,"win_rate":0.0,"timestamp":1611624630,"path_taken":["M","M","M","?","M","R","E","M","T","E","?","R","$","M","R","BOSS","M","?","$","?","M","R","M","E","T","R","M","E"],"items_purchased_type":["Card","Card"],"build_version":"2020-12-22","purchased_purges":2,"victory":false,"max_hp_per_floor":[80,80,80,80,80,80,80,80,80,80,80,80,80,80,80,80,80,80,80,80,80,80,80,80,87,87,87,87,87,87],"relic_stats":{"Lizard Tail":43,"Dream Catcher":1,"counters":[17,80],"CeramicFish":9,"obtain_stats":[{"Lizard Tail":7,"Dream Catcher":9,"Strawberry":25,"CeramicFish":26,"Oddly Smooth Stone":10,"Velvet Choker":17,"Red Mask":21,"Burning Blood":0},{"Lizard Tail":5,"Dream Catcher":6,"Strawberry":15,"CeramicFish":15,"Oddly Smooth Stone":7,"Velvet Choker":10,"Red Mask":12,"Burning Blood":0},{"Lizard Tail":17,"Dream Catcher":21,"Strawberry":73,"CeramicFish":73,"Oddly Smooth Stone":28,"Velvet Choker":44,"Red Mask":56,"Burning Blood":0}],"Burning Blood":96},"card_choices":[{"not_picked":["Perfected Strike","Havoc"],"picked":"Carnage","floor":0},{"not_picked":["Perfected Strike","Entrench"],"picked":"True Grit","floor":1},{"not_picked":["Warcry","Rupture"],"picked":"Carnage","floor":2},{"not_picked":["Combust","Anger","Clash"],"picked":"SKIP","floor":3},{"not_picked":["Heavy Blade","Entrench"],"picked":"Cleave","floor":5},{"not_picked":["Shrug It Off","Sword Boomerang"],"picked":"Double Tap","floor":7},{"not_picked":["Shockwave","Dropkick","Reckless Charge"],"picked":"SKIP","floor":8},{"not_picked":["Dark Embrace","Whirlwind"],"picked":"Seeing Red","floor":10},{"not_picked":["Body Slam","Seeing Red"],"picked":"Power Through","floor":11},{"not_picked":["Blood for Blood","Searing Blow","Clash"],"picked":"SKIP","floor":14},{"not_picked":["Berserk","Limit Break"],"picked":"Barricade","floor":16},{"not_picked":["Rampage","Clothesline","Flex"],"picked":"SKIP","floor":18},{"not_picked":["Iron Wave","Dual Wield+1","Intimidate"],"picked":"SKIP","floor":22},{"not_picked":["Iron Wave","Dual Wield+1","Intimidate"],"picked":"SKIP","floor":22},{"not_picked":["Ghostly Armor+1","Body Slam"],"picked":"Wild Strike","floor":24},{"not_picked":["Feed","Berserk","Anger"],"picked":"SKIP","floor":25},{"not_picked":["Headbutt+1","Flex+1"],"picked":"Second Wind","floor":28}],"player_experience":501876,"relics_obtained":[{"floor":7,"key":"Lizard Tail"},{"floor":9,"key":"Dream Catcher"},{"floor":10,"key":"Oddly Smooth Stone"},{"floor":21,"key":"Red Mask"},{"floor":25,"key":"Strawberry"},{"floor":26,"key":"CeramicFish"}],"event_choices":[{"damage_healed":0,"gold_gain":100,"player_choice":"Pray","damage_taken":0,"max_hp_gain":0,"max_hp_loss":0,"event_name":"Golden Shrine","floor":4,"gold_loss":0},{"damage_healed":0,"gold_gain":0,"player_choice":"Read","damage_taken":0,"max_hp_gain":0,"max_hp_loss":0,"event_name":"The Library","floor":19,"gold_loss":0,"cards_obtained":["Evolve"]},{"damage_healed":0,"gold_gain":0,"player_choice":"Fought Bandits","damage_taken":0,"max_hp_gain":0,"max_hp_loss":0,"event_name":"Masked Bandits","floor":21,"gold_loss":0}],"is_beta":false,"boss_relics":[{"not_picked":["Runic Dome","Runic Cube"],"picked":"Velvet Choker"}],"items_purged_floors":[13,20],"is_endless":false,"potions_floor_spawned":[7,8,10,11,16,24,28],"killed_by":"Gremlin Leader","ascension_level":9}}