{"host":"i1h39d0gfh5c6uxl","time":1611666452,"event":{"mods":["AchievementEnabler","BaseMod","Colored Map","Colored Powertips","Highlight Path","Minty Spire (QoL Compilation)"],"gold_per_floor":[118,118,118,129,147,147,157,157,157,122,72,104,50,66,66,66,66],"floor_reached":16,"language":"ENG","playtime":933,"items_purged":[],"score":100,"play_id":"6583f02e-c793-478f-9571-e14d931af345","local_time":"20210126210732","is_ascension_mode":false,"campfire_choices":[{"data":"Body Slam","floor":6,"key":"SMITH"},{"floor":15,"key":"REST"}],"circlet_count":0,"master_deck":["Strike_R","Strike_R","Strike_R","Strike_R","Strike_R","Defend_R","Defend_R","Defend_R","Defend_R","Bash","Juggernaut","Twin Strike","Body Slam+1","Flame Barrier","Clothesline","Reaper","Pommel Strike","Pummel"],"relics":["Runic Cube","Red Skull","Matryoshka"],"acts_visited":["Exordium"],"potions_floor_usage":[12,12],"damage_taken":[{"damage":6,"enemies":"Jaw Worm","floor":1,"turns":3},{"damage":8,"enemies":"2 Louse","floor":4,"turns":3},{"damage":1,"enemies":"Cultist","floor":5,"turns":4},{"damage":26,"enemies":"Large Slime","floor":7,"turns":6},{"damage":24,"enemies":"Gremlin Nob","floor":12,"turns":5},{"damage":9,"enemies":"Blue Slaver","floor":14,"turns":3},{"damage":0,"enemies":"Hexaghost","floor":16,"turns":1}],"seed_played":"-5269569347865761366","potions_obtained":[{"floor":1,"key":"BloodPotion"},{"floor":7,"key":"EntropicBrew"}],"is_trial":false,"path_per_floor":["M","?","?","M","M","R","M","?","T","?","$","E","$","M","R","B"],"character_chosen":"IRONCLAD","items_purchased":["Clothesline","Pommel Strike"],"campfire_rested":1,"item_purchase_floors":[11,13],"current_hp_per_floor":[74,74,74,66,65,65,39,39,39,59,59,51,51,42,66,66,66],"gold":66,"neow_bonus":"BOSS_RELIC","is_daily":false,"chose_seed":false,"campfire_upgraded":1,"win_rate":0.0,"timestamp":1611666452,"path_taken":["M","?","?","M","?","R","M","?","T","?","$","E","?","M","R","BOSS"],"items_purchased_type":["Card","Card"],"build_version":"2020-12-22","purchased_purges":0,"victory":false,"max_hp_per_floor":[80,80,80,80,80,80,80,80,80,80,80,80,80,80,80,80,80],"card_choices":[{"not_picked":["Combust","Armaments","Seeing Red"],"picked":"SKIP","floor":1},{"not_picked":["Rupture","Heavy Blade"],"picked":"Twin Strike","floor":4},{"not_picked":["Metallicize","Dual Wield"],"picked":"Body Slam","floor":5},{"not_picked":["Sever Soul","Flex"],"picked":"Flame Barrier","floor":7},{"not_picked":["Blood for Blood","Iron Wave"],"picked":"Reaper","floor":12},{"not_picked":["Warcry","Sword Boomerang"],"picked":"Pummel","floor":14}],"player_experience":1384140,"relics_obtained":[{"floor":9,"key":"Red Skull"},{"floor":12,"key":"Matryoshka"}],"event_choices":[{"damage_healed":0,"gold_gain":0,"player_choice":"Ignored","damage_taken":0,"max_hp_gain":0,"max_hp_loss":0,"event_name":"Golden Wing","floor":2,"gold_loss":0},{"damage_healed":0,"gold_gain":0,"player_choice":"1 cards matched","damage_taken":0,"max_hp_gain":0,"max_hp_loss":0,"event_name":"Match and Keep!","floor":3,"gold_loss":0,"cards_obtained":["Juggernaut"]},{"damage_healed":0,"gold_gain":0,"player_choice":"Ignored","damage_taken":0,"max_hp_gain":0,"max_hp_loss":0,"event_name":"Shining Light","floor":8,"gold_loss":0},{"damage_healed":20,"gold_gain":0,"player_choice":"Healed","damage_taken":0,"max_hp_gain":0,"max_hp_loss":0,"event_name":"The Cleric","floor":10,"gold_loss":35}],"is_beta":false,"boss_relics":[],"items_purged_floors":[],"is_endless":false,"potions_floor_spawned":[1,7],"killed_by":"Hexaghost","ascension_level":0}}