{"host":"8is2j71l4wmybkoi","time":1611656489,"event":{"mods":["AchievementEnabler","BaseMod","Colored Map","Minty Spire (QoL Compilation)","Rare Cards Sparkle","StSLib","SuperFastMode"],"gold_per_floor":[119,130,280,52,63,63,63,106,106,106,106],"floor_reached":10,"language":"KOR","playtime":193,"items_purged":["Doubt"],"score":132,"play_id":"184590d5-7ee5-4cf3-8992-3966fe23debc","local_time":"20210126192129","is_ascension_mode":true,"campfire_choices":[{"data":"Creative AI","floor":6,"key":"SMITH"}],"circlet_count":0,"master_deck":["AscendersBane","Strike_B","Strike_B","Strike_B","Strike_B","Defend_B","Defend_B","Defend_B","Defend_B","Zap","Dualcast","Coolheaded","Cold Snap","Creative AI+1","Conserve Battery"],"relics":["Cracked Core","NeowsBlessing","Golden Idol","Toxic Egg 2","Shuriken"],"acts_visited":["Exordium"],"potions_floor_usage":[],"damage_taken":[{"damage":0,"enemies":"2 Louse","floor":1,"turns":1},{"damage":0,"enemies":"Small Slimes","floor":2,"turns":1},{"damage":0,"enemies":"Cultist","floor":5,"turns":1},{"damage":19,"enemies":"3 Sentries","floor":8,"turns":7},{"damage":49,"enemies":"Gremlin Nob","floor":10,"turns":5}],"seed_played":"-5253769661132751827","potions_obtained":[],"is_trial":false,"path_per_floor":["M","M","?","$","M","R","?","E","T","E"],"character_chosen":"DEFECT","items_purchased":["Creative AI"],"campfire_rested":0,"item_purchase_floors":[4],"current_hp_per_floor":[64,64,64,64,64,64,64,45,45,0,0],"gold":106,"neow_bonus":"THREE_ENEMY_KILL","is_daily":false,"chose_seed":false,"campfire_upgraded":1,"win_rate":0.0,"timestamp":1611656489,"path_taken":["M","M","?","$","M","R","?","E","T","E"],"items_purchased_type":["Card"],"build_version":"2020-12-22","purchased_purges":1,"victory":false,"max_hp_per_floor":[71,71,71,71,71,71,64,64,64,64,64],"card_choices":[{"not_picked":["Turbo","Hologram"],"picked":"Coolheaded","floor":1},{"not_picked":["Hologram","Barrage"],"picked":"Cold Snap","floor":2},{"not_picked":["Auto Shields","Blizzard"],"picked":"Conserve Battery","floor":5},{"not_picked":["Barrage","Creative AI","Streamline"],"picked":"SKIP","floor":8}],"player_experience":814075,"relics_obtained":[{"floor":8,"key":"Toxic Egg 2"},{"floor":9,"key":"Shuriken"}],"event_choices":[{"damage_healed":0,"gold_gain":150,"player_choice":"AGREE","damage_taken":0,"max_hp_gain":0,"max_hp_loss":0,"event_name":"Liars Game","floor":3,"gold_loss":0,"cards_obtained":["Doubt"]},{"damage_healed":0,"gold_gain":0,"player_choice":"Lose Max HP","damage_taken":0,"relics_obtained":["Golden Idol"],"max_hp_gain":0,"max_hp_loss":7,"event_name":"Golden Idol","floor":7,"gold_loss":0}],"is_beta":false,"boss_relics":[],"items_purged_floors":[4],"is_endless":false,"potions_floor_spawned":[],"killed_by":"Gremlin Nob","ascension_level":20}}