{"host":"snn1c4qsf0fj7fzf","time":1611622615,"event":{"mods":["AchievementEnabler","Aspiration","Astrologer","BaseMod","Colored Powertips","Downfall","Hermit","Infinite Spire","Lobotomy","Marisa????????","Minty Spire (QoL Compilation)","Random Character Button","Rare Cards Sparkle","Reimu??????","Reliquary","Replay The Spire","Shop Mod","Spire Arcade","StSLib","The Administrix","The Cursed","The Gatherer","The Hierophant","The Poker Player","The Runesmith","Wandering Minibosses"],"gold_per_floor":[117,117,267,37,56,56,84,84,110,141,159,159,178,210,210,313,313,330,330,330,230,258,258,285,299,323,336,336,336,336,361,361,361,361],"floor_reached":33,"language":"ENG","playtime":1594,"items_purged":["Defend_B","Strike_B","Strike_B"],"score":356,"play_id":"c8e21caf-94f1-44d5-b4fe-1d8d0c5c79b3","local_time":"20210126085655","is_ascension_mode":true,"campfire_choices":[{"floor":15.0,"key":"REST"},{"data":"Genetic Algorithm","floor":23,"key":"SMITH"},{"data":"Capacitor","floor":32,"key":"SMITH"}],"circlet_count":0,"master_deck":["Defend_B","Defend_B","Zap+1","Dualcast+1","Capacitor+1","Genetic Algorithm+1","Ball Lightning+1","Gash","Sweeping Beam","BasicCrystalCard","Scrape","Gash","Electrodynamics","infinitespire:Collect","Sunder+1","Gash","Blizzard","Force Field"],"relics":["Cracked Core","Juzu Bracelet","Medical Kit","Dream Catcher","reliquary:IridiumChain","Bronze Scales","reliquary:BallBearing","infinitespire:Bottled Soul","Nloth\u0027s Gift","aspiration:AnachronicSnailShell","Red Mask","reliquary:Boomerang","War Paint","Iron Hammer","Anchor"],"acts_visited":["Exordium","TheCity"],"potions_floor_usage":[22,31,33],"damage_taken":[{"damage":0.0,"enemies":"Cultist","floor":1.0,"turns":3.0},{"damage":2.0,"enemies":"2 Louse","floor":5.0,"turns":2.0},{"damage":14.0,"enemies":"Lagavulin","floor":7.0,"turns":6.0},{"damage":31.0,"enemies":"Gremlin Nob","floor":10.0,"turns":4.0},{"damage":7.0,"enemies":"Jaw Worm","floor":11.0,"turns":2.0},{"damage":0.0,"enemies":"3 Louse","floor":13.0,"turns":1.0},{"damage":13.0,"enemies":"3 Sentries","floor":14.0,"turns":5.0},{"damage":17.0,"enemies":"Slime Boss","floor":16.0,"turns":7.0},{"damage":34,"enemies":"Shell Parasite","floor":18,"turns":5},{"damage":3,"enemies":"Masked Bandits","floor":22,"turns":2},{"damage":0,"enemies":"Gremlin Leader","floor":24,"turns":5},{"damage":0,"enemies":"Spheric Guardian","floor":25,"turns":2},{"damage":4,"enemies":"Cultist and Chosen","floor":27,"turns":4},{"damage":14,"enemies":"Nightmare","floor":31,"turns":6},{"damage":34,"enemies":"Automaton","floor":33,"turns":6}],"seed_played":"-7562457520691289663","potions_obtained":[{"floor":1.0,"key":"EntropicBrew"},{"floor":5.0,"key":"Block Potion"},{"floor":10.0,"key":"AttackPotion"},{"floor":13.0,"key":"Slimebound:ThreeZeroPotion"},{"floor":16.0,"key":"FearPotion"},{"floor":27,"key":"champ:CounterPotion"},{"floor":31,"key":"Reflective Coating"}],"is_trial":false,"path_per_floor":["M","?","?","$","M","?","E","T","T","E","M","?","M","E","R","B",null,"M","?","AVR","$","?","R","E","M","T","M","T","?","?","NM","R","B"],"character_chosen":"DEFECT","items_purchased":["Medical Kit"],"campfire_rested":1,"item_purchase_floors":[4],"current_hp_per_floor":[75,75,75,75,73,73,59,59,59,28,21,21,21,8,30,13,75,41,41,41,41,38,38,38,38,38,34,34,34,34,20,20,0,0],"gold":361,"neow_bonus":"RANDOM_COMMON_RELIC","is_daily":false,"chose_seed":false,"campfire_upgraded":2,"win_rate":0.0,"timestamp":1611622615,"path_taken":["M","?","?","?","M","?","E","?","T","E","M","?","M","E","R","BOSS","M","?","AVR","?","?","R","E","M","T","M","?","?","?","NM","R","BOSS"],"items_purchased_type":["Relic"],"build_version":"2020-12-22","purchased_purges":3,"victory":false,"max_hp_per_floor":[75,75,75,75,75,75,75,75,75,75,75,75,75,75,75,75,75,75,75,75,75,75,75,75,75,75,75,75,75,75,75,75,75,75],"card_choices":[{"not_picked":["Hello World","Hologram"],"picked":"Capacitor","floor":1.0},{"not_picked":["Compile Driver","Sunder"],"picked":"Genetic Algorithm","floor":5.0},{"not_picked":["Turbo","Rip and Tear"],"picked":"Gash","floor":7.0},{"not_picked":["Streamline","Steam"],"picked":"Sweeping Beam","floor":10.0},{"not_picked":["Streamline","Stack"],"picked":"BasicCrystalCard","floor":11.0},{"not_picked":["aspiration:Polymerization","Coolheaded"],"picked":"Scrape","floor":13.0},{"not_picked":["Double Energy","Streamline"],"picked":"Heatsinks","floor":14.0},{"not_picked":["Sweeping Beam","Rebound"],"picked":"Gash","floor":15.0},{"not_picked":["Rainbow","All For One"],"picked":"Electrodynamics","floor":16.0},{"not_picked":["FIFO Queue","BasicCrystalCard","Reprogram"],"picked":"SKIP","floor":18},{"not_picked":["Go for the Eyes","Cold Snap"],"picked":"Sunder+1","floor":22},{"not_picked":["ReplayTheSpireMod:GoodbyeWorld","Skim","Core Surge"],"picked":"SKIP","floor":24},{"not_picked":["Sunder","Rebound"],"picked":"Gash","floor":25},{"not_picked":["Redo","Lockon","Rebound"],"picked":"SKIP","floor":27},{"not_picked":["Cold Snap","Compile Driver+1"],"picked":"Force Field","floor":31}],"player_experience":322959,"relics_obtained":[{"floor":7.0,"key":"Dream Catcher"},{"floor":8.0,"key":"reliquary:IridiumChain"},{"floor":9.0,"key":"Bronze Scales"},{"floor":10.0,"key":"reliquary:BallBearing"},{"floor":14.0,"key":"infinitespire:Bottled Soul"},{"floor":22,"key":"Red Mask"},{"floor":24,"key":"reliquary:Boomerang"},{"floor":26,"key":"War Paint"},{"floor":28,"key":"Iron Hammer"},{"floor":31,"key":"Anchor"}],"event_choices":[{"cards_removed":["Defend_B"],"damage_healed":0.0,"max_hp_gain":0.0,"max_hp_loss":0.0,"gold_gain":0.0,"event_name":"Living Wall","player_choice":"Forget","floor":2.0,"gold_loss":0.0,"damage_taken":0.0},{"damage_healed":0,"gold_gain":0,"player_choice":"Traded Relic","damage_taken":0,"relics_obtained":["Nloth\u0027s Gift"],"max_hp_gain":0,"max_hp_loss":0,"event_name":"N\u0027loth","floor":19,"relics_lost":["aspiration:RunicSpoon"],"gold_loss":0},{"damage_healed":0,"gold_gain":0,"player_choice":"Fought Bandits","damage_taken":0,"max_hp_gain":0,"max_hp_loss":0,"event_name":"Masked Bandits","floor":22,"gold_loss":0},{"cards_removed":["Strike_B"],"damage_healed":0,"gold_gain":0,"player_choice":"Elegance","damage_taken":0,"max_hp_gain":0,"max_hp_loss":0,"event_name":"Back to Basics","floor":29,"gold_loss":0},{"damage_healed":0,"gold_gain":0,"cards_transformed":["Heatsinks"],"player_choice":"Transformed","damage_taken":0,"max_hp_gain":0,"max_hp_loss":0,"event_name":"Transmorgrifier","floor":30,"gold_loss":0,"cards_obtained":["Blizzard"]}],"is_beta":false,"boss_relics":[{"not_picked":["reliquary:RedPaperclip","Replay:Wanted Poster"],"picked":"aspiration:RunicSpoon"}],"items_purged_floors":[4,20,21],"is_endless":false,"potions_floor_spawned":[1,5,10,13,16,18,27,31],"killed_by":"Automaton","ascension_level":2}}