{"host":"h4qgcirtxz6qax9j","time":1611683435,"event":{"mods":["2.2 Compatiblity","AchievementEnabler","BaseMod","Colored Powertips","Custom Start","Hermit","Marisa£¨Ùöéë¡¡Øª×âÞÞ£©","Minty Spire (QoL Compilation)","Replay The Spire","StSLib","SuperFastMode","The Servant 0.9.4"],"gold_per_floor":[111,111,74,85,85,85,102,102,102,102,112,112,112,112,112,208,208,228,248,347,197,211,211,211],"floor_reached":23,"language":"KOR","playtime":452,"items_purged":[],"score":188,"play_id":"45572c2b-4e10-4ce2-ac4f-1f835b8effbb","local_time":"20210127025035","is_ascension_mode":true,"campfire_choices":[{"data":"WitchLeyline","floor":6,"key":"SMITH"},{"data":"ShootingEcho","floor":8,"key":"SMITH"},{"data":"UpSweep","floor":10,"key":"SMITH"},{"data":"WitchLeyline","floor":12,"key":"SMITH"},{"data":"MasterSpark","floor":15,"key":"SMITH"}],"circlet_count":0,"master_deck":["Strike_MRS+1","Defend_MRS","Defend_MRS","Defend_MRS","Defend_MRS","MasterSpark+1","UpSweep+1","Shame","Writhe","IllusionStar+1","6A+1","ManaConvection","UltimateShortwave+1","GalacticHalo+1","WitchLeyline+1","ShootingEcho+1","WitchLeyline+1","UltimateShortwave","WitchLeyline+1","ShootingEcho"],"relics":["MiniHakkero","Astrolabe","MealTicket","Meat on the Bone","Whetstone"],"acts_visited":["Exordium","TheCity"],"potions_floor_usage":[23,23],"damage_taken":[{"damage":8,"enemies":"Small Slimes","floor":1,"turns":3},{"damage":0,"enemies":"2 Louse","floor":4,"turns":3},{"damage":0,"enemies":"Jaw Worm","floor":7,"turns":3},{"damage":4,"enemies":"Looter","floor":11,"turns":3},{"damage":62,"enemies":"Hexaghost","floor":16,"turns":11},{"damage":0,"enemies":"Spheric Guardian","floor":18,"turns":2},{"damage":29,"enemies":"3 Byrds","floor":19,"turns":6},{"damage":23,"enemies":"3 Cultists","floor":22,"turns":5},{"damage":41,"enemies":"Slavers","floor":23,"turns":2}],"seed_played":"-1857918947057713239","potions_obtained":[{"floor":1,"key":"Elixir"},{"floor":4,"key":"Fire Potion"}],"is_trial":false,"path_per_floor":["M","?","$","M","?","R","M","R","T","R","M","R","$","?","R","B",null,"M","M","?","$","M","E"],"character_chosen":"MARISA","items_purchased":["GalacticHalo+1","Whetstone"],"campfire_rested":0,"item_purchase_floors":[3,21],"current_hp_per_floor":[67,67,67,67,60,60,60,60,60,60,56,56,71,71,71,21,75,75,46,46,61,38,0,0],"gold":211,"neow_bonus":"CURSED_BOSS_RELIC","is_daily":false,"chose_seed":false,"campfire_upgraded":5,"win_rate":0.0,"timestamp":1611683435,"path_taken":["M","?","$","M","?","R","M","R","T","R","M","R","$","?","R","BOSS","M","M","?","$","M","E"],"items_purchased_type":["Card","Relic"],"build_version":"2020-12-22","purchased_purges":0,"victory":false,"max_hp_per_floor":[75,75,75,75,75,75,75,75,75,75,75,75,75,75,75,75,75,75,75,75,75,75,75,75],"card_choices":[{"not_picked":["NonDirectionalLaser","GrandCross"],"picked":"ManaConvection","floor":1},{"not_picked":["WitchOfGreed","Singularity"],"picked":"WitchLeyline","floor":4},{"not_picked":["PowerUp","IllusionStar"],"picked":"ShootingEcho","floor":7},{"not_picked":["PropBag","ChargingUp"],"picked":"WitchLeyline","floor":11},{"not_picked":["JA","BlazingStar"],"picked":"UltimateShortwave","floor":16},{"not_picked":["MysteriousBeam+1","LuminesStrike"],"picked":"WitchLeyline+1","floor":18},{"not_picked":["OpenUniverse","IllusionStar+1","UnstableBomb"],"picked":"SKIP","floor":19},{"not_picked":["RefractionSpark","Orbital+1"],"picked":"ShootingEcho","floor":22}],"player_experience":110867,"relics_obtained":[{"floor":9,"key":"Meat on the Bone"}],"event_choices":[{"damage_healed":0,"gold_gain":0,"player_choice":"Success","damage_taken":7,"relics_obtained":["MealTicket"],"max_hp_gain":0,"max_hp_loss":0,"event_name":"Scrap Ooze","floor":5,"gold_loss":0},{"damage_healed":0,"gold_gain":99,"player_choice":"Stole From Cult","damage_taken":0,"max_hp_gain":0,"max_hp_loss":0,"event_name":"Nest","floor":20,"gold_loss":0}],"is_beta":false,"boss_relics":[{"not_picked":["Pandora\u0027s Box","Coffee Dripper","Fusion Hammer"]}],"items_purged_floors":[],"is_endless":false,"potions_floor_spawned":[1,4],"killed_by":"Slavers","ascension_level":1}}