{"host":"avq773cl9g5msfol","time":1611644912,"event":{"mods":["100% Spire Juice","AchievementEnabler","Act Like it!","Ascension Unlocker","Aspiration","Astrologer","Bard","Bartender","BaseMod","Better Altar","Better Third Choice","BetterRewards","CapriCore","ChefMod","Colored Map","Colored Powertips","Conspire","Dio Mod","Downfall","Elementarium","Energized Spire","Gensokyo","GifTheSpireLib","GungeonMod","Hallownest","Hermit","Highlight Path","Hubris","Humility","Infinite Spire","Jorbs\u0027s Wanderer Trilogy","Koishi","Magitek Elite","Marisa????????","Marked Mod","Menagerie","Minty Spire (QoL Compilation)","Optimize The Spire","Pale of the Ancients","Potionbrewer","Quarter Circle Forward PUNCH!","Rare Cards Sparkle","Reimu??????","Relic Stats","Reliquary","Remilia??????","Replay The Spire","SacredBarkPlus","Shade Mod","Somnambulant","Spicy Shops","Spire Arcade","StSLib","The Administrix","The Blue Laboratory","The Bug Knight","The Construct","The Cursed","The Disciple","The Dragon Tamer","The Exalted","The Hayseed","The Hierophant","The Immortal","The Marked","The Mystic","The Problem Sleuth","The Runesmith","The Senshi","The Vixen","The Wild Card","TheFirefly","Wandering Minibosses","Yakumo Yukari mod","vexMod"],"gold_per_floor":[109,109,309,227,240,240,240,256,256,271,305,319,330,365,365,441,441,456,487,487,517,531,531,557,572,572,599,286,316,329,329,329,402,402,417,417,417,417,417,449,459,491,491,518,537,552,206,239,239,239,239],"floor_reached":52,"language":"ENG","playtime":4395,"items_purged":["Decay","bronze:OilSpill+1"],"score":3396,"play_id":"e0517d6e-8b3d-4047-8ccc-f7bde081d7ed","local_time":"20210126140832","is_ascension_mode":true,"campfire_choices":[{"data":"bronze:Flail","floor":6,"key":"SMITH"},{"data":"bronze:Goto","floor":15,"key":"SMITH"},{"data":"bronze:FineTuning","floor":23,"key":"SMITH"},{"data":"bronze:Boost","floor":32,"key":"SMITH"},{"data":"Gensokyo:SlitMouthedWoman","floor":49,"key":"SMITH"}],"circlet_count":0,"master_deck":["AscendersBane","bronze:Replicate","bronze:Goto+1","bronze:Overheat+1","bronze:OilSpill+1","bronze:Repulsor+1","bronze:WhirlingStrike+1","bronze:CutThrough+1","bronze:GetLatest+1","bronze:MaxOutput+1","bronze:Turbo+1","bronze:Fortify+1","bronze:Safeguard+1","bronze:MaxOutput+1","Panacea+1","bronze:TinkerersToolbox+1","bronze:ItsAFeature+1","bronze:Turbo+1","bronze:InfiniteLoop+1","bronze:Frontload+1","bronze:ChildClass+1","bronze:Iterate+1","bronze:CleanCode+1","bronze:Allocate+1","bronze:Flail+1","bronze:Boost+1","bronze:Terminator","bronze:AlphaBuild+1","bronze:FineTuning+1","bronze:BurnOut+1","bronze:NullPointer","bronze:Format+1","Gensokyo:UnlikelyAid+1","bronze:ThunderWave+1","bronze:Assembly+1","bronze:Shield+1","Gensokyo:SlitMouthedWoman+1","bronze:Mutator+1","bronze:FunctionCard"],"relics":["bronze:PlatinumCore","Golden Egg","Quantum Egg","champ:DeflectingBracers","ReplayTheSpireMod:Ninjato","DemoMod:OrangeGuonStone","DemoMod:WhiteGuonStone","bronze:DonusWashers","Calipers","theSenshi:SuperSailorFukuRelic","HollowMod:JonisBlessing","Bronze Scales","reliquary:JackalopeAntler","reliquary:Firecrackers","reliquary:Knoch","Membership Card","Juzu Bracelet","DemoMod:GlassGuonStoneRelic","hexamod:BolsterEngine","wanderingMiniBosses:CarrionFlame","Darkstone Periapt","aspiration:Lifesprig","Gem_Box","Hallownest:StagBellRelic1","reliquary:ExpiredCoupon","reliquary:PrincelyHelmet","conspire:Dentures","Bromod:ArcaneFury","Tintinnabulum","Eternal Feather","hubris:CuriousFeather","Bromod:ArcaneNullifier","Replay:WaspNest","Vajra","OrangePellets"],"acts_visited":["Menagerie:Menagerie","Hallownest:CityofTears","Gensokyo:Gensokyoest"],"potions_floor_usage":[5,18,33,37,37,37,37,37,48],"damage_taken":[{"damage":0,"enemies":"Menagerie:2_RABBITS","floor":1,"turns":2},{"damage":0,"enemies":"Menagerie:StygianBoar","floor":5,"turns":6},{"damage":0,"enemies":"Menagerie:WhisperingWraith","floor":8,"turns":2},{"damage":0,"enemies":"Menagerie:BEAST_MAGE_AND_PROWLING_AMALGAM","floor":10,"turns":2},{"damage":0,"enemies":"Menagerie:Hydra","floor":11,"turns":2},{"damage":0,"enemies":"Menagerie:STYGIAN_BOAR_AND_WHISPERING_WRAITH","floor":12,"turns":3},{"damage":0,"enemies":"Menagerie:RedMage","floor":13,"turns":2},{"damage":0,"enemies":"Menagerie:VoidReaper","floor":14,"turns":2},{"damage":0,"enemies":"Menagerie:Suneater","floor":16,"turns":4},{"damage":0,"enemies":"Hallownest:Flukemon_and_Top","floor":18,"turns":2},{"damage":0,"enemies":"Hallownest:Nosk","floor":19,"turns":4},{"damage":0,"enemies":"Hallownest:3_Youths","floor":22,"turns":3},{"damage":0,"enemies":"Hallownest:eliteSoulWarrior","floor":24,"turns":4},{"damage":0,"enemies":"Hallownest:3_Mistakes","floor":25,"turns":2},{"damage":0,"enemies":"Hallownest:eliteWatcherKnight","floor":27,"turns":6},{"damage":0,"enemies":"Hallownest:Nosk","floor":29,"turns":3},{"damage":0,"enemies":"Hallownest:monsterShrumalOgre","floor":30,"turns":1},{"damage":0,"enemies":"Hallownest:BossMantisLord","floor":33,"turns":2},{"damage":0,"enemies":"Gensokyo:AncientGuardian","floor":35,"turns":2},{"damage":0,"enemies":"Gensokyo:AncientGuardian","floor":37,"turns":5},{"damage":0,"enemies":"Gensokyo:Marisa","floor":40,"turns":2},{"damage":0,"enemies":"Gensokyo:3_Boulders","floor":41,"turns":2},{"damage":0,"enemies":"Gensokyo:Doremy","floor":42,"turns":3},{"damage":0,"enemies":"Gensokyo:Kasen","floor":44,"turns":3},{"damage":0,"enemies":"Gensokyo:4_Bats","floor":45,"turns":1},{"damage":0,"enemies":"Gensokyo:SeedOfUnknown","floor":46,"turns":2},{"damage":0,"enemies":"Gensokyo:Doremy","floor":48,"turns":3},{"damage":0,"enemies":"Gensokyo:Shinki","floor":50,"turns":6},{"damage":0,"enemies":"Gensokyo:Yuyuko","floor":51,"turns":2}],"seed_played":"-3122080478183773144","potions_obtained":[{"floor":24,"key":"Swift Potion"}],"is_trial":false,"path_per_floor":["M","?","?","$","M","R","?","M","T","M","E","M","M","E","R","B",null,"M","E","?","?","M","R","E","M","T","E","$","E","M","?","R","B",null,"M","?","?","?","T","E","M","E","T","E","M","M","COS","E","R","B","B",null],"character_chosen":"THE_AUTOMATON","items_purchased":["champ:DeflectingBracers","ReplayTheSpireMod:Ninjato","bronze:Turbo","bronze:Fortify","bronze:Safeguard","bronze:MaxOutput","DemoMod:OrangeGuonStone","DemoMod:WhiteGuonStone","bronze:DonusWashers","bronze:OilSpill","blueLaboratory:FruitPunch","bronze:DelayedGuard","Panacea","bronze:TinkerersToolbox","bronze:ItsAFeature","bronze:Turbo","bronze:InfiniteLoop","bronze:Frontload","Calipers","theSenshi:SuperSailorFukuRelic","bronze:ChildClass","bronze:Iterate","bronze:Frontload","bronze:CleanCode","qcfpunch:Challenger_Coin","HollowMod:JonisBlessing","Bronze Scales","reliquary:JackalopeAntler","reliquary:Firecrackers","reliquary:Knoch","Membership Card","bronze:Allocate","theSenshi:FeatherClipsRelic","hexamod:BolsterEngine","conspire:Dentures","Bromod:ArcaneFury"],"campfire_rested":0,"item_purchase_floors":[0,0,0,0,0,0,0,0,0,0,0,0,0,0,0,0,0,0,0,0,0,0,0,0,0,0,0,0,0,0,0,0,0,4,28,28],"current_hp_per_floor":[57,57,57,57,57,57,57,57,57,57,57,57,57,57,57,57,62,62,62,63,63,63,63,63,63,63,63,63,63,63,63,63,63,63,63,63,63,63,63,63,63,63,63,63,63,63,63,63,63,63,63],"gold":239,"neow_bonus":"","is_daily":false,"chose_seed":false,"campfire_upgraded":5,"win_rate":0.0,"timestamp":1611644912,"path_taken":["M","?","?","?","M","R","?","M","T","M","E","M","M","E","R","BOSS","M","E","?","?","M","R","E","M","T","E","$","E","M","?","R","BOSS","M","?","?","?","?","E","M","E","T","E","M","M","COS","E","R","BOSS","BOSS"],"items_purchased_type":["Relic","Relic","Card","Card","Card","Card","Relic","Relic","Relic","Card","Potion","Card","Card","Card","Card","Card","Card","Card","Relic","Relic","Card","Card","Card","Card","Potion","Relic","Relic","Relic","Relic","Relic","Relic","Card","Relic","Relic","Relic","Relic"],"build_version":"2020-12-22","purchased_purges":2,"victory":true,"max_hp_per_floor":[63,63,63,63,63,63,63,63,63,63,63,63,63,63,63,63,63,63,63,63,63,63,63,63,63,63,63,63,63,63,63,63,63,63,63,63,63,63,63,63,63,63,63,63,63,63,63,63,63,63,63],"relic_stats":{"Darkstone Periapt":0,"OrangePellets":[47],"counters":[122,339],"Bronze Scales":[251],"Eternal Feather":0,"Juzu Bracelet":1,"obtain_stats":[{"Golden Egg":0,"Bromod:ArcaneNullifier":42,"downfall:HeartBlessingGreen":43,"Bottled Tornado":13,"vexMod:InvisibilityCloak":6,"conspire:GlowingRock":0,"vexMod:CardConverter":22,"champ:FightingForDummies":42,"construct:RocketBooster":0,"Hallownest:SoulVesselRelic":46,"TentaclePot:ReiMu":0,"DemoMod:OrangeGuonStone":0,"HollowMod:JonisBlessing":37,"Eternal Feather":39,"Guardian:PocketSentry":3,"Tintinnabulum":29,"Pandora\u0027s Box":0,"Bromod:ArcaneFury":28,"vexMod:PlasmaPancake":39,"aspiration:Lifesprig":10,"sneckomod:BlankCard":0,"Bromod:ArcaneVictory":42,"champ:ChampionCrown":0,"hubris:EmptyBottle":53,"Hallownest:GodTamersBeastRelic":45,"hubris:Backtick":22,"hubris:CuriousFeather":22,"energizedSpire:HugeHouse":17,"aspiration:FutureDiary":34,"wanderingMiniBosses:LockLocket":23,"downfall:HeartBlessingRed":18,"hubris:64BitClover":1,"qcfpunch:Black_Training_Shirt":53,"bronze:DecasWashers":0,"DemoMod:WeirdEgg":0,"DemoMod:PinkGuonStone":43,"champ:DeflectingBracers":0,"Omamori":40,"Protect_Vest":11,"Bromod:ArcaneMomentum":39,"bronze:BronzeIdol":26,"PureWhite:ReiMu":0,"bronze:ProtectiveGoggles":0,"hexamod:BolsterEngine":4,"ReplayTheSpireMod:Lightbulb":31,"infinitespire:Midas Blood":30,"hubris:CrystalStatue":0,"Tiny House":34,"Calipers":0,"Gremlin Horn":0,"Vajra":44,"DemoMod:GlassGuonStoneRelic":2,"theSenshi:FeatherClipsRelic":0,"potionbrewer:RamsHorn":41,"Toxic Egg 2":0,"DemoMod:ClearGuonStone":0,"conspire:Dentures":28,"Happy Flower":7,"DemoMod:Orange":0,"Oddly Smooth Stone":12,"reliquary:JackalopeAntler":0,"OrangePellets":0,"wanderingMiniBosses:Blackblade":9,"PaintedHorse:ReiMu":3,"Bronze Scales":0,"Molten Egg 2":0,"infinitespire:EmpoweringShard":14,"ReplayTheSpireMod:TigerMarble":0,"reliquary:Knoch":0,"bronze:SilverBullet":0,"bronze:MakeshiftBattery":44,"Darkstone Periapt":11,"bronze:PlatinumCore":17,"theSenshi:SuperSailorFukuRelic":0,"Hallownest:StagBellRelic1":21,"bronze:BronzeCore":0,"reliquary:PrincelyHelmet":26,"Angel_Ring":7,"reliquary:Firecrackers":0,"hubris:SlimyHat":0,"expansioncontent:StudyCardRelic":19,"Juzu Bracelet":0,"DemoMod:WhiteGuonStone":0,"qcfpunch:Green_Leotard":40,"downfall:HeartBlessingBlue":11,"Mummified Hand":27,"Slimebound:StickyStick":13,"qcfpunch:Wrestler\u0027s_Cloak":0,"TheSimpletonMod:PicklingJar":48,"energizedSpire:RedRose":46,"qcfpunch:Army_Boots":10,"bronze:DonusWashers":0,"ReplayTheSpireMod:Ninjato":0,"infinitespire:CursedDice":25,"Quantum Egg":0,"champ:ChampionCrownUpgraded":17,"Replay:WaspNest":25,"Orichalcum":41,"reliquary:ExpiredCoupon":24,"Anchor":25,"Golden_Hairpin":34,"wanderingMiniBosses:CarrionFlame":5,"Membership Card":0,"Gem_Box":17,"potionbrewer:Keyblade":46,"RuthlessExorcism:ReiMu":24,"ReplayTheSpireMod:ShopPack":44},{"Golden Egg":34,"Bromod:ArcaneNullifier":116,"downfall:HeartBlessingGreen":56,"Bottled Tornado":8,"vexMod:InvisibilityCloak":37,"conspire:GlowingRock":64,"vexMod:CardConverter":13,"champ:FightingForDummies":26,"construct:RocketBooster":34,"Hallownest:SoulVesselRelic":30,"TentaclePot:ReiMu":34,"DemoMod:OrangeGuonStone":93,"HollowMod:JonisBlessing":54,"Eternal Feather":113,"Guardian:PocketSentry":35,"Tintinnabulum":109,"Pandora\u0027s Box":0,"Bromod:ArcaneFury":49,"vexMod:PlasmaPancake":24,"aspiration:Lifesprig":7,"sneckomod:BlankCard":64,"Bromod:ArcaneVictory":89,"champ:ChampionCrown":0,"hubris:EmptyBottle":62,"Hallownest:GodTamersBeastRelic":30,"hubris:Backtick":13,"hubris:CuriousFeather":13,"energizedSpire:HugeHouse":74,"aspiration:FutureDiary":21,"wanderingMiniBosses:LockLocket":46,"downfall:HeartBlessingRed":43,"hubris:64BitClover":0,"qcfpunch:Black_Training_Shirt":62,"bronze:DecasWashers":64,"DemoMod:WeirdEgg":64,"DemoMod:PinkGuonStone":89,"champ:DeflectingBracers":93,"Omamori":25,"Protect_Vest":39,"Bromod:ArcaneMomentum":54,"bronze:BronzeIdol":79,"PureWhite:ReiMu":64,"bronze:ProtectiveGoggles":64,"hexamod:BolsterEngine":94,"ReplayTheSpireMod:Lightbulb":19,"infinitespire:Midas Blood":81,"hubris:CrystalStatue":34,"Tiny House":53,"Calipers":93,"Gremlin Horn":34,"Vajra":117,"DemoMod:GlassGuonStoneRelic":1,"theSenshi:FeatherClipsRelic":93,"potionbrewer:RamsHorn":55,"Toxic Egg 2":0,"DemoMod:ClearGuonStone":64,"conspire:Dentures":108,"Happy Flower":37,"DemoMod:Orange":64,"Oddly Smooth Stone":8,"reliquary:JackalopeAntler":93,"OrangePellets":34,"wanderingMiniBosses:Blackblade":6,"PaintedHorse:ReiMu":1,"Bronze Scales":93,"Molten Egg 2":0,"infinitespire:EmpoweringShard":9,"ReplayTheSpireMod:TigerMarble":64,"reliquary:Knoch":93,"bronze:SilverBullet":34,"bronze:MakeshiftBattery":26,"Darkstone Periapt":98,"bronze:PlatinumCore":43,"theSenshi:SuperSailorFukuRelic":93,"Hallownest:StagBellRelic1":104,"bronze:BronzeCore":34,"reliquary:PrincelyHelmet":107,"Angel_Ring":69,"reliquary:Firecrackers":93,"hubris:SlimyHat":34,"expansioncontent:StudyCardRelic":75,"Juzu Bracelet":93,"DemoMod:WhiteGuonStone":93,"qcfpunch:Green_Leotard":88,"downfall:HeartBlessingBlue":7,"Mummified Hand":16,"Slimebound:StickyStick":72,"qcfpunch:Wrestler\u0027s_Cloak":34,"TheSimpletonMod:PicklingJar":32,"energizedSpire:RedRose":58,"qcfpunch:Army_Boots":71,"bronze:DonusWashers":64,"ReplayTheSpireMod:Ninjato":93,"infinitespire:CursedDice":79,"Quantum Egg":34,"champ:ChampionCrownUpgraded":11,"Replay:WaspNest":47,"Orichalcum":25,"reliquary:ExpiredCoupon":106,"Anchor":47,"Golden_Hairpin":83,"wanderingMiniBosses:CarrionFlame":95,"Membership Card":64,"Gem_Box":102,"potionbrewer:Keyblade":58,"RuthlessExorcism:ReiMu":13,"ReplayTheSpireMod:ShopPack":26},{"Golden Egg":81,"Bromod:ArcaneNullifier":322,"downfall:HeartBlessingGreen":142,"Bottled Tornado":20,"vexMod:InvisibilityCloak":90,"conspire:GlowingRock":184,"vexMod:CardConverter":31,"champ:FightingForDummies":61,"construct:RocketBooster":81,"Hallownest:SoulVesselRelic":70,"TentaclePot:ReiMu":81,"DemoMod:OrangeGuonStone":256,"HollowMod:JonisBlessing":138,"Eternal Feather":315,"Guardian:PocketSentry":83,"Tintinnabulum":305,"Pandora\u0027s Box":0,"Bromod:ArcaneFury":123,"vexMod:PlasmaPancake":56,"aspiration:Lifesprig":17,"sneckomod:BlankCard":184,"Bromod:ArcaneVictory":244,"champ:ChampionCrown":0,"hubris:EmptyBottle":167,"Hallownest:GodTamersBeastRelic":70,"hubris:Backtick":31,"hubris:CuriousFeather":31,"energizedSpire:HugeHouse":199,"aspiration:FutureDiary":50,"wanderingMiniBosses:LockLocket":113,"downfall:HeartBlessingRed":105,"hubris:64BitClover":0,"qcfpunch:Black_Training_Shirt":167,"bronze:DecasWashers":184,"DemoMod:WeirdEgg":184,"DemoMod:PinkGuonStone":244,"champ:DeflectingBracers":256,"Omamori":59,"Protect_Vest":96,"Bromod:ArcaneMomentum":138,"bronze:BronzeIdol":215,"PureWhite:ReiMu":184,"bronze:ProtectiveGoggles":184,"hexamod:BolsterEngine":258,"ReplayTheSpireMod:Lightbulb":46,"infinitespire:Midas Blood":219,"hubris:CrystalStatue":81,"Tiny House":136,"Calipers":256,"Gremlin Horn":81,"Vajra":325,"DemoMod:GlassGuonStoneRelic":2,"theSenshi:FeatherClipsRelic":256,"potionbrewer:RamsHorn":140,"Toxic Egg 2":0,"DemoMod:ClearGuonStone":184,"conspire:Dentures":302,"Happy Flower":90,"DemoMod:Orange":184,"Oddly Smooth Stone":20,"reliquary:JackalopeAntler":256,"OrangePellets":81,"wanderingMiniBosses:Blackblade":14,"PaintedHorse:ReiMu":2,"Bronze Scales":256,"Molten Egg 2":0,"infinitespire:EmpoweringShard":23,"ReplayTheSpireMod:TigerMarble":184,"reliquary:Knoch":256,"bronze:SilverBullet":81,"bronze:MakeshiftBattery":61,"Darkstone Periapt":270,"bronze:PlatinumCore":105,"theSenshi:SuperSailorFukuRelic":256,"Hallownest:StagBellRelic1":287,"bronze:BronzeCore":81,"reliquary:PrincelyHelmet":296,"Angel_Ring":190,"reliquary:Firecrackers":256,"hubris:SlimyHat":81,"expansioncontent:StudyCardRelic":201,"Juzu Bracelet":256,"DemoMod:WhiteGuonStone":256,"qcfpunch:Green_Leotard":243,"downfall:HeartBlessingBlue":17,"Mummified Hand":37,"Slimebound:StickyStick":193,"qcfpunch:Wrestler\u0027s_Cloak":81,"TheSimpletonMod:PicklingJar":76,"energizedSpire:RedRose":147,"qcfpunch:Army_Boots":192,"bronze:DonusWashers":184,"ReplayTheSpireMod:Ninjato":256,"infinitespire:CursedDice":215,"Quantum Egg":81,"champ:ChampionCrownUpgraded":27,"Replay:WaspNest":116,"Orichalcum":59,"reliquary:ExpiredCoupon":294,"Anchor":116,"Golden_Hairpin":230,"wanderingMiniBosses:CarrionFlame":264,"Membership Card":184,"Gem_Box":281,"potionbrewer:Keyblade":147,"RuthlessExorcism:ReiMu":31,"ReplayTheSpireMod:ShopPack":61}]},"card_choices":[{"not_picked":["bronze:WildBeam","bronze:DelayedGuard"],"picked":"bronze:Flail","floor":1},{"not_picked":["bronze:Allocate","bronze:Separator","bronze:DelayedSlice"],"picked":"SKIP","floor":5},{"not_picked":["bronze:BitShift","bronze:Separator","bronze:Backtrace"],"picked":"SKIP","floor":8},{"not_picked":["bronze:ForceShield","bronze:DigitalCarnage"],"picked":"bronze:Boost","floor":10},{"not_picked":["bronze:Separator","bronze:DigitalCarnage","bronze:Branch"],"picked":"SKIP","floor":11},{"not_picked":["bronze:ForceShield","bronze:Shield","bronze:Constructor"],"picked":"SKIP","floor":12},{"not_picked":["bronze:WildBeam","bronze:ItsAFeature","bronze:BitShift"],"picked":"SKIP","floor":13},{"not_picked":["bronze:ChildClass","bronze:Optimize"],"picked":"bronze:Terminator","floor":14},{"not_picked":["bronze:Virus","bronze:ThunderWave"],"picked":"bronze:AlphaBuild","floor":16},{"not_picked":["bronze:Constructor","bronze:Frontload","bronze:CloningBeam"],"picked":"SKIP","floor":18},{"not_picked":["bronze:Deprecate","bronze:BronzeOrb","bronze:DigitalCarnage"],"picked":"SKIP","floor":19},{"not_picked":["bronze:Fortify+1","bronze:Turbo"],"picked":"bronze:FineTuning","floor":22},{"not_picked":["bronze:BuggyMess","bronze:Refactor"],"picked":"bronze:BurnOut","floor":24},{"not_picked":["bronze:BitShift","bronze:DelayedGuard","bronze:ChosenStrike"],"picked":"SKIP","floor":25},{"not_picked":["bronze:ClassDefault","bronze:ChosenStrike","bronze:CleanCode"],"picked":"SKIP","floor":27},{"not_picked":["bronze:Iterate","bronze:ClassDefault","bronze:OilSpill"],"picked":"SKIP","floor":29},{"not_picked":["bronze:Terminator","bronze:Backtrace","bronze:Safeguard"],"picked":"SKIP","floor":30},{"not_picked":["bronze:CleanCode","bronze:BurnOut"],"picked":"bronze:Format","floor":33},{"not_picked":["bronze:Branch","bronze:Constructor","bronze:ForLoop"],"picked":"SKIP","floor":35},{"not_picked":["Gensokyo:RisingWorld+1","Gensokyo:LifeSpringInfinity+1"],"picked":"Gensokyo:UnlikelyAid+1","floor":37},{"not_picked":["bronze:Branch+1","bronze:DelayedSlice+1","bronze:DelayedGuard"],"picked":"SKIP","floor":40},{"not_picked":["bronze:OilSpill+1","bronze:Frontload"],"picked":"bronze:Assembly","floor":41},{"not_picked":["bronze:OilSpill","bronze:Allocate","bronze:Repulsor+1"],"picked":"SKIP","floor":42},{"not_picked":["bronze:Philosophize","bronze:ChosenStrike","bronze:FineTuning"],"picked":"SKIP","floor":44},{"not_picked":["bronze:Deprecate+1","bronze:BuggyMess+1"],"picked":"bronze:Shield+1","floor":45},{"not_picked":["bronze:Separator","bronze:Deprecate","bronze:Boost"],"picked":"SKIP","floor":46},{"not_picked":["bronze:Constructor+1","bronze:Repair+1"],"picked":"bronze:Mutator","floor":48}],"player_experience":1379336,"relics_obtained":[{"floor":5,"key":"wanderingMiniBosses:CarrionFlame"},{"floor":11,"key":"Darkstone Periapt"},{"floor":14,"key":"aspiration:Lifesprig"},{"floor":24,"key":"reliquary:ExpiredCoupon"},{"floor":26,"key":"reliquary:PrincelyHelmet"},{"floor":29,"key":"Tintinnabulum"},{"floor":39,"key":"Eternal Feather"},{"floor":40,"key":"hubris:CuriousFeather"},{"floor":42,"key":"Bromod:ArcaneNullifier"},{"floor":43,"key":"Replay:WaspNest"},{"floor":44,"key":"Vajra"}],"event_choices":[{"damage_healed":0,"gold_gain":0,"player_choice":"Ignore","damage_taken":0,"max_hp_gain":0,"max_hp_loss":0,"event_name":"Menagerie:ShimmeringGrove","floor":2,"gold_loss":0,"cards_obtained":["Strike_P"]},{"damage_healed":0,"gold_gain":200,"player_choice":"Raid","damage_taken":0,"max_hp_gain":0,"max_hp_loss":0,"event_name":"Menagerie:SpiderNest","floor":3,"gold_loss":0,"cards_obtained":["Shame"]},{"cards_removed":["Strike_P"],"damage_healed":0,"gold_gain":0,"player_choice":"Snake","damage_taken":0,"max_hp_gain":0,"max_hp_loss":0,"event_name":"Menagerie:ThreeAnimals","floor":7,"gold_loss":0}],"is_beta":false,"boss_relics":[{"not_picked":["SacredBark","Runesmith:UraniumAnvil"],"picked":"Gem_Box"},{"not_picked":["energizedSpire:StickyHand","aspiration:PoetsPen"],"picked":"bronze:PlatinumCore"}],"items_purged_floors":[0,0],"is_endless":false,"potions_floor_spawned":[5,11,14,22,24,29,33,41,46,48],"ascension_level":20,"is_humility":true}}