{"host":"axqzpfaj96olobtx","time":1611670885,"event":{"mods":["AchievementEnabler","BaseMod","Colored Map","Colored Powertips","Minty Spire (QoL Compilation)","Relic Stats","StSLib"],"gold_per_floor":[118,118,138,158,170,203,223,239,239,267,38,57,88,107,107,206,206,222,240,257,272,286,318,318,351,351,384,309,336,351,368,368,468,468,480,530,577,5,23,57,57,71,124,137,162,162,187,0,0,0],"floor_reached":51,"language":"ENG","playtime":2606,"items_purged":["Strike_P","Strike_P"],"score":1332,"play_id":"36d806cc-a500-4751-bc8e-3ae6c60aba1a","local_time":"20210126142125","is_ascension_mode":true,"campfire_choices":[{"data":"TalkToTheHand","floor":15.0,"key":"SMITH"},{"data":"WaveOfTheHand","floor":24.0,"key":"SMITH"},{"data":"ClearTheMind","floor":32.0,"key":"SMITH"},{"data":"Defend_P+1","floor":41,"key":"PURGE"},{"floor":46,"key":"REST"},{"data":"Defend_P+1","floor":49,"key":"PURGE"}],"circlet_count":0,"master_deck":["Strike_P+1","Defend_P+1","Defend_P+1","Eruption+1","Vigilance+1","WheelKick+1","Vault+1","ClearTheMind+1","EmptyFist+1","FlurryOfBlows+1","MentalFortress+1","CutThroughFate+1","LessonLearned+1","TalkToTheHand+1","Protect+1","Ragnarok+1","LikeWater+1","Halt+1","Crescendo+1","WaveOfTheHand+1","WheelKick+1","InnerPeace+1","Omniscience+1","Vengeance+1","Master of Strategy+1","DevaForm+1","FlurryOfBlows+1","Adaptation+1"],"relics":["HolyWater","Mercury Hourglass","Frozen Egg 2","Gambling Chip","War Paint","Shuriken","Sozu","Pen Nib","Du-Vu Doll","Meat on the Bone","Bottled Lightning","Damaru","Incense Burner","Peace Pipe","FossilizedHelix","Pantograph","PreservedInsect","Whetstone","Lantern","Red Mask"],"acts_visited":["Exordium","TheCity","TheBeyond"],"potions_floor_usage":[50],"damage_taken":[{"damage":0.0,"enemies":"2 Louse","floor":1.0,"turns":2.0},{"damage":0.0,"enemies":"Cultist","floor":3.0,"turns":3.0},{"damage":0.0,"enemies":"Jaw Worm","floor":4.0,"turns":4.0},{"damage":2.0,"enemies":"Looter","floor":5.0,"turns":4.0},{"damage":16.0,"enemies":"Lagavulin","floor":6.0,"turns":6.0},{"damage":8.0,"enemies":"Large Slime","floor":7.0,"turns":5.0},{"damage":0.0,"enemies":"Exordium Wildlife","floor":8.0,"turns":3.0},{"damage":0.0,"enemies":"Gremlin Nob","floor":10.0,"turns":3.0},{"damage":0.0,"enemies":"Gremlin Gang","floor":12.0,"turns":2.0},{"damage":2.0,"enemies":"Lagavulin","floor":13.0,"turns":7.0},{"damage":0.0,"enemies":"Large Slime","floor":14.0,"turns":4.0},{"damage":0.0,"enemies":"Slime Boss","floor":16.0,"turns":7.0},{"damage":0.0,"enemies":"Shell Parasite","floor":18.0,"turns":2.0},{"damage":0.0,"enemies":"2 Thieves","floor":19.0,"turns":4.0},{"damage":0.0,"enemies":"Centurion and Healer","floor":20.0,"turns":7.0},{"damage":0.0,"enemies":"3 Cultists","floor":21.0,"turns":6.0},{"damage":9.0,"enemies":"Snake Plant","floor":22.0,"turns":5.0},{"damage":5.0,"enemies":"Gremlin Leader","floor":23.0,"turns":8.0},{"damage":11.0,"enemies":"Slavers","floor":25.0,"turns":8.0},{"damage":0.0,"enemies":"Gremlin Leader","floor":27.0,"turns":5.0},{"damage":0.0,"enemies":"Book of Stabbing","floor":29.0,"turns":6.0},{"damage":2.0,"enemies":"Centurion and Healer","floor":30.0,"turns":3.0},{"damage":6.0,"enemies":"Shelled Parasite and Fungi","floor":31.0,"turns":2.0},{"damage":0.0,"enemies":"Automaton","floor":33.0,"turns":7.0},{"damage":0,"enemies":"3 Darklings","floor":35,"turns":3},{"damage":0,"enemies":"Mind Bloom Boss Battle","floor":36,"turns":5},{"damage":19,"enemies":"2 Orb Walkers","floor":37,"turns":4},{"damage":0,"enemies":"3 Shapes","floor":39,"turns":3},{"damage":0,"enemies":"Nemesis","floor":40,"turns":6},{"damage":0,"enemies":"3 Darklings","floor":42,"turns":5},{"damage":0,"enemies":"Spire Growth","floor":44,"turns":3},{"damage":0,"enemies":"Reptomancer","floor":45,"turns":2},{"damage":0,"enemies":"Giant Head","floor":47,"turns":4},{"damage":0,"enemies":"Time Eater","floor":50,"turns":7}],"seed_played":"-8057218432195579540","potions_obtained":[{"floor":0.0,"key":"SmokeBomb"},{"floor":0.0,"key":"EntropicBrew"},{"floor":0.0,"key":"LiquidBronze"},{"floor":7.0,"key":"Fruit Juice"},{"floor":8.0,"key":"Ancient Potion"},{"floor":10.0,"key":"GamblersBrew"},{"floor":12.0,"key":"BlessingOfTheForge"},{"floor":16.0,"key":"Fire Potion"}],"is_trial":false,"path_per_floor":["M","?","M","M","M","E","M","M","T","E","$","M","E","M","R","B",null,"M","M","M","M","M","E","R","E","T","E","?","E","M","M","R","B",null,"M","?","?","$","M","E","R","M","T","M","E","R","E","?","R","B",null],"character_chosen":"WATCHER","items_purchased":["War Paint","FossilizedHelix","Master of Strategy"],"campfire_rested":1,"item_purchase_floors":[11,38,38],"current_hp_per_floor":[72,72,72,72,70,54,46,51,51,51,51,51,49,49,49,49,77,77,77,77,77,68,63,63,52,52,52,52,52,50,44,44,44,77,77,77,58,58,58,58,58,58,58,58,58,77,77,77,77,77],"gold":0,"neow_bonus":"THREE_SMALL_POTIONS","is_daily":false,"chose_seed":false,"campfire_upgraded":3,"win_rate":0.0,"timestamp":1611670885,"path_taken":["M","?","M","M","M","E","M","M","T","E","$","M","E","M","R","BOSS","M","?","M","M","M","E","R","E","T","E","?","E","M","M","R","BOSS","M","?","?","$","M","E","R","M","T","M","E","R","E","?","R","BOSS"],"items_purchased_type":["Relic","Relic","Card"],"build_version":"2020-12-22","purchased_purges":2,"victory":true,"max_hp_per_floor":[72,72,72,72,72,72,72,77,77,77,77,77,77,77,77,77,77,77,77,77,77,77,77,77,77,77,77,77,77,77,77,77,77,77,77,77,77,77,77,77,77,77,77,77,77,77,77,77,77,77],"relic_stats":{"counters":[10,42],"Pen Nib":[11],"PreservedInsect":185,"Whetstone":["Ragnarok"],"War Paint":[],"Mercury Hourglass":[179],"Sozu":4,"Peace Pipe":2,"Shuriken":[23],"Gambling Chip":[23],"Pantograph":0,"obtain_stats":[{"Lantern":47,"Damaru":0,"Pen Nib":0,"PreservedInsect":43,"Incense Burner":36,"Whetstone":45,"Frozen Egg 2":0,"War Paint":0,"Mercury Hourglass":0,"Sozu":0,"Du-Vu Doll":0,"Peace Pipe":37,"Shuriken":0,"Gambling Chip":0,"Pantograph":40,"HolyWater":34,"Red Mask":48,"Bottled Lightning":0,"PureWater":0,"FossilizedHelix":38,"Meat on the Bone":0},{"Lantern":9,"Damaru":0,"Pen Nib":0,"PreservedInsect":6,"Incense Burner":2,"Whetstone":8,"Frozen Egg 2":0,"War Paint":0,"Mercury Hourglass":0,"Sozu":0,"Du-Vu Doll":0,"Peace Pipe":3,"Shuriken":0,"Gambling Chip":0,"Pantograph":5,"HolyWater":0,"Red Mask":9,"Bottled Lightning":0,"PureWater":0,"FossilizedHelix":3,"Meat on the Bone":0},{"Lantern":35,"Damaru":0,"Pen Nib":0,"PreservedInsect":26,"Incense Burner":8,"Whetstone":31,"Frozen Egg 2":0,"War Paint":0,"Mercury Hourglass":0,"Sozu":0,"Du-Vu Doll":0,"Peace Pipe":12,"Shuriken":0,"Gambling Chip":0,"Pantograph":21,"HolyWater":0,"Red Mask":35,"Bottled Lightning":0,"PureWater":0,"FossilizedHelix":12,"Meat on the Bone":0}],"Meat on the Bone":0},"card_choices":[{"not_picked":["FollowUp","Swivel"],"picked":"WheelKick","floor":1.0},{"not_picked":["WaveOfTheHand","Evaluate"],"picked":"ClearTheMind","floor":3.0},{"not_picked":["Pray","Perseverance"],"picked":"EmptyFist","floor":4.0},{"not_picked":["InnerPeace","FollowUp"],"picked":"FlurryOfBlows","floor":5.0},{"not_picked":["WaveOfTheHand","BattleHymn"],"picked":"MentalFortress","floor":6.0},{"not_picked":["Prostrate","SashWhip"],"picked":"CutThroughFate","floor":7.0},{"not_picked":["ThirdEye","Nirvana","Indignation"],"picked":"SKIP","floor":8.0},{"not_picked":["Vault","PathToVictory"],"picked":"LessonLearned","floor":10.0},{"not_picked":["Perseverance","BowlingBash","SashWhip"],"picked":"SKIP","floor":12.0},{"not_picked":["Vengeance","Indignation"],"picked":"TalkToTheHand","floor":13.0},{"not_picked":["Weave","Protect","Evaluate"],"picked":"SKIP","floor":14.0},{"not_picked":["Weave","Evaluate"],"picked":"Protect","floor":14.0},{"not_picked":["Brilliance","Alpha"],"picked":"Ragnarok","floor":16.0},{"not_picked":["Halt","Prostrate"],"picked":"LikeWater+1","floor":18.0},{"not_picked":["ClearTheMind","PathToVictory+1","Swivel"],"picked":"SKIP","floor":19.0},{"not_picked":["WindmillStrike","FlyingSleeves"],"picked":"Halt","floor":20.0},{"not_picked":["Evaluate","BattleHymn+1"],"picked":"Crescendo","floor":21.0},{"not_picked":["FlyingSleeves+1","EmptyFist"],"picked":"WaveOfTheHand","floor":22.0},{"not_picked":["Consecrate","PathToVictory","ThirdEye"],"picked":"SKIP","floor":23.0},{"not_picked":["EmptyFist","Protect","Worship"],"picked":"SKIP","floor":25.0},{"not_picked":["SignatureMove","Protect"],"picked":"WheelKick","floor":27.0},{"not_picked":["EmptyMind","CutThroughFate"],"picked":"InnerPeace","floor":29.0},{"not_picked":["FearNoEvil","JustLucky","FlyingSleeves"],"picked":"SKIP","floor":30.0},{"not_picked":["Perseverance","JustLucky","Blasphemy"],"picked":"SKIP","floor":31.0},{"not_picked":["Devotion+1","DevaForm+1"],"picked":"Omniscience","floor":33.0},{"not_picked":["Prostrate+1","JustLucky+1"],"picked":"Vengeance+1","floor":35},{"not_picked":["CutThroughFate","SashWhip","Evaluate+1"],"picked":"SKIP","floor":39},{"not_picked":["FollowUp","JustLucky"],"picked":"DevaForm+1","floor":40},{"not_picked":["Protect","Nirvana+1","JustLucky+1"],"picked":"SKIP","floor":42},{"not_picked":["Weave","FlyingSleeves+1","BowlingBash+1"],"picked":"SKIP","floor":44},{"not_picked":["SashWhip+1","FlyingSleeves+1"],"picked":"FlurryOfBlows+1","floor":45},{"not_picked":["Evaluate+1","CarveReality+1"],"picked":"Adaptation+1","floor":47}],"player_experience":36308,"relics_obtained":[{"floor":6.0,"key":"Mercury Hourglass"},{"floor":9.0,"key":"Frozen Egg 2"},{"floor":10.0,"key":"Gambling Chip"},{"floor":13.0,"key":"Shuriken"},{"floor":23.0,"key":"Pen Nib"},{"floor":25.0,"key":"Du-Vu Doll"},{"floor":26.0,"key":"Meat on the Bone"},{"floor":27.0,"key":"Bottled Lightning"},{"floor":29.0,"key":"Damaru"},{"floor":36,"key":"Incense Burner"},{"floor":37,"key":"Peace Pipe"},{"floor":40,"key":"Pantograph"},{"floor":43,"key":"PreservedInsect"},{"floor":45,"key":"Whetstone"},{"floor":47,"key":"Lantern"}],"event_choices":[{"damage_healed":0.0,"max_hp_gain":0.0,"max_hp_loss":0.0,"gold_gain":0.0,"event_name":"Match and Keep!","player_choice":"1 cards matched","floor":2.0,"gold_loss":0.0,"damage_taken":0.0,"cards_obtained":["Vault"]},{"cards_removed":["Strike_P"],"damage_healed":0.0,"max_hp_gain":0.0,"max_hp_loss":0.0,"gold_gain":0.0,"event_name":"Beggar","player_choice":"Gave Gold","floor":28.0,"gold_loss":75.0,"damage_taken":0.0},{"damage_healed":0,"gold_gain":0,"player_choice":"Fight","damage_taken":0,"max_hp_gain":0,"max_hp_loss":0,"event_name":"MindBloom","floor":36,"gold_loss":0},{"damage_healed":0,"gold_gain":0,"player_choice":"Fight","damage_taken":0,"max_hp_gain":0,"max_hp_loss":0,"event_name":"Mysterious Sphere","floor":37,"gold_loss":0},{"damage_healed":0,"gold_gain":0,"player_choice":"Paid","damage_taken":0,"relics_obtained":["Red Mask"],"max_hp_gain":0,"max_hp_loss":0,"event_name":"Tomb of Lord Red Mask","floor":48,"gold_loss":187}],"is_beta":false,"boss_relics":[{"not_picked":["Busted Crown","Runic Dome"],"picked":"Sozu"},{"not_picked":["SacredBark","Astrolabe"],"picked":"HolyWater"}],"items_purged_floors":[11,38],"is_endless":false,"potions_floor_spawned":[7,8,10,12,13,16,18,21,22,27,29,33,36,37,44,45,47],"ascension_level":2}}