{"host":"qy1e0kd24tpj3i2m","time":1611673980,"event":{"mods":["Act Like it!","Alarm Clock","BaseMod","Better Skull","Better Vampires","Colored Map","Colored Powertips","Custom Start","Faster Ascension Climbing","Friendly Minions","GifTheSpireLib","Gremlin Skip","Highlight Path","Minty Spire (QoL Compilation)","Permanent Neow","Poor People Problems","Quick Restart","Red Circlet Mod","Relic Filter Mod","Relic Sorter","Reorder Act Four","SacredBarkPlus","Shop Mod","StSLib","SuperFastMode","Transform Curses","没有小屋子和绿帽子啦"],"gold_per_floor":[19,19,19,39,39,67,79,91,103,145,157,169,169],"floor_reached":12,"language":"ZHS","playtime":240,"items_purged":[],"score":168,"play_id":"8eb77a32-3ffc-4b77-a549-33c96c747fd4","local_time":"20210127001300","is_ascension_mode":true,"campfire_choices":[{"data":"Sword Boomerang","floor":8.0,"key":"SMITH"},{"data":"Fire Breathing","floor":11,"key":"SMITH"}],"circlet_count":0,"master_deck":["AscendersBane","Strike_R","Strike_R","Strike_R","Strike_R","Defend_R","Defend_R","Defend_R","Whirlwind+1","Limit Break","Sword Boomerang+1","Burning Pact","Sentinel","Fire Breathing+1"],"relics":["Burning Blood","MawBank","Bottled Lightning","PreservedInsect"],"acts_visited":["Exordium"],"potions_floor_usage":[10],"damage_taken":[{"damage":9.0,"enemies":"Jaw Worm","floor":1.0,"turns":5.0},{"damage":6.0,"enemies":"Cultist","floor":4.0,"turns":3.0},{"damage":32.0,"enemies":"Gremlin Nob","floor":6.0,"turns":4.0},{"damage":26,"enemies":"3 Sentries","floor":10,"turns":4},{"damage":15,"enemies":"Lagavulin","floor":12,"turns":4}],"seed_played":"8963050192036944544","potions_obtained":[{"floor":1.0,"key":"Block Potion"},{"floor":3.0,"key":"Fruit Juice"},{"floor":3.0,"key":"SkillPotion"},{"floor":4.0,"key":"BlessingOfTheForge"}],"is_trial":false,"path_per_floor":["M","?","?","M","$","E","?","R","T","E","R","E"],"character_chosen":"IRONCLAD","items_purchased":[],"campfire_rested":0,"item_purchase_floors":[],"current_hp_per_floor":[65,65,70,70,70,44,44,44,44,24,24,9,9],"gold":169,"neow_bonus":"TRANSFORM_TWO_CARDS","is_daily":false,"chose_seed":false,"campfire_upgraded":2,"win_rate":0.0,"timestamp":1611673980,"path_taken":["M","?","?","?","$","E","?","R","T","E","R","E"],"items_purchased_type":[],"build_version":"2020-12-22","purchased_purges":0,"victory":false,"max_hp_per_floor":[75,75,80,80,80,80,80,80,80,80,80,80,80],"card_choices":[{"not_picked":["Reckless Charge","Pummel"],"picked":"Sword Boomerang","floor":1.0},{"not_picked":["True Grit","Clothesline"],"picked":"Burning Pact","floor":4.0},{"not_picked":["Sever Soul","Whirlwind"],"picked":"Sentinel","floor":6.0},{"not_picked":["Dual Wield","True Grit"],"picked":"Fire Breathing","floor":10}],"player_experience":946494,"relics_obtained":[{"floor":6.0,"key":"MawBank"},{"floor":9.0,"key":"Bottled Lightning"},{"floor":10,"key":"PreservedInsect"}],"event_choices":[{"damage_healed":0.0,"max_hp_gain":0.0,"max_hp_loss":0.0,"gold_gain":0.0,"event_name":"Living Wall","player_choice":"Grow","floor":2.0,"gold_loss":0.0,"damage_taken":0.0,"cards_upgraded":["Whirlwind"]},{"damage_healed":0.0,"max_hp_gain":0.0,"max_hp_loss":0.0,"gold_gain":0.0,"event_name":"Lab","player_choice":"Got Potions","floor":3.0,"gold_loss":0.0,"damage_taken":0.0},{"cards_removed":["Strike_R"],"damage_healed":0.0,"max_hp_gain":0.0,"max_hp_loss":0.0,"gold_gain":0.0,"event_name":"Purifier","player_choice":"Purged","floor":7.0,"gold_loss":0.0,"damage_taken":0.0}],"is_beta":false,"boss_relics":[],"items_purged_floors":[],"is_endless":false,"potions_floor_spawned":[1,4],"killed_by":"Lagavulin","ascension_level":20}}