{"host":"opyh6vr790e42ffe","time":1611693333,"event":{"mods":["BaseMod","Bestiary","Colored Map","Downfall","Highlight Path","Minty Spire (QoL Compilation)","Relic Stats","StSLib"],"gold_per_floor":[99,199,212,231,248,248,248,248],"floor_reached":6,"language":"ENG","playtime":566,"items_purged":[],"score":36,"play_id":"d4163439-a721-45a8-96ec-3274bea9348c","local_time":"20210126123533","is_ascension_mode":false,"campfire_choices":[{"floor":1,"key":"RECALL"}],"circlet_count":0,"master_deck":["champ:Strike","champ:Strike","champ:Strike","champ:Strike","champ:Defend","champ:Defend","champ:Defend","champ:Defend","champ:Execute","champ:Taunt","champ:StanceDance","champ:BerserkersShout","champ:Backstep","champ:AdrenalArmor"],"relics":["champ:ChampionCrown","Champion Belt"],"acts_visited":["Exordium"],"potions_floor_usage":[],"damage_taken":[{"damage":50,"enemies":"IC_BLOCK_ARCHETYPE","floor":2,"turns":5},{"damage":11,"enemies":"Cultist","floor":3,"turns":3},{"damage":21,"enemies":"Jaw Worm","floor":4,"turns":3},{"damage":13,"enemies":"2 Louse","floor":5,"turns":4},{"damage":111,"enemies":"Lagavulin","floor":6,"turns":8}],"seed_played":"5567181719942328982","potions_obtained":[{"floor":5,"key":"Fire Potion"}],"is_trial":false,"path_per_floor":["R","?","M","M","M","E"],"character_chosen":"THE_CHAMP","items_purchased":[],"campfire_rested":0,"item_purchase_floors":[],"current_hp_per_floor":[99,69,68,67,64,0,0,0],"gold":248,"neow_bonus":"TEN_PERCENT_HP_BONUS","is_daily":false,"chose_seed":false,"campfire_upgraded":0,"win_rate":0.0,"timestamp":1611693333,"path_taken":["R","?","M","M","M","E"],"items_purchased_type":[],"build_version":"2020-12-22","purchased_purges":0,"victory":false,"max_hp_per_floor":[99,99,99,99,99,99,99,99],"relic_stats":{"counters":[5,23],"Champion Belt":[0],"obtain_stats":[{"champ:ChampionCrown":0,"Champion Belt":2},{"champ:ChampionCrown":0,"Champion Belt":1},{"champ:ChampionCrown":0,"Champion Belt":5}]},"card_choices":[{"not_picked":["champ:GutPunch","champ:TornadoPunch"],"picked":"champ:StanceDance","floor":2},{"not_picked":["champ:Circumvent","champ:ShieldSlam"],"picked":"champ:BerserkersShout","floor":3},{"not_picked":["champ:FlashCut","champ:Parry"],"picked":"champ:Backstep","floor":4},{"not_picked":["champ:Backstep","champ:CrownThrow"],"picked":"champ:AdrenalArmor","floor":5}],"player_experience":2638382,"relics_obtained":[{"floor":2,"key":"Champion Belt"}],"event_choices":[],"is_beta":false,"boss_relics":[],"items_purged_floors":[],"is_endless":false,"potions_floor_spawned":[5],"killed_by":"Lagavulin","ascension_level":0}}