{"host":"atu1skz5iq69e5lr","time":1611686541,"event":{"mods":["AchievementEnabler","Aspiration","BaseMod","Colored Map","Conspire","Evolution","Friendly Minions","Highlight Path","HololiveMod","Hubris","Infinite Spire","Keyboard Shortcuts","Minty Spire (QoL Compilation)","Reliquary","Replay The Spire","Shop Mod","StSLib"],"gold_per_floor":[80,80,80,30,43,43,43,78,78,108,33,58,73,89,89,189,189,206,206,226,166,176,203,203,203,203,203,237,237,254,293,293,388,388,404,404,101,101,111,146,146,159,159,159,159,192,192,92,92,92],"floor_reached":51,"language":"ENG","playtime":2312,"items_purged":["Hololive_Trident","Sickly"],"score":1453,"play_id":"c3d8a321-f6e5-455c-a7bc-03f3c7eec5bb","local_time":"20210126194221","is_ascension_mode":true,"campfire_choices":[{"data":"Hololive_CallYozoraMel","floor":6,"key":"SMITH"},{"data":"Hololive_CallOzoraSubaru","floor":15,"key":"SMITH"},{"data":"Hololive_Spy","floor":24,"key":"SMITH"},{"data":"Hololive_CallKiryuuCoco","floor":29,"key":"SMITH"},{"data":"Hololive_Trident","floor":32,"key":"SMITH"},{"data":"Hololive_Thief","floor":41,"key":"SMITH"},{"data":"Hololive_CallAkiRosenthal","floor":45,"key":"SMITH"}],"circlet_count":0,"master_deck":["Hololive_Defend","Hololive_Defend+1","Hololive_CallAkiRosenthal+1","Hololive_CallYozoraMel+1","Hololive_CallMoonaHoshinova+1","Hololive_CallAmaneKanata+1","Hololive_HighAtkLowDef","Hololive_ASMR+1","Hololive_CallOzoraSubaru+1","Hololive_Trident+1","Hololive_Spy+1","Hololive_CallKiryuuCoco+1","Hololive_Thief+1","AbeCurse","Hololive_CocoNews+1","Hololive_CallUruhaRushia"],"relics":["Hololive_TheStar","EVO:Axolotl","Replay:Bottled Steam","infinitespire:Golems Mask","reliquary:TuningFork","Replay:Bottled Eggs","aspiration:FutureDiary","Nunchaku","reliquary:OuijaBoard","Bottled Flame","Ornamental Fan","reliquary:Buckler","Abe\u0027s Treasure","Happy Flower","Replay:Rubber Ducky","Regal Pillow","hubris:Towel","reliquary:ExpiredCoupon","ReplayTheSpireMod:Ring of Challenge","Ring of Peace"],"acts_visited":["Exordium","TheCity","TheBeyond"],"potions_floor_usage":[16,16,22,28,31,42,50,50],"damage_taken":[{"damage":0,"enemies":"2 Louse","floor":1,"turns":2},{"damage":0,"enemies":"conspire:RoseBush","floor":5,"turns":3},{"damage":0,"enemies":"Lagavulin","floor":8,"turns":4},{"damage":0,"enemies":"Gremlin Nob","floor":10,"turns":3},{"damage":0,"enemies":"Replay:BlueRogue","floor":12,"turns":4},{"damage":0,"enemies":"Small Slimes","floor":13,"turns":2},{"damage":0,"enemies":"3 Louse","floor":14,"turns":3},{"damage":0,"enemies":"The Guardian","floor":16,"turns":4},{"damage":0,"enemies":"Spheric Guardian","floor":18,"turns":3},{"damage":0,"enemies":"conspire:FuzzyDice","floor":20,"turns":3},{"damage":0,"enemies":"3 Cultists","floor":22,"turns":4},{"damage":0,"enemies":"Nightmare","floor":23,"turns":5},{"damage":39,"enemies":"Book of Stabbing","floor":28,"turns":6},{"damage":0,"enemies":"Snake Plant","floor":30,"turns":3},{"damage":0,"enemies":"conspire:MimicChest","floor":31,"turns":5},{"damage":0,"enemies":"hubris:MusketHawk","floor":33,"turns":6},{"damage":0,"enemies":"Orb Walker","floor":35,"turns":2},{"damage":0,"enemies":"3 Shapes","floor":39,"turns":3},{"damage":0,"enemies":"Giant Head","floor":40,"turns":4},{"damage":0,"enemies":"Jaw Worm Horde","floor":42,"turns":4},{"damage":0,"enemies":"R_Hoarder","floor":46,"turns":4},{"damage":0,"enemies":"Donu and Deca","floor":50,"turns":5}],"seed_played":"573512207377275588","potions_obtained":[{"floor":1,"key":"Regen Potion"},{"floor":8,"key":"Energy Potion"},{"floor":13,"key":"Energy Potion"},{"floor":18,"key":"SkillPotion"},{"floor":20,"key":"FearPotion"},{"floor":30,"key":"Languid Potion"},{"floor":35,"key":"BlessingOfTheForge"},{"floor":39,"key":"Adrenaline Potion"},{"floor":46,"key":"FearPotion"}],"is_trial":false,"path_per_floor":["M","?","?","?","M","R","?","E","T","E","$","E","M","M","R","B",null,"M","?","M","?","M","NM","R","AVR","T","?","E","R","M","?","R","B",null,"M","?","$","?","M","E","R","M","T","?","R","E","?","$","R_BF","B",null],"character_chosen":"Hololive_HololiveCharacter","items_purchased":["infinitespire:BlackPotion","Happy Flower"],"campfire_rested":0,"item_purchase_floors":[37,37],"current_hp_per_floor":[35,35,35,35,35,35,35,35,35,35,35,35,35,35,35,35,35,36,36,37,37,38,39,39,39,39,34,6,6,21,47,47,48,48,49,49,49,59,59,59,59,59,59,59,59,59,59,59,59,59],"gold":92,"neow_bonus":"TRANSFORM_CARD","is_daily":false,"chose_seed":false,"campfire_upgraded":7,"win_rate":0.0,"timestamp":1611686541,"path_taken":["M","?","?","?","M","R","?","E","T","E","?","E","?","M","R","BOSS","M","?","?","?","M","NM","R","AVR","T","?","E","R","M","?","R","BOSS","M","?","$","?","?","E","R","M","T","?","R","E","?","?","R_BF","BOSS"],"items_purchased_type":["Potion","Relic"],"build_version":"2020-12-22","purchased_purges":2,"victory":true,"max_hp_per_floor":[35,35,35,35,35,35,35,35,35,35,35,35,35,35,35,35,35,36,36,37,37,38,39,39,39,39,44,45,45,46,47,47,48,48,49,49,49,59,59,59,59,59,59,59,59,59,59,59,59,59],"card_choices":[{"not_picked":["Hololive_CallOzoraSubaru","Hololive_SummonFox","Hololive_LuckPotion","Hololive_Trident"],"picked":"SKIP","floor":1},{"not_picked":["Hololive_Trident","Hololive_CallNekomataOkayu","Hololive_CallYozoraMel"],"picked":"Hololive_ASMR","floor":5},{"not_picked":["Hololive_Drill","Hololive_Rebound","Hololive_RevenueBasedLive","Hololive_OvertimeWork"],"picked":"SKIP","floor":8},{"not_picked":["Hololive_CallAZKi","Hololive_CallUruhaRushia","Hololive_BringToTrial","Hololive_CallAmaneKanata"],"picked":"SKIP","floor":10},{"not_picked":["Hololive_CallYukihanaLamy","Hololive_Psychosis","Hololive_CallNekomataOkayu","Hololive_WolfAndLamb"],"picked":"SKIP","floor":12},{"not_picked":["Hololive_Teleport","Hololive_Trident","Hololive_CallTsunomakiWatame"],"picked":"Hololive_CallOzoraSubaru","floor":13},{"not_picked":["Hololive_FlyingPonyTail","Hololive_Rebound","Hololive_Breathe","Hololive_Sequa"],"picked":"SKIP","floor":14},{"not_picked":["Hololive_Recruit","Hololive_ASMR","Hololive_BeCareful"],"picked":"Hololive_AWSL","floor":16},{"not_picked":["Hololive_LuckPotion","Hololive_Drill+1","Hololive_Breathe","Hololive_FlyingPonyTail+1"],"picked":"SKIP","floor":18},{"not_picked":["Hololive_CallUsadaPekora","Hololive_CallYozoraMel","Hololive_Breathe"],"picked":"Hololive_Spy","floor":20},{"not_picked":["Hololive_LuckPotion","Hololive_RevenueBasedLive","Hololive_CallMinatoAqua+1"],"picked":"Hololive_CallKiryuuCoco","floor":22},{"not_picked":["Hololive_Yoholoon+1","Hololive_Teleport","Hololive_DDD","Hololive_SoulCatcher"],"picked":"SKIP","floor":23},{"not_picked":["Hololive_CallYogiri","Hololive_CallNakiriAyame+1","Hololive_OvertimeWork","Hololive_CallMoonaHoshinova+1"],"picked":"SKIP","floor":28},{"not_picked":["Hololive_CallUsadaPekora","Hololive_RevenueBasedLive","Hololive_Trident","Hololive_LuckPotion"],"picked":"SKIP","floor":30},{"not_picked":["Hololive_ScarfAndHalo","Hololive_HighAtkLowDef","Hololive_DurableLive"],"picked":"Hololive_Thief","floor":33},{"not_picked":["Hololive_HuntDinosaur+1","Hololive_LuckPotion","Hololive_OvertimeWork+1"],"picked":"Hololive_CocoNews+1","floor":35},{"not_picked":["Hololive_OvertimeWork","Hololive_SoulCatcher+1","Hololive_CallYukihanaLamy+1","Hololive_CallAiraniIofifteen"],"picked":"SKIP","floor":39},{"not_picked":["Hololive_CallHoshimachiSuisei+1","Hololive_CandyCastle","Hololive_FlyingPonyTail+1","Hololive_RevenueBasedLive+1"],"picked":"SKIP","floor":40},{"not_picked":["Hololive_CallMinatoAqua+1","Hololive_Rebound+1","Hololive_CallKiryuuCoco","Hololive_CallTokoyamiTowa+1"],"picked":"SKIP","floor":42},{"not_picked":["Hololive_OvertimeWork+1","Hololive_CocoNews+1","Hololive_CallFriendA"],"picked":"Hololive_CallUruhaRushia","floor":46}],"player_experience":47891,"relics_obtained":[{"floor":8,"key":"Replay:Bottled Steam"},{"floor":9,"key":"infinitespire:Golems Mask"},{"floor":10,"key":"reliquary:TuningFork"},{"floor":12,"key":"Replay:Bottled Eggs"},{"floor":23,"key":"Nunchaku"},{"floor":26,"key":"Bottled Flame"},{"floor":28,"key":"Ornamental Fan"},{"floor":31,"key":"reliquary:Buckler"},{"floor":40,"key":"Replay:Rubber Ducky"},{"floor":43,"key":"Regal Pillow"},{"floor":46,"key":"reliquary:ExpiredCoupon"},{"floor":47,"key":"ReplayTheSpireMod:Ring of Challenge"},{"floor":47,"key":"Ring of Peace"}],"event_choices":[{"damage_healed":0,"gold_gain":0,"player_choice":"Grow","damage_taken":0,"max_hp_gain":0,"max_hp_loss":0,"event_name":"Living Wall","floor":3,"gold_loss":0,"cards_upgraded":["Hololive_CallAmaneKanata"]},{"cards_removed":["Hololive_Strike"],"damage_healed":0,"gold_gain":0,"player_choice":"Card Removal","damage_taken":0,"max_hp_gain":0,"max_hp_loss":0,"event_name":"The Cleric","floor":4,"gold_loss":50},{"damage_healed":0,"gold_gain":0,"player_choice":"Ignored","damage_taken":0,"max_hp_gain":0,"max_hp_loss":0,"event_name":"Liars Game","floor":7,"gold_loss":0},{"damage_healed":0,"gold_gain":0,"cards_transformed":["Hololive_CallYogiri"],"player_choice":"Transformed","damage_taken":0,"max_hp_gain":0,"max_hp_loss":0,"event_name":"Transmorgrifier","floor":19,"gold_loss":0,"cards_obtained":["Hololive_Trident"]},{"damage_healed":0,"gold_gain":0,"player_choice":"Shed Blood","damage_taken":10,"max_hp_gain":5,"max_hp_loss":0,"event_name":"Forgotten Altar","floor":27,"gold_loss":0},{"damage_healed":0,"gold_gain":0,"player_choice":"Memory 1","damage_taken":0,"max_hp_gain":0,"max_hp_loss":0,"event_name":"SensoryStone","floor":36,"gold_loss":0},{"cards_removed":["Hololive_AWSL"],"damage_healed":0,"gold_gain":0,"player_choice":"Offered Rare","damage_taken":0,"max_hp_gain":10,"max_hp_loss":0,"event_name":"Bonfire Elementals","floor":38,"gold_loss":0},{"damage_healed":0,"gold_gain":0,"player_choice":"Leave","damage_taken":0,"max_hp_gain":0,"max_hp_loss":0,"event_name":"conspire:Investor","floor":49,"gold_loss":0}],"is_beta":false,"boss_relics":[{"not_picked":["Ectoplasm","Astrolabe"],"picked":"aspiration:FutureDiary"},{"not_picked":["Hololive_TopUpMoneyS","aspiration:DefectSkillbook"],"picked":"Abe\u0027s Treasure"}],"items_purged_floors":[11,48],"is_endless":false,"potions_floor_spawned":[1,8,13,18,20,30,35,39,46],"ascension_level":5}}