{"host":"xmr2g8b7eju0288o","time":1611692701,"event":{"mods":["AchievementEnabler","BaseMod","Colored Map","Colored Powertips","Infinite Spire","KOR Keyword Fix","Minty Spire (QoL Compilation)","Quick Restart","Spicy Shops","StSLib","SuperFastMode"],"gold_per_floor":[159,159,159,198,257,257,312,348,348,449,504,563,563,563],"floor_reached":13,"language":"KOR","playtime":300,"items_purged":[],"score":178,"play_id":"14261ab6-f228-4913-92d3-cb1784f58a5c","local_time":"20210127052501","daily_mods":["Heirloom","DeadlyEvents","Midas"],"is_ascension_mode":true,"campfire_choices":[{"floor":6.0,"key":"REST"}],"circlet_count":0,"master_deck":["AscendersBane","Strike_G","Strike_G","Strike_G","Strike_G","Strike_G","Defend_G","Defend_G","Defend_G","Defend_G","Defend_G","Survivor","Neutralize+1","Quick Slash","Injury","Dagger Spray","All Out Attack","Dagger Spray","Backflip","Corpse Explosion","Backflip","PiercingWail"],"relics":["Ring of the Snake","StoneCalendar","Golden Idol","infinitespire:CheckeredPen","Happy Flower"],"acts_visited":["Exordium"],"potions_floor_usage":[12],"damage_taken":[{"damage":13.0,"enemies":"Small Slimes","floor":1.0,"turns":5.0},{"damage":3.0,"enemies":"2 Louse","floor":4.0,"turns":3.0},{"damage":4.0,"enemies":"Cultist","floor":5.0,"turns":3.0},{"damage":6.0,"enemies":"3 Louse","floor":7.0,"turns":2.0},{"damage":0,"enemies":"Lots of Slimes","floor":8,"turns":2},{"damage":32,"enemies":"Lagavulin","floor":10,"turns":7},{"damage":4,"enemies":"Blue Slaver","floor":11,"turns":4},{"damage":0,"enemies":"3 Louse","floor":12,"turns":1},{"damage":0,"enemies":"3 Sentries","floor":13,"turns":2}],"seed_played":"-5776339894867018342","potions_obtained":[{"floor":7.0,"key":"SpeedPotion"},{"floor":10,"key":"SkillPotion"},{"floor":12,"key":"Dexterity Potion"}],"is_trial":true,"path_per_floor":["M","?","?","M","M","R","M","M","T","E","M","M","E"],"character_chosen":"THE_SILENT","items_purchased":[],"campfire_rested":1,"item_purchase_floors":[],"current_hp_per_floor":[46,46,46,43,39,58,52,52,52,20,16,16,16,16],"gold":563,"neow_bonus":"","is_daily":false,"chose_seed":false,"campfire_upgraded":0,"win_rate":0.0,"timestamp":1611692701,"path_taken":["M","?","?","M","M","R","M","M","T","?","M","M","E"],"items_purchased_type":[],"build_version":"2020-12-22","purchased_purges":0,"victory":false,"max_hp_per_floor":[66,66,66,66,66,66,66,66,66,66,66,66,66,66],"card_choices":[{"not_picked":["Cloak And Dagger","Sucker Punch"],"picked":"Quick Slash","floor":1.0},{"not_picked":["Outmaneuver","Tactician"],"picked":"Dagger Spray","floor":4.0},{"not_picked":["Underhanded Strike","Poisoned Stab"],"picked":"All Out Attack","floor":5.0},{"not_picked":["Cloak And Dagger","Sucker Punch"],"picked":"Dagger Spray","floor":7.0},{"not_picked":["Acrobatics","Predator"],"picked":"Backflip","floor":8},{"not_picked":["Bane","Dash"],"picked":"Corpse Explosion","floor":10},{"not_picked":["Heel Hook","Acrobatics"],"picked":"Backflip","floor":11},{"not_picked":["Quick Slash","Infinite Blades"],"picked":"PiercingWail","floor":12}],"player_experience":88303,"relics_obtained":[{"floor":9,"key":"infinitespire:CheckeredPen"},{"floor":10,"key":"Happy Flower"}],"event_choices":[{"damage_healed":0.0,"max_hp_gain":0.0,"max_hp_loss":0.0,"gold_gain":0.0,"event_name":"Golden Idol","player_choice":"Take Wound","floor":2.0,"gold_loss":0.0,"damage_taken":0.0,"relics_obtained":["Golden Idol"],"cards_obtained":["Injury"]},{"damage_healed":0.0,"max_hp_gain":0.0,"max_hp_loss":0.0,"gold_gain":0.0,"event_name":"Upgrade Shrine","player_choice":"Upgraded","floor":3.0,"gold_loss":0.0,"damage_taken":0.0,"cards_upgraded":["Neutralize"]}],"is_beta":false,"boss_relics":[],"items_purged_floors":[],"is_endless":false,"potions_floor_spawned":[7,10,11,12],"killed_by":"3 Sentries","ascension_level":20}}