{"host":"pi8b3ffzwvxqztac","time":1611675428,"event":{"mods":["BaseMod","Colored Map","Downfall","Minty Spire (QoL Compilation)","StSLib"],"gold_per_floor":[111,111,125,150,167,167,177,177,177,202,202,229,248,259,259,360,360,372,144,59,59,91,91,122,122,122,137,172,182,143,156,156,257,257,275,290,336,356,356,382,382,34,34,34,64,64,398,412,412,412],"floor_reached":51,"language":"ENG","playtime":2557,"items_purged":["Strike_R","Strike_R"],"score":997,"play_id":"218f634b-c5fb-4fad-bad5-c9d1317cda23","local_time":"20210127043708","is_ascension_mode":true,"campfire_choices":[{"data":"Armaments","floor":6,"key":"SMITH"},{"data":"Shrug It Off","floor":8,"key":"SMITH"},{"data":"Whirlwind","floor":11,"key":"SMITH"},{"data":"Feed","floor":15,"key":"SMITH"},{"data":"Double Tap","floor":23,"key":"SMITH"},{"data":"Bash","floor":25,"key":"SMITH"},{"data":"Inflame","floor":32,"key":"SMITH"},{"data":"Battle Trance","floor":41,"key":"SMITH"},{"data":"Clothesline","floor":44,"key":"SMITH"},{"data":"Limit Break","floor":46,"key":"SMITH"},{"floor":49,"key":"REST"}],"circlet_count":0,"master_deck":["Strike_R+1","Strike_R","Strike_R+1","Defend_R+1","Defend_R","Defend_R","Defend_R+1","Bash+1","Clothesline+1","Shrug It Off+1","Armaments+1","Cleave","Whirlwind+1","Feed+1","Battle Trance+1","Double Tap+1","Hemokinesis+1","Pommel Strike+1","Inflame+1","Limit Break+1","CurseOfTheBell","CurseOfTheBell","Injury","Demon Form","Body Slam+1","Inflame","Twin Strike+1"],"relics":["Burning Blood","Red Skull","Bag of Marbles","Happy Flower","War Paint","Cursed Key","Lee\u0027s Waffle","PreservedInsect","Red Mask","Ornamental Fan","Gremlin Horn","expansioncontent:StudyCardRelic","CaptainsWheel","downfall:ExtraCursedBell","Dream Catcher","Mercury Hourglass","Calipers","Self Forming Clay","Pear","Orichalcum","Old Coin"],"acts_visited":["Exordium","TheCity","TheBeyond"],"potions_floor_usage":[16,22,24,31,33,35,47,47,50,50,50],"damage_taken":[{"damage":7,"enemies":"Jaw Worm","floor":1,"turns":3},{"damage":0,"enemies":"Cultist","floor":3,"turns":3},{"damage":0,"enemies":"2 Louse","floor":5,"turns":3},{"damage":4,"enemies":"Looter","floor":7,"turns":4},{"damage":30,"enemies":"3 Sentries","floor":10,"turns":9},{"damage":30,"enemies":"Lagavulin","floor":12,"turns":4},{"damage":0,"enemies":"Blue Slaver","floor":13,"turns":3},{"damage":0,"enemies":"Large Slime","floor":14,"turns":3},{"damage":35,"enemies":"Hexaghost","floor":16,"turns":14},{"damage":0,"enemies":"Chosen","floor":18,"turns":3},{"damage":12,"enemies":"Masked Bandits","floor":22,"turns":3},{"damage":4,"enemies":"Book of Stabbing","floor":24,"turns":3},{"damage":0,"enemies":"Shell Parasite","floor":27,"turns":3},{"damage":0,"enemies":"Gremlin Leader","floor":28,"turns":3},{"damage":11,"enemies":"Shelled Parasite and Fungi","floor":29,"turns":3},{"damage":19,"enemies":"Snake Plant","floor":31,"turns":3},{"damage":35,"enemies":"Collector","floor":33,"turns":7},{"damage":2,"enemies":"3 Darklings","floor":35,"turns":3},{"damage":4,"enemies":"Orb Walker","floor":36,"turns":1},{"damage":8,"enemies":"2 Orb Walkers","floor":37,"turns":3},{"damage":8,"enemies":"Transient","floor":38,"turns":5},{"damage":25,"enemies":"Nemesis","floor":40,"turns":5},{"damage":7,"enemies":"Giant Head","floor":45,"turns":4},{"damage":4,"enemies":"Nemesis","floor":47,"turns":5},{"damage":12,"enemies":"Spire Growth","floor":48,"turns":4},{"damage":86,"enemies":"Time Eater","floor":50,"turns":12}],"seed_played":"2782920406839910581","potions_obtained":[{"floor":1,"key":"Fire Potion"},{"floor":3,"key":"ColorlessPotion"},{"floor":7,"key":"Swift Potion"},{"floor":16,"key":"champ:CounterPotion"},{"floor":24,"key":"SpeedPotion"},{"floor":27,"key":"Slimebound:ThreeZeroPotion"},{"floor":29,"key":"PowerPotion"},{"floor":33,"key":"LiquidMemories"},{"floor":38,"key":"LiquidMemories"},{"floor":45,"key":"GamblersBrew"},{"floor":47,"key":"Dexterity Potion"},{"floor":48,"key":"CultistPotion"}],"is_trial":false,"path_per_floor":["M","?","M","T","M","R","M","R","T","E","R","E","M","M","R","B",null,"M","$","?","?","?","R","E","R","T","M","E","M","$","M","R","B",null,"M","M","?","M","?","E","R","$","T","R","E","R","E","M","R","B",null],"character_chosen":"IRONCLAD","items_purchased":["Lee\u0027s Waffle","Inflame","Pear"],"campfire_rested":1,"item_purchase_floors":[19,30,42],"current_hp_per_floor":[79,63,69,69,75,75,77,77,77,53,53,29,38,47,47,18,86,86,93,93,75,73,73,75,75,75,81,87,86,86,73,73,44,106,106,110,108,106,106,91,91,101,101,101,100,100,102,96,124,44],"gold":412,"neow_bonus":"THREE_CARDS","is_daily":false,"chose_seed":false,"campfire_upgraded":10,"win_rate":0.0,"timestamp":1611675428,"path_taken":["M","?","M","?","?","R","M","R","T","E","R","E","M","M","R","BOSS","M","$","?","?","?","R","E","R","T","M","E","M","?","M","R","BOSS","M","M","?","M","?","E","R","$","T","R","E","R","E","M","R","BOSS"],"items_purchased_type":["Relic","Card","Relic"],"build_version":"2020-12-22","purchased_purges":2,"victory":true,"max_hp_per_floor":[80,80,80,80,80,80,80,80,80,80,80,80,83,86,86,86,86,86,93,93,98,102,102,102,102,102,102,102,106,106,106,106,106,106,106,110,110,110,110,114,114,124,124,124,124,124,124,124,124,124],"card_choices":[{"not_picked":["Twin Strike","Thunderclap"],"picked":"Clothesline","floor":0},{"not_picked":["Dropkick","Flex"],"picked":"Shrug It Off","floor":1},{"not_picked":["Clothesline","Warcry"],"picked":"Armaments","floor":3},{"not_picked":["Dual Wield","Heavy Blade"],"picked":"Cleave","floor":5},{"not_picked":["Clash","Warcry"],"picked":"Whirlwind","floor":7},{"not_picked":["Ghostly Armor","Clothesline","Heavy Blade"],"picked":"SKIP","floor":10},{"not_picked":["Body Slam","Heavy Blade"],"picked":"Feed","floor":12},{"not_picked":["Body Slam","Sword Boomerang","Armaments"],"picked":"SKIP","floor":13},{"not_picked":["Flex","Armaments"],"picked":"Battle Trance","floor":14},{"not_picked":["Barricade","Corruption"],"picked":"Double Tap","floor":16},{"not_picked":["Cleave","Armaments+1","Anger"],"picked":"SKIP","floor":18},{"not_picked":["Immolate","Warcry","Thunderclap"],"picked":"SKIP","floor":24},{"not_picked":["Second Wind+1","Heavy Blade","Clothesline+1"],"picked":"SKIP","floor":27},{"not_picked":["Offering","Perfected Strike"],"picked":"Hemokinesis+1","floor":28},{"not_picked":["Searing Blow","Twin Strike"],"picked":"Pommel Strike+1","floor":29},{"not_picked":["Headbutt","Heavy Blade","Wild Strike+1"],"picked":"SKIP","floor":31},{"not_picked":["Bludgeon","Brutality"],"picked":"Limit Break","floor":33},{"not_picked":["Combust+1","Clash","Iron Wave"],"picked":"SKIP","floor":35},{"not_picked":["Thunderclap","Anger","Ghostly Armor"],"picked":"SKIP","floor":36},{"not_picked":["Dual Wield","True Grit","Dropkick"],"picked":"SKIP","floor":38},{"not_picked":["Cleave","Shrug It Off"],"picked":"Body Slam+1","floor":40},{"not_picked":["Perfected Strike+1","Body Slam"],"picked":"Inflame","floor":45},{"not_picked":["Second Wind+1","Searing Blow","Pommel Strike"],"picked":"SKIP","floor":47},{"not_picked":["Perfected Strike","Armaments"],"picked":"Twin Strike+1","floor":48}],"player_experience":622180,"relics_obtained":[{"floor":4,"key":"Red Skull"},{"floor":9,"key":"Bag of Marbles"},{"floor":10,"key":"Happy Flower"},{"floor":12,"key":"War Paint"},{"floor":22,"key":"Red Mask"},{"floor":24,"key":"Ornamental Fan"},{"floor":28,"key":"Gremlin Horn"},{"floor":37,"key":"CaptainsWheel"},{"floor":39,"key":"Dream Catcher"},{"floor":39,"key":"Mercury Hourglass"},{"floor":39,"key":"Calipers"},{"floor":40,"key":"Self Forming Clay"},{"floor":45,"key":"Orichalcum"},{"floor":47,"key":"Old Coin"}],"event_choices":[{"damage_healed":0,"gold_gain":0,"player_choice":"Entered Light","damage_taken":16,"max_hp_gain":0,"max_hp_loss":0,"event_name":"Shining Light","floor":2,"gold_loss":0,"cards_upgraded":["Strike_R","Strike_R"]},{"damage_healed":0,"gold_gain":0,"player_choice":"Obtained Relic","damage_taken":0,"relics_obtained":["PreservedInsect"],"max_hp_gain":0,"max_hp_loss":0,"event_name":"Addict","floor":20,"gold_loss":85},{"damage_healed":0,"gold_gain":0,"player_choice":"Shed Blood","damage_taken":23,"max_hp_gain":5,"max_hp_loss":0,"event_name":"Forgotten Altar","floor":21,"gold_loss":0},{"damage_healed":0,"gold_gain":0,"player_choice":"Fought Bandits","damage_taken":0,"max_hp_gain":0,"max_hp_loss":0,"event_name":"Masked Bandits","floor":22,"gold_loss":0},{"damage_healed":0,"gold_gain":0,"player_choice":"Fight","damage_taken":0,"max_hp_gain":0,"max_hp_loss":0,"event_name":"Mysterious Sphere","floor":37,"gold_loss":0}],"is_beta":false,"boss_relics":[{"not_picked":["Black Star","SacredBark"],"picked":"Cursed Key"},{"not_picked":["Mark of Pain","Tiny House"],"picked":"expansioncontent:StudyCardRelic"}],"items_purged_floors":[19,42],"is_endless":false,"potions_floor_spawned":[1,3,7,16,24,27,29,33,38,45,47,48],"ascension_level":3}}