{"host":"l2dnabsh5e0fsksb","time":1611653286,"event":{"mods":["2.2 Compatiblity","BaseMod","Downfall","Minty Spire (QoL Compilation)","Quick Restart","StSLib"],"gold_per_floor":[99,99,374,374,374,386,386,434,449,249,263,263,318,338,357,357,357,357],"floor_reached":16,"language":"ENG","playtime":371,"items_purged":[],"score":147,"play_id":"b8f6bcc4-cb3b-4a9e-9630-7609b51a5366","local_time":"20210126195806","is_ascension_mode":true,"campfire_choices":[{"floor":1,"key":"RECALL"},{"floor":10,"key":"REST"},{"data":"bronze:Iterate","floor":12,"key":"SMITH"}],"circlet_count":0,"master_deck":["bronze:Strike","bronze:Strike","bronze:Strike","bronze:Strike","bronze:Defend","bronze:Defend","bronze:Defend","bronze:Defend","bronze:Replicate","bronze:Goto","bronze:OilSpill","Regret","bronze:Iterate+1","bronze:BuggyMess","bronze:Constructor","bronze:Iterate","bronze:InfiniteLoop","bronze:Iterate","bronze:WhirlingStrike","bronze:WhirlingStrike"],"relics":["bronze:BronzeCore","downfall:HeartsMalice","Anchor","downfall:HeartBlessingBlue","downfall:HeartBlessingRed","Strawberry"],"acts_visited":["Exordium"],"potions_floor_usage":[13,16,16],"damage_taken":[{"damage":0,"enemies":"2 Louse","floor":2,"turns":1},{"damage":0,"enemies":"Cultist","floor":4,"turns":1},{"damage":0,"enemies":"Small Slimes","floor":5,"turns":1},{"damage":39,"enemies":"Exordium Thugs","floor":6,"turns":7},{"damage":3,"enemies":"Exordium Wildlife","floor":9,"turns":3},{"damage":0,"enemies":"Blue Slaver","floor":11,"turns":2},{"damage":38,"enemies":"Lagavulin Event","floor":13,"turns":5},{"damage":8,"enemies":"Lots of Slimes","floor":14,"turns":5},{"damage":2,"enemies":"2 Fungi Beasts","floor":15,"turns":2},{"damage":15,"enemies":"DF_ARCHETYPE_STREAMLINE","floor":16,"turns":5}],"seed_played":"-5878264180448237064","potions_obtained":[{"floor":9,"key":"Dexterity Potion"},{"floor":11,"key":"BlessingOfTheForge"},{"floor":15,"key":"Block Potion"}],"is_trial":false,"path_per_floor":["R","M","?","M","M","M","T","T","M","R","M","R","?","M","M","B"],"character_chosen":"THE_AUTOMATON","items_purchased":[],"campfire_rested":1,"item_purchase_floors":[],"current_hp_per_floor":[63,63,63,63,63,24,24,24,21,55,55,55,24,16,14,0,0,0],"gold":357,"neow_bonus":"THREE_ENEMY_KILL","is_daily":false,"chose_seed":false,"campfire_upgraded":1,"win_rate":0.0,"timestamp":1611653286,"path_taken":["R","M","?","M","?","?","T","?","M","R","M","R","?","M","M","BOSS"],"items_purchased_type":[],"build_version":"2020-12-22","purchased_purges":0,"victory":false,"max_hp_per_floor":[70,70,70,70,70,70,70,70,70,80,80,80,87,87,87,87,87,87],"card_choices":[{"not_picked":["bronze:DelayedGuard","bronze:MaxOutput"],"picked":"bronze:OilSpill","floor":2},{"not_picked":["bronze:Frontload","bronze:ForLoop"],"picked":"bronze:Iterate","floor":4},{"not_picked":["bronze:WildBeam","bronze:Branch"],"picked":"bronze:BuggyMess","floor":5},{"not_picked":["bronze:Turbo","bronze:Invalidate"],"picked":"bronze:Constructor","floor":6},{"not_picked":["bronze:BuggyMess","bronze:ChildClass"],"picked":"bronze:Iterate","floor":9},{"not_picked":["bronze:Invalidate","bronze:Shield"],"picked":"bronze:InfiniteLoop","floor":11},{"not_picked":["bronze:ClassDefault","bronze:ItsAFeature"],"picked":"bronze:Iterate","floor":13},{"not_picked":["bronze:Shield","bronze:BuggyMess"],"picked":"bronze:WhirlingStrike","floor":14},{"not_picked":["bronze:Deprecate","bronze:Iterate"],"picked":"bronze:WhirlingStrike","floor":15}],"player_experience":1841752,"relics_obtained":[{"floor":8,"key":"Anchor"},{"floor":13,"key":"Strawberry"}],"event_choices":[],"is_beta":false,"boss_relics":[],"items_purged_floors":[],"is_endless":false,"potions_floor_spawned":[9,11,15],"killed_by":"DF_ARCHETYPE_STREAMLINE","ascension_level":7}}