{"host":"rzvepkyh9344fbo1","time":1611657085,"event":{"mods":["AchievementEnabler","Act Like it!","BaseMod","Colored Map","Colored Powertips","Curses Come First","Downfall","Hermit","Highlight Path","Minty Spire (QoL Compilation)","Replay The Spire","Shop Mod","StS++","StSLib","The Cursed","The Necromancer"],"gold_per_floor":[99,118,134,134,234,134,134,44,44,29,54,54,67,94,105,105,105,105],"floor_reached":16,"language":"ENG","playtime":1991,"items_purged":["Amnesia"],"score":263,"play_id":"e53c43ed-e71b-423f-9c91-096dc2640b2a","local_time":"20210126213125","is_ascension_mode":true,"campfire_choices":[{"floor":1,"key":"RECALL"},{"data":"champ:Taunt","floor":6,"key":"SMITH"},{"data":"champ:IgnorePain","floor":9,"key":"SMITH"},{"data":"champ:PreciseThrust","floor":12,"key":"SMITH"}],"circlet_count":0,"master_deck":["champ:Strike","champ:Strike","champ:Strike+1","champ:Strike","champ:Defend","champ:Defend","champ:Defend","champ:Defend+1","champ:Execute","champ:Taunt+1","Replay:Hysterical Blindness","champ:BringItOn","champ:FalseCounter+1","downfall:Malfunctioning","downfall:Haunted","downfall:Haunted","downfall:Haunted","champ:IgnorePain+1","Overencumbered","champ:Endure","champ:PreciseThrust+1","champ:SteelEdge","champ:CrookedStrike"],"relics":["champ:ChampionCrown","Darkstone Periapt","downfall:HeartBlessingRed","Boot","Nunchaku","TungstenRod"],"acts_visited":["Exordium"],"potions_floor_usage":[11,14,16,16],"damage_taken":[{"damage":30,"enemies":"Jaw Worm","floor":2,"turns":3},{"damage":15,"enemies":"Small Slimes","floor":3,"turns":5},{"damage":0,"enemies":"downfall:FleeingMerchant","floor":8,"turns":4},{"damage":25,"enemies":"downfall:FleeingMerchant","floor":10,"turns":4},{"damage":32,"enemies":"Gremlin Nob","floor":11,"turns":5},{"damage":5,"enemies":"2 Louse","floor":13,"turns":3},{"damage":56,"enemies":"3 Sentries","floor":14,"turns":12},{"damage":15,"enemies":"Large Slime","floor":15,"turns":7},{"damage":106,"enemies":"DF_ARCHETYPE_STREAMLINE","floor":16,"turns":14}],"seed_played":"2034291450341890683","potions_obtained":[{"floor":3,"key":"PowerPotion"},{"floor":11,"key":"Adrenaline Potion"},{"floor":14,"key":"Venom Potion"},{"floor":15,"key":"Weak Potion"}],"is_trial":false,"path_per_floor":["R","M","M","?","?","R","T","$","R","$","E","R","M","E","M","B"],"character_chosen":"THE_CHAMP","items_purchased":[],"campfire_rested":0,"item_purchase_floors":[],"current_hp_per_floor":[108,98,93,93,128,128,128,128,128,123,101,101,101,80,75,0,0,0],"gold":105,"neow_bonus":"TWENTY_PERCENT_HP_BONUS","is_daily":false,"chose_seed":false,"campfire_upgraded":3,"win_rate":0.0,"timestamp":1611657085,"path_taken":["R","M","M","?","?","R","T","$","R","?","E","R","M","E","M","BOSS"],"items_purchased_type":[],"build_version":"2020-12-22","purchased_purges":1,"victory":false,"max_hp_per_floor":[108,108,108,108,143,143,143,143,143,143,143,143,143,143,143,143,143,143],"card_choices":[{"not_picked":["champ:BerserkersShout","champ:DeathBlow"],"picked":"champ:BringItOn","floor":2},{"not_picked":["champ:RecklessLeap","champ:GladiatorStyle"],"picked":"champ:FalseCounter","floor":3},{"not_picked":["champ:CrownThrow","champ:PerfectedStrike","champ:AdrenalArmor"],"picked":"SKIP","floor":8},{"not_picked":["champ:Circumvent","champ:PerfectedStrike"],"picked":"champ:Endure","floor":10},{"not_picked":["champ:HeartStrike","champ:EndlessRage"],"picked":"champ:PreciseThrust","floor":11},{"not_picked":["champ:SkillfulDodge","champ:SetATrap","champ:BerserkersShout"],"picked":"SKIP","floor":13},{"not_picked":["champ:BerserkersShout","champ:Endure"],"picked":"champ:SteelEdge","floor":14},{"not_picked":["champ:FanOfKnives","champ:Encircle"],"picked":"champ:CrookedStrike","floor":15}],"player_experience":252921,"relics_obtained":[{"floor":7,"key":"Boot"},{"floor":11,"key":"Nunchaku"},{"floor":14,"key":"TungstenRod"}],"event_choices":[],"is_beta":false,"boss_relics":[],"items_purged_floors":[8],"is_endless":false,"potions_floor_spawned":[3,11,14,15],"killed_by":"DF_ARCHETYPE_STREAMLINE","ascension_level":1}}