{"host":"jvd5k9mqzerszifx","time":1611642723,"event":{"mods":["AchievementEnabler","Act Like it!","BaseMod","Bestiary","Better Note","Better Third Choice","Colored Map","Colored Powertips","Conspire","DeckTracker","Downfall","Gensokyo","GungeonMod","Hallownest","Hermit","Hubris","Infinite Spire","Jorbs\u0027s Wanderer Trilogy","Koishi","Marisa（F雨　魔理沙）","Minty Spire (QoL Compilation)","MostiFishMod","Relic Stats","Reworked Bosses","Spicy Shops","StSLib","The Administrix","The Bug Knight","The Cursed","The Hierophant","The Jungle","The Servant 0.9.4","【功能Mod】聪明的最终Boss"],"gold_per_floor":[157,157,205,247,247,247,319,397,397,237,402,352,50,50,50,416,416,458,458,491,75,75,195,381,381,381,459,594,654,654,804,804,1116,1116,1203,1281,331,271,271,271,349,436,436,526,601,682,597,687,1137,1137,1137,1137,54,135,135],"floor_reached":56,"language":"ZHS","playtime":2437,"items_purged":["hermit:Defend_Hermit+1","hermit:Strike_Hermit+1"],"score":2497,"play_id":"50d78ab8-582e-4a43-a39d-3c90505f5450","local_time":"20210126143203","is_ascension_mode":true,"campfire_choices":[{"data":"hermit:Strike_Hermit","floor":6,"key":"PURGE"},{"data":"hermit:Strike_Hermit","floor":6,"key":"PURGE"},{"data":"hermit:Defend_Hermit","floor":6,"key":"PURGE"},{"data":"hermit:Defend_Hermit","floor":6,"key":"PURGE"},{"data":"hermit:Defend_Hermit","floor":6,"key":"PURGE"},{"data":"hermit:Strike_Hermit","floor":6,"key":"SMITH"},{"data":"hermit:Defend_Hermit","floor":6,"key":"SMITH"},{"data":"hermit:Covet","floor":6,"key":"SMITH"},{"data":"hermit:Combo","floor":6,"key":"SMITH"},{"data":"hermit:EyeOfTheStorm","floor":6,"key":"SMITH"},{"data":"hermit:SprayPray","floor":6,"key":"SMITH"},{"floor":6,"key":"RECALL"},{"data":"hermit:Quickdraw","floor":15,"key":"SMITH"},{"data":"conspire:SpireCoStock","floor":15,"key":"SMITH"},{"floor":15,"key":"REST"},{"data":"hermit:Coalescence","floor":25,"key":"SMITH"},{"data":"hermit:LowProfile","floor":25,"key":"SMITH"},{"data":"hermit:Virtue","floor":25,"key":"SMITH"},{"floor":25,"key":"DIG"},{"data":"hermit:Horror","floor":30,"key":"SMITH"},{"data":"hermit:TrackingShot","floor":30,"key":"SMITH"},{"floor":30,"key":"DIG"},{"floor":32,"key":"DIG"},{"data":"hubris:Fate","floor":40,"key":"SMITH"},{"data":"hermit:Grudge","floor":40,"key":"SMITH"},{"floor":40,"key":"DIG"},{"data":"hermit:Coalescence","floor":49,"key":"SMITH"},{"data":"hubris:DuctTapeCard","floor":49,"key":"SMITH"},{"data":"hermit:WideOpen","floor":49,"key":"SMITH"},{"floor":49,"key":"DIG"},{"floor":52,"key":"DIG"}],"circlet_count":0,"master_deck":["hermit:Snapshot+1","hermit:Covet+1","hermit:EyeOfTheStorm+1","hermit:SprayPray+1","hermit:Quickdraw+1","conspire:SpireCoStock+1","hermit:FinalCanter+1","hermit:Coalescence+1","hermit:LowProfile+1","hermit:Scavenge+1","hermit:Virtue+1","hermit:Horror+1","hermit:TrackingShot+1","hubris:Fate+1","hermit:Reprieve+1","hermit:GoldenBullet+1","hermit:Grudge+1","hermit:Coalescence+1","hubris:DuctTapeCard+2","hermit:WideOpen+1","hermit:Brawl"],"relics":["hermit:Momento","Peace Pipe","Ginger","Turnip","Unceasing Top","Omamori","Ice Cream","The Courier","Medical Kit","WingedGreaves","HandDrill","Frozen Eye","Blue Candle","SynthV","DaveBox","BrkXgEgg","SynthV:TestCard","Tiny Chest","DemoMod:LamentConfigurum","Pear","Necronomicon","Membership Card","PreservedInsect","hubris:FunFungus","DemoMod:PinkGuonStone","sneckomod:SneckoTalon","DemoMod:GlassGuonStoneRelic","HollowMod:JonisBlessing","MealTicket","hubris:MobiusCoin","Letter Opener","Bag of Marbles","DemoMod:NanoMachines","DemoMod:Metronome","Shovel","ThornShield","HollowMod:PaleOreRelic","conspire:Boomerang","Art of War","hubris:MedicalManual","Centennial Puzzle","DemoMod:VorpalBullet","Boot","conspire:TreasureMap","conspire:Flyswatter","ExusiaiGun","Singing Bowl","sneckomod:BlankCard","hubris:TenFootPole","DemoMod:BlueGuonStone","Pantograph","champ:Barbells","hubris:MysteriousPyramids","infinitespire:Lucky Rock","DemoMod:MonsterBlood","Happy Flower","infinitespire:BottledMercury","hubris:DisguiseKit","infinitespire:CheckeredPen","Guardian:PocketSentry","Ancient Tea Set","Strawberry","Dream Catcher","Slimebound:StickyStick","hubris:DuctTape","Vajra","Bag of Preparation","hubris:BottledRain","conspire:Dentures","hexamod:BolsterEngine","Pen Nib","HollowMod:StagPassRelic","infinitespire:PuzzleCube","Anchor","Torii","hubris:ToyBattleship","Bronze Scales","Toy Ornithopter","DemoMod:ClearGuonStone","Lantern","infinitespire:Bottled Soul","DemoMod:OrangeGuonStone"],"acts_visited":["Gensokyo:Gensokyo","TheCity","Hallownest:KingdomsEdge","TheEnding"],"potions_floor_usage":[16,16,45,55],"damage_taken":[{"damage":6,"enemies":"Gensokyo:3_Fairies","floor":1,"turns":4},{"damage":6,"enemies":"Gensokyo:Gryphon","floor":3,"turns":4},{"damage":7,"enemies":"Gensokyo:2_Kodama","floor":4,"turns":4},{"damage":0,"enemies":"Gensokyo:Mamizou","floor":8,"turns":4},{"damage":14,"enemies":"Gensokyo:Reimu","floor":16,"turns":6},{"damage":31,"enemies":"conspire:FuzzyDice","floor":18,"turns":2},{"damage":0,"enemies":"Chosen","floor":20,"turns":1},{"damage":0,"enemies":"HollowMod:Nosk","floor":23,"turns":4},{"damage":0,"enemies":"conspire:Head Lice","floor":24,"turns":2},{"damage":0,"enemies":"HollowMod:Nosk","floor":28,"turns":3},{"damage":0,"enemies":"3 Cultists","floor":29,"turns":2},{"damage":0,"enemies":"bossMod:newCollector","floor":33,"turns":3},{"damage":0,"enemies":"Hallownest:Shield_Heavy","floor":35,"turns":2},{"damage":0,"enemies":"Hallownest:3_Siblings","floor":36,"turns":1},{"damage":0,"enemies":"Hallownest:eliteCollector","floor":42,"turns":1},{"damage":0,"enemies":"Hallownest:eliteHiveKnight","floor":44,"turns":2},{"damage":0,"enemies":"Hallownest:2_Wing_and_1_Kings","floor":45,"turns":1},{"damage":0,"enemies":"Hallownest:eliteCollector","floor":48,"turns":1},{"damage":0,"enemies":"Hallownest:BossGreyPrinceZote","floor":50,"turns":1},{"damage":0,"enemies":"Shield and Spear","floor":54,"turns":1},{"damage":0,"enemies":"The Heart","floor":55,"turns":4}],"seed_played":"-7641291011690114049","potions_obtained":[{"floor":1,"key":"FearPotion"},{"floor":4,"key":"Fire Potion"},{"floor":20,"key":"Strength Potion"},{"floor":23,"key":"FairyPotion"},{"floor":33,"key":"SkillPotion"},{"floor":36,"key":"Block Potion"},{"floor":48,"key":"DuplicationPotion"}],"is_trial":false,"path_per_floor":["M","?","M","M","?","R","T","E","T","?","T","?","$","T","R","B",null,"M","?","M","$","?","E","E","R","T","T","E","M","R","AVR","R","B",null,"M","M","$","?","AVR","R","T","E","T","E","M","T","?","E","R","B",null,"R","$","E","B",null],"character_chosen":"HERMIT","items_purchased":["Membership Card","PreservedInsect","hubris:FunFungus","HollowMod:JonisBlessing","MealTicket","hubris:MobiusCoin","Letter Opener","Bag of Marbles","DemoMod:NanoMachines","DemoMod:Metronome","Shovel","ThornShield","Singing Bowl","sneckomod:BlankCard","hubris:TenFootPole","DemoMod:BlueGuonStone","Pantograph","champ:Barbells","hubris:MysteriousPyramids","infinitespire:Lucky Rock","DemoMod:MonsterBlood","Happy Flower","infinitespire:BottledMercury","Bag of Preparation","hubris:BottledRain","conspire:Dentures","hexamod:BolsterEngine","Pen Nib","HollowMod:StagPassRelic","infinitespire:PuzzleCube","Anchor","Torii","hubris:ToyBattleship","Bronze Scales","Toy Ornithopter","DemoMod:ClearGuonStone","Lantern","infinitespire:Bottled Soul"],"campfire_rested":1,"item_purchase_floors":[13,13,13,21,21,21,21,21,21,21,21,21,37,37,37,37,37,37,37,37,37,37,37,53,53,53,53,53,53,53,53,53,53,53,53,53,53,53],"current_hp_per_floor":[62,75,69,62,62,62,62,62,72,72,72,72,72,79,92,78,89,58,58,78,78,78,78,78,78,78,78,78,78,78,78,78,78,89,89,89,99,99,99,99,99,99,106,108,110,110,110,110,110,110,110,110,110,110,110],"gold":135,"neow_bonus":"UPGRADE_CARD","is_daily":false,"chose_seed":false,"campfire_upgraded":18,"win_rate":0.0,"timestamp":1611642723,"path_taken":["M","?","M","?","?","R","?","E","T","?","?","?","$","?","R","BOSS","M","?","?","$","?","E","E","R","T","?","E","?","R","AVR","R","BOSS","M","?","$","?","AVR","R","?","E","T","E","?","?","?","E","R","BOSS","R","$","E","BOSS"],"items_purchased_type":["Relic","Relic","Relic","Relic","Relic","Relic","Relic","Relic","Relic","Relic","Relic","Relic","Relic","Relic","Relic","Relic","Relic","Relic","Relic","Relic","Relic","Relic","Relic","Relic","Relic","Relic","Relic","Relic","Relic","Relic","Relic","Relic","Relic","Relic","Relic","Relic","Relic","Relic"],"build_version":"2020-12-22","purchased_purges":2,"victory":true,"max_hp_per_floor":[75,75,75,75,75,75,75,75,85,85,85,85,85,92,92,92,92,92,92,92,92,92,92,92,92,92,92,92,92,92,92,92,92,92,92,92,99,99,99,99,99,99,106,108,110,110,110,110,110,110,110,110,110,110,110],"relic_stats":{"Singing Bowl":4,"Torii":0,"Bag of Preparation":[5],"Ginger":[11],"Boot":[10],"Centennial Puzzle":[0],"Dream Catcher":0,"Shovel":6,"Pantograph":0,"Tiny Chest":3,"MealTicket":3,"HandDrill":[32],"Necronomicon":[9],"Happy Flower":[3],"counters":[21,53],"Blue Candle":[1],"PreservedInsect":336,"Pen Nib":[3],"Letter Opener":[137],"Medical Kit":[6],"Peace Pipe":6,"Bronze Scales":[48],"Turnip":[6],"Art of War":[0],"obtain_stats":[{"Ice Cream":0,"infinitespire:BottledMercury":37,"DemoMod:BlueGuonStone":37,"Vajra":49,"DemoMod:GlassGuonStoneRelic":1,"Ginger":0,"hubris:MysteriousPyramids":37,"Boot":30,"HollowMod:StagPassRelic":53,"Centennial Puzzle":27,"DemoMod:Metronome":21,"DemoMod:MonsterBlood":37,"Strawberry":43,"DemoMod:LamentConfigurum":8,"MealTicket":21,"HandDrill":0,"Necronomicon":10,"HollowMod:PaleOreRelic":23,"DemoMod:ClearGuonStone":53,"conspire:Dentures":53,"hubris:MobiusCoin":21,"champ:Barbells":37,"conspire:TreasureMap":31,"Pear":9,"Happy Flower":37,"hubris:DuctTape":48,"Blue Candle":0,"DemoMod:OrangeGuonStone":54,"HollowMod:JonisBlessing":21,"Pen Nib":53,"conspire:Boomerang":24,"Guardian:PocketSentry":41,"Letter Opener":21,"sneckomod:SneckoTalon":17,"Bronze Scales":53,"DemoMod:NanoMachines":21,"hubris:TenFootPole":37,"hubris:ToyBattleship":53,"hermit:Momento":0,"Unceasing Top":0,"infinitespire:PuzzleCube":53,"conspire:Flyswatter":32,"Lantern":53,"DaveBox":0,"Singing Bowl":37,"Torii":53,"SynthV":0,"sneckomod:BlankCard":37,"ExusiaiGun":34,"Bag of Preparation":53,"Ancient Tea Set":42,"Frozen Eye":0,"Dream Catcher":44,"Shovel":21,"Slimebound:StickyStick":46,"infinitespire:Bottled Soul":53,"Pantograph":37,"Tiny Chest":7,"WingedGreaves":0,"hubris:FunFungus":13,"DemoMod:Armor":21,"hubris:DisguiseKit":39,"The Courier":0,"BrkXgEgg":1,"PreservedInsect":13,"DemoMod:PinkGuonStone":14,"hubris:MedicalManual":26,"Omamori":0,"infinitespire:Lucky Rock":37,"infinitespire:CheckeredPen":40,"Medical Kit":0,"ThornShield":21,"Peace Pipe":0,"Anchor":53,"SynthV:TestCard":1,"Turnip":0,"Bag of Marbles":21,"Art of War":25,"Membership Card":13,"hexamod:BolsterEngine":53,"DemoMod:VorpalBullet":28,"Toy Ornithopter":53,"hubris:BottledRain":53},{"Ice Cream":0,"infinitespire:BottledMercury":14,"DemoMod:BlueGuonStone":14,"Vajra":18,"DemoMod:GlassGuonStoneRelic":1,"Ginger":0,"hubris:MysteriousPyramids":14,"Boot":11,"HollowMod:StagPassRelic":19,"Centennial Puzzle":9,"DemoMod:Metronome":7,"DemoMod:MonsterBlood":14,"Strawberry":15,"DemoMod:LamentConfigurum":4,"MealTicket":7,"HandDrill":0,"Necronomicon":4,"HollowMod:PaleOreRelic":8,"DemoMod:ClearGuonStone":19,"conspire:Dentures":19,"hubris:MobiusCoin":7,"champ:Barbells":14,"conspire:TreasureMap":11,"Pear":4,"Happy Flower":14,"hubris:DuctTape":18,"Blue Candle":0,"DemoMod:OrangeGuonStone":20,"HollowMod:JonisBlessing":7,"Pen Nib":19,"conspire:Boomerang":9,"Guardian:PocketSentry":14,"Letter Opener":7,"sneckomod:SneckoTalon":5,"Bronze Scales":19,"DemoMod:NanoMachines":7,"hubris:TenFootPole":14,"hubris:ToyBattleship":19,"hermit:Momento":0,"Unceasing Top":0,"infinitespire:PuzzleCube":19,"conspire:Flyswatter":11,"Lantern":19,"DaveBox":0,"Singing Bowl":14,"Torii":19,"SynthV":0,"sneckomod:BlankCard":14,"ExusiaiGun":12,"Bag of Preparation":19,"Ancient Tea Set":15,"Frozen Eye":0,"Dream Catcher":16,"Shovel":7,"Slimebound:StickyStick":17,"infinitespire:Bottled Soul":19,"Pantograph":14,"Tiny Chest":3,"WingedGreaves":0,"hubris:FunFungus":4,"DemoMod:Armor":7,"hubris:DisguiseKit":14,"The Courier":0,"BrkXgEgg":1,"PreservedInsect":4,"DemoMod:PinkGuonStone":4,"hubris:MedicalManual":9,"Omamori":0,"infinitespire:Lucky Rock":14,"infinitespire:CheckeredPen":14,"Medical Kit":0,"ThornShield":7,"Peace Pipe":0,"Anchor":19,"SynthV:TestCard":1,"Turnip":0,"Bag of Marbles":7,"Art of War":9,"Membership Card":4,"hexamod:BolsterEngine":19,"DemoMod:VorpalBullet":10,"Toy Ornithopter":19,"hubris:BottledRain":19},{"Ice Cream":0,"infinitespire:BottledMercury":42,"DemoMod:BlueGuonStone":42,"Vajra":47,"DemoMod:GlassGuonStoneRelic":4,"Ginger":0,"hubris:MysteriousPyramids":42,"Boot":36,"HollowMod:StagPassRelic":48,"Centennial Puzzle":31,"DemoMod:Metronome":25,"DemoMod:MonsterBlood":42,"Strawberry":43,"DemoMod:LamentConfigurum":16,"MealTicket":25,"HandDrill":0,"Necronomicon":16,"HollowMod:PaleOreRelic":29,"DemoMod:ClearGuonStone":48,"conspire:Dentures":48,"hubris:MobiusCoin":25,"champ:Barbells":42,"conspire:TreasureMap":36,"Pear":16,"Happy Flower":42,"hubris:DuctTape":47,"Blue Candle":0,"DemoMod:OrangeGuonStone":49,"HollowMod:JonisBlessing":25,"Pen Nib":48,"conspire:Boomerang":31,"Guardian:PocketSentry":42,"Letter Opener":25,"sneckomod:SneckoTalon":22,"Bronze Scales":48,"DemoMod:NanoMachines":25,"hubris:TenFootPole":42,"hubris:ToyBattleship":48,"hermit:Momento":0,"Unceasing Top":0,"infinitespire:PuzzleCube":48,"conspire:Flyswatter":36,"Lantern":48,"DaveBox":0,"Singing Bowl":42,"Torii":48,"SynthV":0,"sneckomod:BlankCard":42,"ExusiaiGun":39,"Bag of Preparation":48,"Ancient Tea Set":43,"Frozen Eye":0,"Dream Catcher":45,"Shovel":25,"Slimebound:StickyStick":46,"infinitespire:Bottled Soul":48,"Pantograph":42,"Tiny Chest":12,"WingedGreaves":0,"hubris:FunFungus":16,"DemoMod:Armor":25,"hubris:DisguiseKit":42,"The Courier":0,"BrkXgEgg":2,"PreservedInsect":16,"DemoMod:PinkGuonStone":16,"hubris:MedicalManual":31,"Omamori":0,"infinitespire:Lucky Rock":42,"infinitespire:CheckeredPen":42,"Medical Kit":0,"ThornShield":25,"Peace Pipe":0,"Anchor":48,"SynthV:TestCard":4,"Turnip":0,"Bag of Marbles":25,"Art of War":31,"Membership Card":16,"hexamod:BolsterEngine":48,"DemoMod:VorpalBullet":34,"Toy Ornithopter":48,"hubris:BottledRain":48}],"Unceasing Top":[21],"Toy Ornithopter":0},"card_choices":[{"not_picked":["hermit:Desperado","hermit:Grudge"],"picked":"hermit:Combo","floor":1},{"not_picked":["hermit:BodyArmor","hermit:Snipe","hermit:ItchyTrigger","hermit:LowProfile"],"picked":"hermit:EyeOfTheStorm","floor":3},{"not_picked":["hermit:HoleUp","hermit:Desperado","hermit:FullyLoaded","hermit:DeadMansHand"],"picked":"hermit:SprayPray","floor":4},{"not_picked":["hermit:FinalCanter+1","hermit:Scavenge","hermit:CalledShot","hermit:Combo"],"picked":"hermit:Quickdraw","floor":8},{"not_picked":["hermit:RoundhouseKick+1","hermit:Adapt+1","hermit:HighNoon+1","hermit:Reprieve+1"],"picked":"hermit:FinalCanter+1","floor":16},{"not_picked":["hermit:FullyLoaded","hermit:Showdown","hermit:Quickdraw","hermit:Enervate+1"],"picked":"hermit:Coalescence","floor":18},{"not_picked":["hermit:WideOpen+1","hermit:NoHoldsBarred","hermit:TrackingShot","hermit:Gestalt"],"picked":"hermit:LowProfile","floor":20},{"not_picked":["hermit:FatalDesire+1","hermit:Roulette","hermit:Manifest","hermit:GhostlyPresence"],"picked":"hermit:Scavenge+1","floor":23},{"not_picked":["hermit:Desperado","hermit:BodyArmor","hermit:ItchyTrigger","hermit:HoleUp"],"picked":"hermit:Virtue","floor":24},{"not_picked":["hermit:LowProfile+1","hermit:Combo","hermit:TakeAim","hermit:Malice"],"picked":"hermit:Horror","floor":28},{"not_picked":["hermit:HoleUp","hermit:LuckOfTheDraw+1","hermit:EternalForm+1","hermit:Malice+1"],"picked":"hermit:TrackingShot","floor":29},{"not_picked":["hermit:HeroicBravado+1","hermit:Dissolve+1","hermit:OverwhelmingPower+1","hermit:BlackWind+1"],"picked":"hermit:Reprieve+1","floor":33},{"not_picked":["hermit:Roulette+1","hermit:Enervate+1","hermit:Vantage","hermit:Feint+1"],"picked":"hermit:GoldenBullet+1","floor":35},{"not_picked":["hermit:FullyLoaded","hermit:HighCaliber+1","hermit:Manifest","hermit:Dive+1"],"picked":"hermit:Grudge","floor":36},{"not_picked":["hermit:Enervate+1","hermit:Reprieve+1","hermit:ItchyTrigger","hermit:Dive+1","TheCursedMod:SpitefulStrike"],"picked":"hermit:Coalescence","floor":42},{"not_picked":["hermit:Ricochet","hermit:Cheat+1","hermit:HighCaliber","hermit:Adapt+1","hermit:WideOpen+1","TheCursedMod:RavingStaff"],"picked":"Singing Bowl","floor":44},{"not_picked":["hermit:Enervate","hermit:Virtue","hermit:Desperado","hermit:Ricochet","hermit:DeadOrAlive+1","TheCursedMod:CircleOfFlame"],"picked":"Singing Bowl","floor":45},{"not_picked":["hermit:TakeCover+1","hermit:DeadMansHand+1","hermit:Roulette","hermit:FromBeyond+1","TheCursedMod:DoubleShield"],"picked":"hermit:WideOpen","floor":48},{"not_picked":["hermit:LuckOfTheDraw+1","hermit:DeadMansHand+1","hermit:TakeAim+1","hermit:Horror","TheCursedMod:CursedMace"],"picked":"hermit:Brawl","floor":54}],"player_experience":320032,"relics_obtained":[{"floor":1,"key":"SynthV:TestCard"},{"floor":7,"key":"Tiny Chest"},{"floor":8,"key":"DemoMod:LamentConfigurum"},{"floor":9,"key":"Pear"},{"floor":14,"key":"DemoMod:PinkGuonStone"},{"floor":23,"key":"HollowMod:PaleOreRelic"},{"floor":24,"key":"conspire:Boomerang"},{"floor":25,"key":"Art of War"},{"floor":26,"key":"hubris:MedicalManual"},{"floor":27,"key":"Centennial Puzzle"},{"floor":28,"key":"DemoMod:VorpalBullet"},{"floor":30,"key":"Boot"},{"floor":32,"key":"conspire:Flyswatter"},{"floor":40,"key":"infinitespire:CheckeredPen"},{"floor":41,"key":"Guardian:PocketSentry"},{"floor":42,"key":"Ancient Tea Set"},{"floor":43,"key":"Strawberry"},{"floor":44,"key":"Dream Catcher"},{"floor":46,"key":"Slimebound:StickyStick"},{"floor":48,"key":"hubris:DuctTape"},{"floor":49,"key":"Vajra"},{"floor":54,"key":"DemoMod:OrangeGuonStone"}],"event_choices":[{"damage_healed":0,"gold_gain":0,"player_choice":"Invest 1","damage_taken":0,"max_hp_gain":0,"max_hp_loss":0,"event_name":"conspire:Investor","floor":12,"gold_loss":0},{"damage_healed":0,"gold_gain":0,"player_choice":"Cursed","damage_taken":0,"max_hp_gain":0,"max_hp_loss":0,"event_name":"Wheel of Change","floor":19,"gold_loss":0,"cards_obtained":["Decay"]},{"damage_healed":0,"gold_gain":0,"player_choice":"Ignored","damage_taken":0,"max_hp_gain":0,"max_hp_loss":0,"event_name":"Vampires","floor":22,"gold_loss":0}],"is_beta":false,"boss_relics":[{"not_picked":["Tiny House","Velvet Choker"],"picked":"sneckomod:SneckoTalon"},{"not_picked":["PatriotShield","BloodWine"],"picked":"ExusiaiGun"}],"items_purged_floors":[37,37],"is_endless":false,"potions_floor_spawned":[1,4,20,23,33,36,48],"ascension_level":9}}