{"host":"i0avyit1s6jb1siw","time":1611678093,"event":{"mods":["BaseMod","DeckTracker","Dota2Spire","Highlight Path","Minty Spire (QoL Compilation)","Quick Restart","StSLib","SuperFastMode"],"gold_per_floor":[119,135,185,201,126,126,22,48,48,48,24,52,0,34,44,44,119,119,73,86,106,106,21,21,52,52,52,52,63,4,23,23,49,49,126,126,145,145,35,49,104,104,134,134,165,165,211,276,288,333,350,350,380,410,410,410,12,68,98],"floor_reached":60,"language":"ENG","playtime":1652,"items_purged":["Strike_R","Strike_R+1"],"score":3360,"play_id":"b2022efc-9b57-43c0-9789-970e935c5086","local_time":"20210126172133","is_ascension_mode":true,"campfire_choices":[{"data":"Wild Strike","floor":6,"key":"SMITH"},{"data":"Barricade","floor":16,"key":"SMITH"},{"data":"Pommel Strike","floor":24,"key":"SMITH"},{"data":"Burning Pact","floor":26,"key":"SMITH"},{"data":"Spot Weakness","floor":32,"key":"SMITH"},{"data":"Impervious","floor":34,"key":"SMITH"},{"floor":42,"key":"RECALL"},{"floor":52,"key":"REST"},{"floor":56,"key":"REST"}],"circlet_count":0,"master_deck":["AscendersBane","Defend_R+1","Defend_R+1","Defend_R+1","Defend_R+1","Bash","Seeing Red+1","Twin Strike+1","Wild Strike+1","Flex","Evolve","Perfected Strike","Burning Pact+1","Barricade+1","True Grit","Impervious+1","CurseOfTheBell","Spot Weakness+1","Pommel Strike+1","Seeing Red+1","Shrug It Off+1","Rage+1","Bloodletting+1","Panacea+1","Sword Boomerang+1","Flame Barrier+1","Offering+1","Battle Trance+1","Shrug It Off+1","Clothesline","Intimidate+1","Disarm+1","Limit Break+1","Heavy Blade","Trip+1","Sword Boomerang+1"],"relics":["Burning Blood","NeowsBlessing","Odd Mushroom","Dota2Spire:EchoSabre","TungstenRod","Dota2Spire:OrchidMalevolence","CaptainsWheel","Thread and Needle","Calling Bell","War Paint","Dota2Spire:BattleFury","StoneCalendar","Blood Vial","InkBottle","Toxic Egg 2","Magic Flower","Dota2Spire:Satanic","Fusion Hammer","Ice Cream","Gremlin Horn","Dota2Spire:HandOfMidas","Potion Belt","Pear"],"acts_visited":["Exordium","TheCity","TheBeyond","TheEnding"],"potions_floor_usage":[25,51,59,59],"damage_taken":[{"damage":0,"enemies":"2 Louse","floor":1,"turns":1},{"damage":0,"enemies":"Cultist","floor":2,"turns":1},{"damage":0,"enemies":"Small Slimes","floor":4,"turns":1},{"damage":29,"enemies":"The Mushroom Lair","floor":8,"turns":6},{"damage":18,"enemies":"Lagavulin","floor":12,"turns":5},{"damage":7,"enemies":"Gremlin Nob","floor":14,"turns":3},{"damage":6,"enemies":"Looter","floor":15,"turns":2},{"damage":0,"enemies":"Slime Boss","floor":17,"turns":7},{"damage":2,"enemies":"2 Thieves","floor":19,"turns":5},{"damage":0,"enemies":"Spheric Guardian","floor":20,"turns":1},{"damage":10,"enemies":"Centurion and Healer","floor":21,"turns":5},{"damage":3,"enemies":"Gremlin Leader","floor":25,"turns":7},{"damage":0,"enemies":"3 Cultists","floor":29,"turns":5},{"damage":12,"enemies":"Snake Plant","floor":31,"turns":3},{"damage":30,"enemies":"Slavers","floor":33,"turns":4},{"damage":0,"enemies":"Champ","floor":35,"turns":9},{"damage":10,"enemies":"3 Darklings","floor":37,"turns":4},{"damage":0,"enemies":"3 Shapes","floor":40,"turns":4},{"damage":22,"enemies":"2 Orb Walkers","floor":41,"turns":6},{"damage":16,"enemies":"Giant Head","floor":43,"turns":8},{"damage":5,"enemies":"Nemesis","floor":45,"turns":5},{"damage":18,"enemies":"3 Darklings","floor":47,"turns":2},{"damage":7,"enemies":"Giant Head","floor":48,"turns":5},{"damage":5,"enemies":"Jaw Worm Horde","floor":49,"turns":2},{"damage":5,"enemies":"Sphere and 2 Shapes","floor":50,"turns":4},{"damage":30,"enemies":"3 Darklings","floor":51,"turns":3},{"damage":5,"enemies":"Time Eater","floor":53,"turns":12},{"damage":9,"enemies":"Awakened One","floor":54,"turns":10},{"damage":44,"enemies":"Shield and Spear","floor":58,"turns":5},{"damage":42,"enemies":"The Heart","floor":59,"turns":7}],"seed_played":"7451828724555549885","potions_obtained":[{"floor":1,"key":"SteroidPotion"},{"floor":2,"key":"GamblersBrew"},{"floor":12,"key":"Strength Potion"},{"floor":29,"key":"Swift Potion"},{"floor":49,"key":"FearPotion"},{"floor":51,"key":"EssenceOfSteel"},{"floor":58,"key":"FearPotion"}],"is_trial":false,"path_per_floor":["M","M","?","M","?","R","$","?","T","T","$","E","?","E","M","R","B",null,"M","M","M","?","?","R","E","R","T","T","M","$","M","R","E","R","B",null,"M","?","?","M","?","R","E","?","E","T","M","E","M","M","M","R","B","B",null,"R","$","E","B",null],"character_chosen":"IRONCLAD","items_purchased":["Flex","Perfected Strike","Shrug It Off+1","Limit Break+1","Heavy Blade","Trip+1"],"campfire_rested":2,"item_purchase_floors":[7,11,30,57,57,57],"current_hp_per_floor":[74,75,75,75,75,75,75,52,52,52,52,40,40,39,39,39,45,68,72,75,71,71,71,71,75,75,75,75,75,75,72,72,54,54,66,73,74,65,65,75,62,62,58,58,65,65,59,64,71,75,54,75,75,75,75,75,75,50,54],"gold":98,"neow_bonus":"THREE_ENEMY_KILL","is_daily":false,"chose_seed":false,"campfire_upgraded":6,"win_rate":0.0,"timestamp":1611678093,"path_taken":["M","M","?","?","?","R","$","?","T","T","$","E","?","E","M","R","BOSS","M","?","M","?","?","R","E","R","T","T","M","$","M","R","E","R","BOSS","M","?","?","?","?","R","E","?","E","T","M","E","M","M","M","R","BOSS","BOSS","R","$","E","BOSS"],"items_purchased_type":["Card","Card","Card","Card","Card","Card"],"build_version":"2020-12-22","purchased_purges":2,"victory":true,"max_hp_per_floor":[75,75,75,75,75,75,75,75,75,75,75,75,75,75,75,75,75,75,75,75,75,75,75,75,75,75,75,75,75,75,75,75,75,75,75,75,75,75,75,75,75,75,75,75,75,75,75,75,75,75,75,75,75,75,75,75,75,85,85],"card_choices":[{"not_picked":["Flex","Heavy Blade"],"picked":"Seeing Red","floor":1},{"not_picked":["Thunderclap","Sentinel"],"picked":"Twin Strike","floor":2},{"not_picked":["Cleave","Twin Strike"],"picked":"Wild Strike","floor":4},{"not_picked":["Wild Strike","Armaments"],"picked":"Evolve","floor":8},{"not_picked":["Whirlwind","Brutality"],"picked":"Burning Pact","floor":12},{"not_picked":["Armaments","Intimidate"],"picked":"Barricade","floor":14},{"not_picked":["Infernal Blade","Reckless Charge"],"picked":"True Grit","floor":15},{"not_picked":["Bludgeon","Demon Form"],"picked":"Impervious","floor":17},{"not_picked":["Uppercut","Thunderclap","Headbutt"],"picked":"SKIP","floor":19},{"not_picked":["Sword Boomerang","Armaments"],"picked":"Spot Weakness","floor":20},{"not_picked":["Havoc","Cleave"],"picked":"Pommel Strike","floor":21},{"not_picked":["Intimidate","Heavy Blade","Barricade"],"picked":"SKIP","floor":25},{"not_picked":["Iron Wave","Body Slam"],"picked":"Seeing Red+1","floor":29},{"not_picked":["Anger","Clash","Spot Weakness+1"],"picked":"SKIP","floor":31},{"not_picked":["Shrug It Off+1","Warcry+1"],"picked":"Rage+1","floor":33},{"not_picked":["Body Slam","Pommel Strike"],"picked":"Bloodletting+1","floor":37},{"not_picked":["Trip+1","Panache"],"picked":"Panacea+1","floor":38},{"not_picked":["Heavy Blade","Flex+1"],"picked":"Sword Boomerang+1","floor":40},{"not_picked":["Bloodletting+1","Inflame"],"picked":"Flame Barrier+1","floor":41},{"not_picked":["Warcry+1","Armaments+1"],"picked":"Offering+1","floor":43},{"not_picked":["Clothesline","Sever Soul+1"],"picked":"Battle Trance+1","floor":45},{"not_picked":["Perfected Strike","Sever Soul+1"],"picked":"Shrug It Off+1","floor":47},{"not_picked":["Battle Trance+1","Pommel Strike"],"picked":"Clothesline","floor":48},{"not_picked":["Bludgeon","Sword Boomerang","Headbutt"],"picked":"SKIP","floor":49},{"not_picked":["Bludgeon","Sword Boomerang","Headbutt"],"picked":"SKIP","floor":49},{"not_picked":["Bludgeon","Sword Boomerang","Headbutt"],"picked":"SKIP","floor":49},{"not_picked":["Sever Soul","Perfected Strike"],"picked":"Intimidate+1","floor":50},{"not_picked":["Inflame+1","Armaments+1"],"picked":"Disarm+1","floor":51},{"not_picked":["Sever Soul","Combust"],"picked":"Sword Boomerang+1","floor":58}],"player_experience":2350469,"relics_obtained":[{"floor":8,"key":"Odd Mushroom"},{"floor":9,"key":"Dota2Spire:EchoSabre"},{"floor":10,"key":"TungstenRod"},{"floor":12,"key":"Dota2Spire:OrchidMalevolence"},{"floor":14,"key":"Thread and Needle"},{"floor":18,"key":"War Paint"},{"floor":18,"key":"Dota2Spire:BattleFury"},{"floor":18,"key":"StoneCalendar"},{"floor":25,"key":"InkBottle"},{"floor":27,"key":"Toxic Egg 2"},{"floor":28,"key":"Magic Flower"},{"floor":33,"key":"Dota2Spire:Satanic"},{"floor":41,"key":"Ice Cream"},{"floor":43,"key":"Gremlin Horn"},{"floor":45,"key":"Dota2Spire:HandOfMidas"},{"floor":48,"key":"Potion Belt"},{"floor":58,"key":"Pear"}],"event_choices":[{"damage_healed":0,"gold_gain":50,"player_choice":"Pray","damage_taken":0,"max_hp_gain":0,"max_hp_loss":0,"event_name":"Golden Shrine","floor":3,"gold_loss":0},{"cards_removed":["Strike_R"],"damage_healed":0,"gold_gain":0,"player_choice":"Card Removal","damage_taken":0,"max_hp_gain":0,"max_hp_loss":0,"event_name":"The Cleric","floor":5,"gold_loss":75},{"damage_healed":0,"gold_gain":0,"player_choice":"Fought Mushrooms","damage_taken":0,"max_hp_gain":0,"max_hp_loss":0,"event_name":"Mushrooms","floor":8,"gold_loss":0},{"damage_healed":0,"gold_gain":0,"player_choice":"Paid Gold","damage_taken":0,"relics_obtained":["CaptainsWheel"],"max_hp_gain":0,"max_hp_loss":0,"event_name":"WeMeetAgain","floor":13,"gold_loss":52},{"damage_healed":0,"gold_gain":0,"player_choice":"Simplicity","damage_taken":0,"max_hp_gain":0,"max_hp_loss":0,"event_name":"Back to Basics","floor":22,"gold_loss":0,"cards_upgraded":["Strike_R","Strike_R","Strike_R","Defend_R","Defend_R","Defend_R"]},{"damage_healed":0,"gold_gain":0,"player_choice":"Obtained Relic","damage_taken":0,"relics_obtained":["Blood Vial"],"max_hp_gain":0,"max_hp_loss":0,"event_name":"Addict","floor":23,"gold_loss":85},{"damage_healed":0,"gold_gain":0,"player_choice":"Memory 3","damage_taken":10,"max_hp_gain":0,"max_hp_loss":0,"event_name":"SensoryStone","floor":38,"gold_loss":0},{"cards_removed":["Strike_R"],"damage_healed":0,"gold_gain":0,"player_choice":"Upgrade and Remove","damage_taken":0,"max_hp_gain":0,"max_hp_loss":0,"event_name":"Designer","floor":39,"gold_loss":110,"cards_upgraded":["Twin Strike"]},{"damage_healed":0,"gold_gain":0,"player_choice":"Fight","damage_taken":0,"max_hp_gain":0,"max_hp_loss":0,"event_name":"Mysterious Sphere","floor":41,"gold_loss":0},{"cards_removed":["Strike_R"],"damage_healed":0,"gold_gain":0,"player_choice":"Removed Attack","damage_taken":0,"max_hp_gain":0,"max_hp_loss":0,"event_name":"Falling","floor":44,"gold_loss":0}],"is_beta":false,"boss_relics":[{"not_picked":["Runic Pyramid","Mark of Pain"],"picked":"Calling Bell"},{"not_picked":["SlaversCollar","Cursed Key"],"picked":"Fusion Hammer"}],"items_purged_floors":[7,57],"is_endless":false,"potions_floor_spawned":[1,2,12,20,29,35,37,45,47,49,51,58],"ascension_level":20}}