{"host":"qy1e0kd24tpj3i2m","time":1611673586,"event":{"mods":["Act Like it!","Alarm Clock","BaseMod","Better Skull","Better Vampires","Colored Map","Colored Powertips","Custom Start","Faster Ascension Climbing","Friendly Minions","GifTheSpireLib","Gremlin Skip","Highlight Path","Minty Spire (QoL Compilation)","Permanent Neow","Poor People Problems","Quick Restart","Red Circlet Mod","Relic Filter Mod","Relic Sorter","Reorder Act Four","SacredBarkPlus","Shop Mod","StSLib","SuperFastMode","Transform Curses","没有小屋子和绿帽子啦"],"gold_per_floor":[414,19,39,39,59,93,105,117,117],"floor_reached":8,"language":"ZHS","playtime":372,"items_purged":["Bash"],"score":112,"play_id":"0f35ec65-778e-416b-9a5b-ebc5ed542a1d","local_time":"20210127000626","is_ascension_mode":true,"campfire_choices":[{"data":"Flame Barrier","floor":7.0,"key":"SMITH"}],"circlet_count":0,"master_deck":["AscendersBane","Strike_R","Strike_R","Strike_R","Strike_R","Strike_R","Defend_R","Defend_R","Defend_R","Evolve","Feel No Pain","Flame Barrier+1","Fire Breathing"],"relics":["Burning Blood","Blood Vial","MerchantsRug","MawBank"],"acts_visited":["Exordium"],"potions_floor_usage":[8],"damage_taken":[{"damage":7.0,"enemies":"Jaw Worm","floor":1.0,"turns":5.0},{"damage":9.0,"enemies":"2 Louse","floor":3.0,"turns":4.0},{"damage":10.0,"enemies":"Cultist","floor":5.0,"turns":5.0},{"damage":13.0,"enemies":"3 Sentries","floor":6.0,"turns":13.0},{"damage":35,"enemies":"Lagavulin","floor":8,"turns":5}],"seed_played":"-3734549221999689690","potions_obtained":[{"floor":1.0,"key":"LiquidBronze"},{"floor":5.0,"key":"LiquidBronze"}],"is_trial":false,"path_per_floor":["M","$","M","?","M","E","R","E"],"character_chosen":"IRONCLAD","items_purchased":["Blood Vial","MerchantsRug"],"campfire_rested":0,"item_purchase_floors":[2,2],"current_hp_per_floor":[49,49,48,41,39,34,34,1,1],"gold":117,"neow_bonus":"ONE_RARE_RELIC","is_daily":false,"chose_seed":false,"campfire_upgraded":1,"win_rate":0.0,"timestamp":1611673586,"path_taken":["M","$","M","?","M","E","R","E"],"items_purchased_type":["Relic","Relic"],"build_version":"2020-12-22","purchased_purges":1,"victory":false,"max_hp_per_floor":[75,75,75,75,75,75,75,75,75],"card_choices":[{"not_picked":["Carnage","Dual Wield"],"picked":"Evolve","floor":1.0},{"not_picked":["Twin Strike","Cleave"],"picked":"Feel No Pain","floor":3.0},{"not_picked":["Heavy Blade","Power Through"],"picked":"Flame Barrier","floor":5.0},{"not_picked":["Warcry","Clash"],"picked":"Fire Breathing","floor":6.0}],"player_experience":946122,"relics_obtained":[{"floor":6.0,"key":"MawBank"}],"event_choices":[{"cards_removed":["Defend_R"],"damage_healed":0.0,"max_hp_gain":0.0,"max_hp_loss":0.0,"gold_gain":0.0,"event_name":"Golden Wing","player_choice":"Card Removal","floor":4.0,"gold_loss":0.0,"damage_taken":7.0}],"is_beta":false,"boss_relics":[],"items_purged_floors":[2],"is_endless":false,"potions_floor_spawned":[1,5],"killed_by":"Lagavulin","ascension_level":20}}