{"host":"zrerxgu8lagrk16e","time":1611692885,"event":{"mods":["AchievementEnabler","BaseMod","Better Altar","Better Match","Better Note","Better Sensory Stone","Better Skull","Better Third Choice","Colored Map","Colored Powertips","Minty Spire (QoL Compilation)","Permanent Neow","Quick Restart","Relic Stats","StSLib","slay the spire mod where everything is the same but ironclad has a cowboy hat"],"gold_per_floor":[113,15,26,0,19,51,51,80,80,99,114,128,157,172,172,275,275,287,303,303,303,303,334,334,368,368,368,368],"floor_reached":27,"language":"ENG","playtime":1925,"items_purged":[],"score":408,"play_id":"56f839a7-5b36-44e2-a472-e49096c17232","local_time":"20210126152805","is_ascension_mode":true,"campfire_choices":[{"floor":7,"key":"REST"},{"data":"Inflame","floor":15,"key":"SMITH"},{"data":"Reaper","floor":24,"key":"SMITH"}],"circlet_count":0,"master_deck":["Strike_R","Strike_R","Strike_R","Strike_R","Strike_R","Defend_R","Defend_R","Defend_R","Defend_R","Bash","Corruption","Cleave","Twin Strike","Clash","Twin Strike","Enlightenment","Clash","Offering","Warcry","Perfected Strike","Spot Weakness","Anger","Twin Strike","Inflame+1","Reaper+1","Heavy Blade","Spot Weakness","Thunderclap","Double Tap"],"relics":["Burning Blood","Letter Opener","Singing Bowl","Pear","Art of War","Mark of Pain","Thread and Needle","Enchiridion","StrikeDummy","Self Forming Clay","Kunai"],"acts_visited":["Exordium","TheCity"],"potions_floor_usage":[5,6,11,16,23,23],"damage_taken":[{"damage":18,"enemies":"Cultist","floor":1,"turns":6},{"damage":12,"enemies":"Small Slimes","floor":3,"turns":2},{"damage":0,"enemies":"Jaw Worm","floor":5,"turns":1},{"damage":21,"enemies":"3 Sentries","floor":6,"turns":6},{"damage":6,"enemies":"Gremlin Nob","floor":8,"turns":2},{"damage":6,"enemies":"Looter","floor":10,"turns":2},{"damage":1,"enemies":"Blue Slaver","floor":11,"turns":2},{"damage":1,"enemies":"2 Fungi Beasts","floor":12,"turns":3},{"damage":14,"enemies":"3 Sentries","floor":13,"turns":4},{"damage":9,"enemies":"Lots of Slimes","floor":14,"turns":2},{"damage":6,"enemies":"Slime Boss","floor":16,"turns":7},{"damage":7,"enemies":"Spheric Guardian","floor":18,"turns":3},{"damage":0,"enemies":"Chosen","floor":19,"turns":3},{"damage":52,"enemies":"Book of Stabbing","floor":23,"turns":5},{"damage":46,"enemies":"Gremlin Leader","floor":25,"turns":5},{"damage":19,"enemies":"Slavers","floor":27,"turns":1}],"seed_played":"4140091436923856636","potions_obtained":[{"floor":1,"key":"Energy Potion"},{"floor":5,"key":"ElixirPotion"},{"floor":8,"key":"GamblersBrew"},{"floor":10,"key":"Block Potion"},{"floor":16,"key":"Block Potion"},{"floor":18,"key":"Energy Potion"}],"is_trial":false,"path_per_floor":["M","$","M","?","M","E","R","E","T","M","M","M","E","M","R","B",null,"M","M","?","?","?","E","R","E","T","E"],"character_chosen":"IRONCLAD","items_purchased":["Twin Strike","Clash"],"campfire_rested":1,"item_purchase_floors":[2,2],"current_hp_per_floor":[44,44,38,44,50,35,60,60,70,70,75,80,72,69,69,69,96,95,96,96,96,80,41,41,16,16,0,0],"gold":368,"neow_bonus":"THREE_RARE_CARDS","is_daily":false,"chose_seed":false,"campfire_upgraded":2,"win_rate":0.0,"timestamp":1611692885,"path_taken":["M","$","?","?","M","E","R","E","T","M","M","M","E","M","R","BOSS","M","M","?","?","?","E","R","E","T","E"],"items_purchased_type":["Card","Card"],"build_version":"2020-12-22","purchased_purges":0,"victory":false,"max_hp_per_floor":[80,80,80,86,86,86,86,86,96,96,96,96,96,96,96,96,96,96,96,96,96,96,96,96,96,96,96,96],"relic_stats":{"Singing Bowl":0,"counters":[16,54],"Self Forming Clay":[0],"Art of War":[1],"Letter Opener":[30],"Kunai":[1],"obtain_stats":[{"Pear":9,"Singing Bowl":8,"Self Forming Clay":25,"Enchiridion":22,"Thread and Needle":20,"Mark of Pain":17,"Art of War":13,"Letter Opener":6,"Kunai":26,"StrikeDummy":23,"Burning Blood":0},{"Pear":5,"Singing Bowl":5,"Self Forming Clay":15,"Enchiridion":13,"Thread and Needle":13,"Mark of Pain":11,"Art of War":9,"Letter Opener":4,"Kunai":15,"StrikeDummy":14,"Burning Blood":0},{"Pear":17,"Singing Bowl":17,"Self Forming Clay":53,"Enchiridion":43,"Thread and Needle":43,"Mark of Pain":37,"Art of War":28,"Letter Opener":15,"Kunai":53,"StrikeDummy":48,"Burning Blood":0}],"Burning Blood":84},"card_choices":[{"not_picked":["Exhume","Fiend Fire"],"picked":"Corruption","floor":0},{"not_picked":["Clothesline","Body Slam"],"picked":"Cleave","floor":1},{"not_picked":["Clothesline","Hemokinesis"],"picked":"Twin Strike","floor":3},{"not_picked":["Bloodletting","Disarm"],"picked":"Clash","floor":5},{"not_picked":["Havoc","Body Slam"],"picked":"Offering","floor":6},{"not_picked":["Clothesline","Shrug It Off"],"picked":"Warcry","floor":8},{"not_picked":["Searing Blow","Seeing Red"],"picked":"Perfected Strike","floor":10},{"not_picked":["Headbutt","Metallicize"],"picked":"Spot Weakness","floor":11},{"not_picked":["Shrug It Off","Wild Strike"],"picked":"Anger","floor":12},{"not_picked":["Body Slam","Heavy Blade"],"picked":"Twin Strike","floor":13},{"not_picked":["True Grit","Body Slam"],"picked":"Inflame","floor":14},{"not_picked":["Exhume","Juggernaut"],"picked":"Reaper","floor":16},{"not_picked":["Power Through","Intimidate"],"picked":"Heavy Blade","floor":18},{"not_picked":["Burning Pact","Cleave+1"],"picked":"Spot Weakness","floor":19},{"not_picked":["Sword Boomerang","Havoc+1"],"picked":"Thunderclap","floor":23},{"not_picked":["Evolve","Heavy Blade"],"picked":"Double Tap","floor":25}],"player_experience":167115,"relics_obtained":[{"floor":6,"key":"Letter Opener"},{"floor":8,"key":"Singing Bowl"},{"floor":9,"key":"Pear"},{"floor":13,"key":"Art of War"},{"floor":22,"key":"Enchiridion"},{"floor":23,"key":"StrikeDummy"},{"floor":25,"key":"Self Forming Clay"},{"floor":26,"key":"Kunai"}],"event_choices":[{"damage_healed":0,"gold_gain":0,"player_choice":"RENOUNCE","damage_taken":26,"max_hp_gain":0,"max_hp_loss":0,"event_name":"betterThird:BetterSerpent","floor":4,"gold_loss":26,"cards_obtained":["Enlightenment"]},{"damage_healed":0,"gold_gain":0,"player_choice":"Opened","damage_taken":0,"relics_obtained":["Thread and Needle"],"max_hp_gain":0,"max_hp_loss":0,"event_name":"The Mausoleum","floor":20,"gold_loss":0},{"damage_healed":0,"gold_gain":0,"player_choice":"Ignored","damage_taken":0,"max_hp_gain":0,"max_hp_loss":0,"event_name":"Ghosts","floor":21,"gold_loss":0},{"damage_healed":0,"gold_gain":0,"player_choice":"Obtained Book","damage_taken":16,"max_hp_gain":0,"max_hp_loss":0,"event_name":"Cursed Tome","floor":22,"gold_loss":0}],"is_beta":false,"boss_relics":[{"not_picked":["Tiny House","Velvet Choker"],"picked":"Mark of Pain"}],"items_purged_floors":[],"is_endless":false,"potions_floor_spawned":[1,5,8,10,16,18],"killed_by":"Slavers","ascension_level":2}}