{"host":"hfxahm4y1ssattqc","time":1611636333,"event":{"mods":["2.2 Compatiblity","Act Like it!","Aspiration","BaseMod","Beaked The Cultist","Better Third Choice","BetterRewards","Colored Map","Colored Powertips","Custom Start","Googly Eyes","Halation","Hallownest","Hermit","Highlight Path","Hubris","Mimic Mod","Minty Spire (QoL Compilation)","Reorder Act Four","Shop Mod","Spikes Relics","StSLib","The Bug Knight","The IronCluck","The Jungle","Unknown Chances","slay the spire mod where everything is the same but ironclad has a cowboy hat"],"gold_per_floor":[109,109,129,52,52,82,82,98,98,98,114,114,128,49,49,154,154,168,168,131,148,162,162,173,173,173,173],"floor_reached":26,"language":"ENG","playtime":2990,"items_purged":[],"score":333,"play_id":"e9ce240c-2fd0-4e3f-b002-ac92da1ddf64","local_time":"20210125204533","is_ascension_mode":false,"campfire_choices":[{"data":"Eruption","floor":7,"key":"SMITH"},{"data":"Indignation","floor":12,"key":"SMITH"},{"floor":15,"key":"REST"},{"floor":23,"key":"REST"},{"data":"Evaluate","floor":25,"key":"SMITH"}],"circlet_count":0,"master_deck":["Strike_P","Strike_P","Strike_P","Strike_P","Defend_P","Defend_P","Defend_P","Defend_P","Eruption+1","Vigilance+1","Conclude+1","Indignation+1","Eruption+1","FollowUp+1","Prostrate+1","TalkToTheHand+1","LessonLearned+1","FearNoEvil+1","WheelKick+1","Evaluate+1","Prostrate+1"],"relics":["PureWater","Molten Egg 2","aspiration:Nostalgia","hermit:Momento","halation:LostSnail","Bottled Lightning","Centennial Puzzle","Mango","aspiration:RunicSpoon"],"acts_visited":["Exordium","TheCity"],"potions_floor_usage":[],"damage_taken":[{"damage":0,"enemies":"Cultist","floor":1,"turns":4},{"damage":0,"enemies":"Small Slimes","floor":3,"turns":1},{"damage":0,"enemies":"Lagavulin","floor":6,"turns":2},{"damage":6,"enemies":"Jaw Worm","floor":8,"turns":2},{"damage":17,"enemies":"3 Louse","floor":11,"turns":2},{"damage":8,"enemies":"Lots of Slimes","floor":13,"turns":2},{"damage":30,"enemies":"Hexaghost","floor":16,"turns":7},{"damage":2,"enemies":"Chosen","floor":18,"turns":3},{"damage":8,"enemies":"Shell Parasite","floor":21,"turns":4},{"damage":38,"enemies":"Snake Plant","floor":22,"turns":7},{"damage":19,"enemies":"Centurion and Healer","floor":24,"turns":4},{"damage":45,"enemies":"3 Cultists","floor":26,"turns":12}],"seed_played":"8914740356040184191","potions_obtained":[{"floor":6,"key":"Strength Potion"},{"floor":13,"key":"AttackPotion"},{"floor":21,"key":"SteroidPotion"}],"is_trial":false,"path_per_floor":["M","?","M","$","T","E","R","M","T","?","M","R","M","$","R","B",null,"M","?","$","M","M","R","M","R","MIM"],"character_chosen":"WATCHER","items_purchased":["Molten Egg 2","aspiration:Nostalgia","Conclude+1","halation:LostSnail","TalkToTheHand+1","WheelKick+1"],"campfire_rested":2,"item_purchase_floors":[0,0,0,4,14,20],"current_hp_per_floor":[72,72,72,72,72,72,72,66,80,80,63,63,55,55,80,50,86,84,84,84,76,38,63,44,44,0,0],"gold":173,"neow_bonus":"","is_daily":false,"chose_seed":false,"campfire_upgraded":3,"win_rate":0.0,"timestamp":1611636333,"path_taken":["M","?","?","?","?","E","R","M","T","?","?","R","M","?","R","BOSS","M","?","$","M","M","R","M","R","MIM"],"items_purchased_type":["Relic","Relic","Card","Relic","Card","Card"],"build_version":"2020-12-22","purchased_purges":0,"victory":false,"max_hp_per_floor":[72,72,72,72,72,72,72,72,86,86,86,86,86,86,86,86,86,86,86,86,86,86,86,86,86,86,86],"card_choices":[{"not_picked":["Crescendo","EmptyMind"],"picked":"Indignation","floor":1},{"not_picked":["FlurryOfBlows+1","Swivel"],"picked":"FollowUp+1","floor":3},{"not_picked":["Prostrate","SashWhip+1","WindmillStrike+1"],"picked":"SKIP","floor":6},{"not_picked":["EmptyFist+1","SashWhip+1","Prostrate"],"picked":"SKIP","floor":8},{"not_picked":["BowlingBash+1","JustLucky+1","Establishment"],"picked":"SKIP","floor":11},{"not_picked":["PathToVictory","ThirdEye"],"picked":"Prostrate","floor":13},{"not_picked":["Establishment","Vault"],"picked":"LessonLearned+1","floor":16},{"not_picked":["FlurryOfBlows+1","CutThroughFate+1"],"picked":"FearNoEvil+1","floor":18},{"not_picked":["JustLucky+1","DeceiveReality+1"],"picked":"Evaluate","floor":21},{"not_picked":["Wallop+1","JustLucky+1"],"picked":"Prostrate+1","floor":22},{"not_picked":["FollowUp+1","EmptyMind","FlyingSleeves+1"],"picked":"SKIP","floor":24}],"player_experience":914212,"relics_obtained":[{"floor":5,"key":"Bottled Lightning"},{"floor":6,"key":"Centennial Puzzle"},{"floor":9,"key":"Mango"}],"event_choices":[{"damage_healed":0,"gold_gain":0,"player_choice":"1 cards matched","damage_taken":0,"max_hp_gain":0,"max_hp_loss":0,"event_name":"Match and Keep!","floor":2,"gold_loss":0,"cards_obtained":["Eruption"]},{"damage_healed":0,"gold_gain":0,"player_choice":"Forge","damage_taken":0,"max_hp_gain":0,"max_hp_loss":0,"event_name":"Accursed Blacksmith","floor":10,"gold_loss":0,"cards_upgraded":["Vigilance"]},{"damage_healed":0,"gold_gain":0,"player_choice":"Ignored","damage_taken":0,"max_hp_gain":0,"max_hp_loss":0,"event_name":"Transmorgrifier","floor":19,"gold_loss":0}],"is_beta":false,"boss_relics":[{"not_picked":["Runic Pyramid","Astrolabe"],"picked":"aspiration:RunicSpoon"}],"items_purged_floors":[],"is_endless":false,"potions_floor_spawned":[6,13,21,22],"killed_by":"3 Cultists","ascension_level":0}}