{"host":"rw7a2h039i1hcs3q","time":1611680854,"event":{"mods":["BaseMod","Better Altar","Better Match","Better Note","Better Sensory Stone","Better Skull","Better Third Choice","Booster Modes","Colored Powertips","Downfall","Halation","Hermit","Highlight Path","Hubris","Infinite Spire","Jedi Mod","Minty Spire (QoL Compilation)","Random Character Button","Rare Cards Sparkle","StSLib","The Cursed","Unceasing Turn Reminder"],"gold_per_floor":[99,118,131,131,146,56,56,86,96,111,96,96,96,110,123,228,228,228,244,129,144,155,174,174,174],"floor_reached":23,"language":"ENG","playtime":2017,"items_purged":["champ:ArenaPreparation","champ:Strike"],"score":222,"play_id":"adebf1d7-fc32-446c-a5d8-76c369c27cea","local_time":"20210126180734","is_ascension_mode":false,"campfire_choices":[{"data":"champ:Taunt","floor":1,"key":"SMITH"},{"floor":12,"key":"RECALL"},{"data":"champ:CrownThrow","floor":18,"key":"SMITH"}],"circlet_count":0,"master_deck":["champ:Strike","champ:Strike","champ:Strike","champ:Defend","champ:Defend","champ:Defend","champ:Defend","champ:Execute","champ:Taunt+1","champ:ArenaPreparation","champ:CrownThrow+1","champ:FocusedDefense","champ:BringItOn","champ:SkillfulDodge","champ:CrownThrow","champ:PreciseThrust","champ:VampiricStrike","champ:ShieldSlam+1","champ:ShieldSlam","champ:FlashCut+1","champ:FlashCut+1"],"relics":["champ:ChampionCrown","halation:EternalFortune","infinitespire:BottledMercury","Happy Flower","hubris:RunicObelisk"],"acts_visited":["Exordium","TheCity"],"potions_floor_usage":[10,16,20,20],"damage_taken":[{"damage":11,"enemies":"Cultist","floor":2,"turns":4},{"damage":22,"enemies":"Jaw Worm","floor":3,"turns":5},{"damage":15,"enemies":"2 Louse","floor":5,"turns":3},{"damage":10,"enemies":"downfall:FleeingMerchant","floor":6,"turns":4},{"damage":56,"enemies":"3 Sentries","floor":8,"turns":6},{"damage":13,"enemies":"Red Slaver","floor":9,"turns":3},{"damage":8,"enemies":"Lots of Slimes","floor":10,"turns":3},{"damage":10,"enemies":"downfall:FleeingMerchant","floor":11,"turns":4},{"damage":0,"enemies":"3 Louse","floor":14,"turns":2},{"damage":6,"enemies":"2 Fungi Beasts","floor":15,"turns":2},{"damage":41,"enemies":"IC_STATUS_ARCHETYPE","floor":16,"turns":9},{"damage":12,"enemies":"Shell Parasite","floor":19,"turns":4},{"damage":5,"enemies":"downfall:FleeingMerchant","floor":20,"turns":5},{"damage":10,"enemies":"Chosen","floor":21,"turns":3},{"damage":43,"enemies":"3 Cultists","floor":22,"turns":5},{"damage":10,"enemies":"Centurion and Healer","floor":23,"turns":5}],"seed_played":"7150328280715010803","potions_obtained":[{"floor":2,"key":"champ:CounterPotion"},{"floor":8,"key":"AttackPotion"},{"floor":9,"key":"LiquidBronze"},{"floor":10,"key":"Swift Potion"},{"floor":14,"key":"jedi:StrikingPotion"},{"floor":15,"key":"jedi:StrikingPotion"},{"floor":19,"key":"Strength Potion"},{"floor":23,"key":"Fire Potion"}],"is_trial":false,"path_per_floor":["R","M","M","?","M","$","T","E","M","M","$","R","?","M","M","B",null,"R","M","$","M","M","M"],"character_chosen":"THE_CHAMP","items_purchased":[],"campfire_rested":0,"item_purchase_floors":[],"current_hp_per_floor":[99,98,96,99,99,99,99,68,65,60,60,60,60,60,59,43,105,105,103,103,103,85,85,85,85],"gold":174,"neow_bonus":"TEN_PERCENT_HP_BONUS","is_daily":false,"chose_seed":false,"campfire_upgraded":2,"win_rate":0.0,"timestamp":1611680854,"path_taken":["R","M","?","?","M","?","T","E","M","?","$","R","?","?","M","BOSS","R","M","$","M","M","M"],"items_purchased_type":[],"build_version":"2020-12-22","purchased_purges":2,"victory":false,"max_hp_per_floor":[99,99,99,102,102,102,102,102,102,105,105,105,105,105,105,105,105,105,105,105,105,105,105,105,105],"card_choices":[{"not_picked":["champ:FlashCut","champ:BringItOn"],"picked":"champ:ArenaPreparation","floor":2},{"not_picked":["champ:Backstep","champ:FocusedBerserking"],"picked":"champ:ArenaPreparation","floor":3},{"not_picked":["champ:Parry","champ:Encircle"],"picked":"champ:IronFortress","floor":5},{"not_picked":["champ:FanOfKnives","champ:Endure"],"picked":"champ:CrownThrow","floor":6},{"not_picked":["champ:DefensiveShout","champ:FaceSlap"],"picked":"champ:FocusedDefense","floor":8},{"not_picked":["champ:IronFortress","champ:BerserkersShout"],"picked":"champ:BringItOn","floor":9},{"not_picked":["champ:LastStand","champ:BringItOn"],"picked":"champ:SkillfulDodge","floor":10},{"not_picked":["champ:BladeFlurry","champ:SetATrap","champ:BerserkersShout"],"picked":"SKIP","floor":11},{"not_picked":["champ:BladeFlurry","champ:BerserkersShout"],"picked":"champ:CrownThrow","floor":14},{"not_picked":["champ:StanceDance","champ:BerserkersShout"],"picked":"champ:PreciseThrust","floor":15},{"not_picked":["champ:HeavySlash","champ:UltimateStance"],"picked":"champ:VampiricStrike","floor":16},{"not_picked":["champ:SkillfulDodge","champ:DeathBlow"],"picked":"champ:ShieldSlam+1","floor":19},{"not_picked":["champ:DefensiveShout","champ:FanOfKnives"],"picked":"champ:ShieldSlam","floor":20},{"not_picked":["champ:DeathBlow","champ:UltimateStance"],"picked":"champ:FlashCut+1","floor":21},{"not_picked":["champ:AdrenalArmor","champ:PerfectedStrike"],"picked":"champ:FlashCut+1","floor":22}],"player_experience":132350,"relics_obtained":[{"floor":7,"key":"infinitespire:BottledMercury"},{"floor":8,"key":"Happy Flower"},{"floor":10,"key":"halation:EternalFortune"}],"event_choices":[],"is_beta":false,"boss_relics":[{"not_picked":["SacredBark","Busted Crown"],"picked":"hubris:RunicObelisk"}],"items_purged_floors":[6,20],"is_endless":false,"potions_floor_spawned":[2,8,9,10,14,15,19,23],"killed_by":"Centurion and Healer","ascension_level":0}}