{"host":"ooa7gbxz3ilj1hm6","time":1611637947,"event":{"mods":["BaseMod","Colored Map","Downfall","Highlight Path","Minty Spire (QoL Compilation)","StSLib"],"gold_per_floor":[349,365,365,365,385,174,255,255,284,221,221,235,235,250,270,368,368,368,380,233,243,258,258,258,258,273,298,298,173,183,203,213,314,314,314,324,499,513,361,380,459,477,496,522,572,607,149,504,517,517],"floor_reached":51,"language":"ENG","playtime":3319,"items_purged":[],"score":906,"play_id":"85469295-01a7-4341-9ac0-ad20d99fb4fa","local_time":"20210125221227","is_ascension_mode":false,"campfire_choices":[{"data":"Slimebound:Split","floor":1,"key":"SMITH"},{"data":"Slimebound:SplitBruiser","floor":8,"key":"SMITH"},{"data":"Slimebound:Darklings","floor":11,"key":"SMITH"},{"data":"Slimebound:LivingWall","floor":13,"key":"SMITH"},{"data":"Slimebound:MassRepurpose","floor":18,"key":"SMITH"},{"floor":25,"key":"REST"},{"data":"Slimebound:OneTwoCombo","floor":35,"key":"SMITH"}],"circlet_count":0,"master_deck":["Slimebound:Strike_Slimebound","Slimebound:Strike_Slimebound","Slimebound:Tackle","Slimebound:Defend_Slimebound","Slimebound:Defend_Slimebound","Slimebound:Defend_Slimebound","Slimebound:Defend_Slimebound","Slimebound:Split+1","Slimebound:CorrosiveSpit","Injury","Slimebound:SplitBruiser+1","Slimebound:SplitMire","Slimebound:SplitLeeching","Slimebound:Darklings+1","Slimebound:LivingWall+1","Slimebound:SplitLeeching","Slimebound:SlimeSpikes","Slimebound:MassRepurpose+1","Slimebound:SplitLeeching","Slimebound:SplitLeeching","Slimebound:ForwardTackle","Slimebound:SplitAcid","Slimebound:SlimeSpikes","Slimebound:SplitBruiser","Slimebound:ServeAndProtect","Slimebound:SlimeTap","Slimebound:SlimeBarrage","Slimebound:SplitAcid+1","Slimebound:OneTwoCombo+1","Slimebound:SplitBruiser","Slimebound:LevelUp","Slimebound:SplitLeeching","Slimebound:SplitMire","Slimebound:DivideAndConquer+1","Slimebound:SplitSpecialist","Slimebound:SplitBruiser","Slimebound:SplitBruiser","Slimebound:DivideAndConquer+1"],"relics":["Slimebound:AbsorbEndCombat","Anchor","Meat on the Bone","Question Card","SlaversCollar","Matryoshka","Bag of Marbles","Runic Pyramid","Lee\u0027s Waffle","Bronze Scales","Lantern","Bottled Lightning","Kunai","Prayer Wheel","Orichalcum","Vajra","Mercury Hourglass","Old Coin"],"acts_visited":["Exordium","TheCity","TheBeyond"],"potions_floor_usage":[16],"damage_taken":[{"damage":0,"enemies":"Small Slimes","floor":2,"turns":3},{"damage":4,"enemies":"Cultist","floor":5,"turns":3},{"damage":0,"enemies":"downfall:FleeingMerchant","floor":6,"turns":4},{"damage":16,"enemies":"Gremlin Nob","floor":9,"turns":3},{"damage":2,"enemies":"downfall:FleeingMerchant","floor":10,"turns":4},{"damage":0,"enemies":"Jaw Worm","floor":12,"turns":3},{"damage":7,"enemies":"3 Louse","floor":14,"turns":4},{"damage":0,"enemies":"Gremlin Gang","floor":15,"turns":3},{"damage":13,"enemies":"IC_STATUS_ARCHETYPE","floor":16,"turns":8},{"damage":14,"enemies":"Spheric Guardian","floor":19,"turns":5},{"damage":4,"enemies":"downfall:FleeingMerchant","floor":20,"turns":4},{"damage":3,"enemies":"Shell Parasite","floor":21,"turns":4},{"damage":49,"enemies":"3 Cultists","floor":22,"turns":7},{"damage":0,"enemies":"Centurion and Healer","floor":26,"turns":6},{"damage":8,"enemies":"Gremlin Leader","floor":27,"turns":6},{"damage":21,"enemies":"downfall:FleeingMerchant","floor":29,"turns":4},{"damage":8,"enemies":"Cultist and Chosen","floor":30,"turns":5},{"damage":16,"enemies":"Sentry and Sphere","floor":31,"turns":6},{"damage":28,"enemies":"Shelled Parasite and Fungi","floor":32,"turns":6},{"damage":28,"enemies":"WA_ARCHETYPE_CALM","floor":33,"turns":10},{"damage":7,"enemies":"3 Shapes","floor":36,"turns":4},{"damage":14,"enemies":"downfall:FleeingMerchant","floor":37,"turns":3},{"damage":0,"enemies":"Orb Walker","floor":38,"turns":4},{"damage":9,"enemies":"3 Darklings","floor":40,"turns":4},{"damage":39,"enemies":"Transient","floor":42,"turns":5},{"damage":1,"enemies":"Sphere and 2 Shapes","floor":43,"turns":3},{"damage":0,"enemies":"Nemesis","floor":44,"turns":3},{"damage":0,"enemies":"Nemesis","floor":45,"turns":3},{"damage":0,"enemies":"Giant Head","floor":46,"turns":6},{"damage":20,"enemies":"2 Orb Walkers","floor":48,"turns":4},{"damage":13,"enemies":"4 Shapes","floor":49,"turns":4},{"damage":3,"enemies":"SI_POISON_ARCHETYPE","floor":50,"turns":8}],"seed_played":"5291327610304861634","potions_obtained":[{"floor":9,"key":"LiquidMemories"},{"floor":14,"key":"ColorlessPotion"},{"floor":15,"key":"DuplicationPotion"},{"floor":19,"key":"Slimebound:SpawnSlimePotion"},{"floor":31,"key":"DuplicationPotion"},{"floor":33,"key":"Block Potion"}],"is_trial":false,"path_per_floor":["R","M","?","?","M","$","T","R","E","$","R","M","R","M","M","B",null,"R","M","$","M","M","?","T","R","M","E","?","$","M","M","M","B",null,"R","M","$","M","$","M","T","M","M","E","?","E","$","?","M","B",null],"character_chosen":"SLIMEBOUND","items_purchased":["Slimebound:SplitLeeching","Anchor","Slimebound:SplitLeeching","Slimebound:SplitLeeching","Slimebound:ForwardTackle","Slimebound:SlimeTap","Slimebound:SlimeBarrage","Lee\u0027s Waffle","Slimebound:LevelUp","Bronze Scales","Slimebound:SplitBruiser","Vajra","Mercury Hourglass"],"campfire_rested":1,"item_purchase_floors":[6,6,10,20,20,29,29,37,37,39,47,47,47],"current_hp_per_floor":[65,65,70,70,68,70,70,70,56,58,58,62,62,61,63,58,70,70,58,58,59,30,30,30,51,57,53,53,46,40,38,24,16,70,70,67,77,77,77,70,70,49,48,52,54,62,62,42,43,48],"gold":517,"neow_bonus":"TWO_FIFTY_GOLD","is_daily":false,"chose_seed":false,"campfire_upgraded":6,"win_rate":0.0,"timestamp":1611637947,"path_taken":["R","M","?","?","M","$","T","R","E","$","R","?","R","M","M","BOSS","R","M","$","M","M","?","T","R","M","E","?","$","?","M","M","BOSS","R","M","$","M","$","?","T","?","M","E","?","E","?","?","M","BOSS"],"items_purchased_type":["Card","Relic","Card","Card","Card","Card","Card","Relic","Card","Relic","Card","Relic","Relic"],"build_version":"2020-12-22","purchased_purges":0,"victory":true,"max_hp_per_floor":[65,65,70,70,70,70,70,70,70,70,70,70,70,70,70,70,70,70,70,70,70,70,70,70,70,70,70,70,70,70,70,70,70,70,70,70,77,77,77,77,77,77,77,77,77,77,77,77,77,77],"card_choices":[{"not_picked":["Slimebound:Prepare","Slimebound:SlimeBrawl"],"picked":"Slimebound:SplitBruiser","floor":2},{"not_picked":["Slimebound:SamplingLick","Slimebound:Prepare","Slimebound:RollThrough"],"picked":"SKIP","floor":5},{"not_picked":["Slimebound:ViciousTackle","Slimebound:Overexert"],"picked":"Slimebound:SplitMire","floor":6},{"not_picked":["Slimebound:SplitAcid","Slimebound:SplitLeeching"],"picked":"Slimebound:Darklings","floor":9},{"not_picked":["Slimebound:FlameTackle","Slimebound:ForwardTackle","Slimebound:SamplingLick"],"picked":"Slimebound:LivingWall","floor":10},{"not_picked":["Slimebound:PressTheAttack","Slimebound:FormOfPuddle","Slimebound:RainOfGoop"],"picked":"Slimebound:SlimeSpikes","floor":12},{"not_picked":["Slimebound:RollThrough","Slimebound:LeechEnergy","Slimebound:Prepare","Slimebound:FinishingTackle"],"picked":"SKIP","floor":14},{"not_picked":["Slimebound:OozeBath","Slimebound:TongueLash","Slimebound:FinishingTackle","Slimebound:GoopTackle"],"picked":"SKIP","floor":15},{"not_picked":["Slimebound:OozeBath","Slimebound:FirmFortitude","Slimebound:SlimeSlap"],"picked":"Slimebound:MassRepurpose","floor":16},{"not_picked":["Slimebound:AcidTongue","Slimebound:SlimeBarrage+1","Slimebound:DivideAndConquer"],"picked":"Slimebound:SplitLeeching","floor":19},{"not_picked":["Slimebound:RollThrough","Slimebound:SlimeBrawl+1","Slimebound:GoopSpray","Slimebound:Schlurp"],"picked":"SKIP","floor":20},{"not_picked":["Slimebound:SlimeBrawl","Slimebound:Replication","Slimebound:FinishingTackle","Slimebound:PressTheAttack"],"picked":"SKIP","floor":21},{"not_picked":["Slimebound:LeechEnergy","Slimebound:SamplingLick","Slimebound:LivingWall"],"picked":"Slimebound:SplitAcid","floor":22},{"not_picked":["Slimebound:Prepare+1","Slimebound:RollThrough+1","Slimebound:GoopTackle"],"picked":"Slimebound:SlimeSpikes","floor":26},{"not_picked":["Slimebound:RollThrough","Slimebound:PressTheAttack","Slimebound:FinishingTackle"],"picked":"Slimebound:SplitBruiser","floor":27},{"not_picked":["Slimebound:LeechingTouch","Slimebound:Schlurp","Slimebound:FlameTackle"],"picked":"Slimebound:ServeAndProtect","floor":29},{"not_picked":["Slimebound:FormOfPuddle+1","Slimebound:GoopSpray+1","Slimebound:Dissolve","Slimebound:Schlurp"],"picked":"SKIP","floor":30},{"not_picked":["Slimebound:ViciousTackle","Slimebound:LeechingTouch+1","Slimebound:FirmFortitude","Slimebound:AcidTongue"],"picked":"SKIP","floor":31},{"not_picked":["Slimebound:PressTheAttack","Slimebound:TongueLash","Slimebound:SplitBruiser+1"],"picked":"Slimebound:SplitAcid+1","floor":32},{"not_picked":["Slimebound:OozeBath","Slimebound:WasteNot","Slimebound:DuplicatedForm"],"picked":"Slimebound:OneTwoCombo","floor":33},{"not_picked":["Slimebound:LivingWall+1","Slimebound:SlimeTap+1","Slimebound:Schlurp"],"picked":"Slimebound:SplitBruiser","floor":36},{"not_picked":["Slimebound:ProtectTheBoss+1","Slimebound:GoopTackle+1","Slimebound:HauntingLick+1","Slimebound:SlimeBrawl+1"],"picked":"SKIP","floor":37},{"not_picked":["Slimebound:Recycling","Slimebound:Replication","Slimebound:Prepare","Slimebound:DisruptingSlam"],"picked":"SKIP","floor":38},{"not_picked":["Slimebound:LivingWall+1","Slimebound:BestDefense+1","Slimebound:SlimeSpikes+1","Slimebound:Dissolve+1"],"picked":"SKIP","floor":40},{"not_picked":["Slimebound:FinishingTackle","Slimebound:ForwardTackle","Slimebound:AcidTongue+1"],"picked":"Slimebound:SplitLeeching","floor":42},{"not_picked":["Slimebound:SplitBruiser","Slimebound:Prepare+1","Slimebound:LivingWall+1"],"picked":"Slimebound:SplitMire","floor":43},{"not_picked":["Slimebound:GoopSpray","Slimebound:Recollect+1","Slimebound:FirmFortitude","Slimebound:BestDefense"],"picked":"SKIP","floor":44},{"not_picked":["Slimebound:SamplingLick+1","Slimebound:Gluttony","Slimebound:SplitBruiser+1"],"picked":"Slimebound:DivideAndConquer+1","floor":45},{"not_picked":["Slimebound:RollThrough+1","Slimebound:SpikyOuterGoop+1","Slimebound:GoopTackle+1"],"picked":"Slimebound:SplitSpecialist","floor":46},{"not_picked":["Slimebound:RollThrough+1","Slimebound:Prepare","Slimebound:Nibble"],"picked":"Slimebound:SplitBruiser","floor":49},{"not_picked":["Slimebound:LeechEnergy","Slimebound:SlimeBrawl+1","Slimebound:ComboTackle"],"picked":"Slimebound:DivideAndConquer+1","floor":49}],"player_experience":38348,"relics_obtained":[{"floor":7,"key":"Meat on the Bone"},{"floor":9,"key":"Question Card"},{"floor":24,"key":"Matryoshka"},{"floor":27,"key":"Bag of Marbles"},{"floor":41,"key":"Lantern"},{"floor":41,"key":"Bottled Lightning"},{"floor":44,"key":"Kunai"},{"floor":45,"key":"Prayer Wheel"},{"floor":46,"key":"Orichalcum"},{"floor":48,"key":"Old Coin"}],"event_choices":[{"damage_healed":0,"gold_gain":0,"player_choice":"Donut","damage_taken":0,"max_hp_gain":5,"max_hp_loss":0,"event_name":"Big Fish","floor":3,"gold_loss":0},{"damage_healed":0,"gold_gain":0,"player_choice":"Ignored","damage_taken":0,"max_hp_gain":0,"max_hp_loss":0,"event_name":"NoteForYourself","floor":4,"gold_loss":0},{"cards_removed":["Slimebound:Strike_Slimebound"],"damage_healed":0,"gold_gain":0,"player_choice":"Offered Basic","damage_taken":0,"max_hp_gain":0,"max_hp_loss":0,"event_name":"Bonfire Elementals","floor":28,"gold_loss":0},{"damage_healed":0,"gold_gain":0,"player_choice":"Fight","damage_taken":0,"max_hp_gain":0,"max_hp_loss":0,"event_name":"Mysterious Sphere","floor":48,"gold_loss":0}],"is_beta":false,"boss_relics":[{"not_picked":["Sozu","SacredBark"],"picked":"SlaversCollar"},{"not_picked":["Snecko Eye","Runic Dome"],"picked":"Runic Pyramid"}],"items_purged_floors":[],"is_endless":false,"potions_floor_spawned":[9,14,15,19,21,26,31,33,36,40,43,44,45,49],"ascension_level":0}}