{"host":"p7j7o00jacnw7qzt","time":1611645754,"event":{"mods":["BaseMod","Colored Map","Colored Powertips","DeckTracker","Highlight Path","Minty Spire (QoL Compilation)","Relic Stats"],"gold_per_floor":[118,193,118,138,138,170,170,170,222,235,235,235],"floor_reached":11,"language":"ZHS","playtime":120,"items_purged":["Strike_G"],"score":192,"play_id":"b3b4d9b3-0bd9-457c-8a0a-d8a059376212","local_time":"20210126022234","is_ascension_mode":true,"campfire_choices":[],"circlet_count":0,"master_deck":["AscendersBane","Strike_G","Strike_G","Strike_G","Defend_G","Defend_G","Defend_G","Defend_G","Defend_G","Survivor","Neutralize","Blade Dance","Deadly Poison"],"relics":["Ring of the Snake","NeowsBlessing","Bag of Marbles"],"acts_visited":["Exordium"],"potions_floor_usage":[],"damage_taken":[{"damage":0.0,"enemies":"Jaw Worm","floor":1.0,"turns":1.0},{"damage":0.0,"enemies":"2 Louse","floor":4.0,"turns":1.0},{"damage":0.0,"enemies":"Gremlin Nob","floor":6.0,"turns":1.0},{"damage":0,"enemies":"Small Slimes","floor":10,"turns":3},{"damage":0,"enemies":"3 Sentries","floor":11,"turns":1}],"seed_played":"-1127638809716159858","potions_obtained":[{"floor":4.0,"key":"Strength Potion"},{"floor":10,"key":"SneckoOil"}],"is_trial":false,"path_per_floor":["M","?","$","M","?","E","?","?","T","M","E"],"character_chosen":"THE_SILENT","items_purchased":[],"campfire_rested":0,"item_purchase_floors":[],"current_hp_per_floor":[59,48,48,48,48,48,48,48,48,48,48,48],"gold":235,"neow_bonus":"THREE_ENEMY_KILL","is_daily":false,"chose_seed":false,"campfire_upgraded":0,"win_rate":0.0,"timestamp":1611645754,"path_taken":["M","?","$","M","?","E","?","?","T","?","E"],"items_purchased_type":[],"build_version":"2020-12-22","purchased_purges":1,"victory":false,"max_hp_per_floor":[66,66,66,66,66,66,66,66,66,66,66,66],"relic_stats":{"counters":[5,7],"obtain_stats":[{"NeowsBlessing":0,"Bag of Marbles":9,"Ring of the Snake":0},{"NeowsBlessing":0,"Bag of Marbles":3,"Ring of the Snake":0},{"NeowsBlessing":0,"Bag of Marbles":3,"Ring of the Snake":0}],"Ring of the Snake":[10]},"card_choices":[{"not_picked":["Flying Knee","Reflex"],"picked":"Blade Dance","floor":1.0},{"not_picked":["Dodge and Roll","Eviscerate","Slice"],"picked":"SKIP","floor":4.0},{"not_picked":["Distraction","Cloak And Dagger","Dodge and Roll"],"picked":"SKIP","floor":6.0},{"not_picked":["Dagger Throw","Dash"],"picked":"Deadly Poison","floor":10}],"player_experience":1052535,"relics_obtained":[{"floor":9,"key":"Bag of Marbles"}],"event_choices":[{"damage_healed":0.0,"max_hp_gain":0.0,"max_hp_loss":0.0,"gold_gain":75.0,"event_name":"World of Goop","player_choice":"Gather Gold","floor":2.0,"gold_loss":0.0,"damage_taken":11.0},{"damage_healed":0.0,"max_hp_gain":0.0,"max_hp_loss":0.0,"gold_gain":0.0,"event_name":"Scrap Ooze","player_choice":"Fled","floor":5.0,"gold_loss":0.0,"damage_taken":0.0},{"damage_healed":0.0,"max_hp_gain":0.0,"max_hp_loss":0.0,"gold_gain":0.0,"event_name":"Liars Game","player_choice":"Ignored","floor":7.0,"gold_loss":0.0,"damage_taken":0.0},{"cards_removed":["Strike_G"],"damage_healed":0,"gold_gain":0,"player_choice":"Forget","damage_taken":0,"max_hp_gain":0,"max_hp_loss":0,"event_name":"Living Wall","floor":8,"gold_loss":0}],"is_beta":false,"boss_relics":[],"items_purged_floors":[3],"is_endless":false,"potions_floor_spawned":[4,10],"killed_by":"3 Sentries","ascension_level":20}}