{"host":"1g0zx6fxgd1m75qs","time":1611662144,"event":{"mods":["Act Like it!","BaseMod","GifTheSpireLib","Googly Eyes","Ironclad Rager","Menagerie","Minty Spire (QoL Compilation)","Reliquary","StSLib","The Jungle"],"gold_per_floor":[115,130,130,52,52,95,95,118,141,160,160,199,220,235,235,354,354,370,54,70,95,113,156,170,170,196,196,295,295,313,73,73,168,168,183,183,0,0,0],"floor_reached":38,"language":"ENG","playtime":1908,"items_purged":["ICR:DragonStrike"],"score":406,"play_id":"8cb1a424-b8b0-49d7-81c6-593ebac13112","local_time":"20210126125544","is_ascension_mode":false,"campfire_choices":[{"floor":15,"key":"REST"},{"floor":25,"key":"REST"},{"floor":29,"key":"REST"},{"data":"BattleHymn","floor":32,"key":"SMITH"}],"circlet_count":0,"master_deck":["Eruption+1","Vigilance","ICR:CraneWing","ClearTheMind","ThirdEye","BattleHymn+1","EmptyBody+1","Evaluate","FlurryOfBlows+1","FlurryOfBlows","FlurryOfBlows+1","ThirdEye","MasterReality","Weave+1","TalkToTheHand+1","Vengeance+1","EmptyBody","Mayhem","Nirvana","JustLucky","Protect","DeceiveReality","LikeWater","DeusExMachina"],"relics":["PureWater","Menagerie:ShiftingBlessing","Bloody Idol","reliquary:IvoryTrinket","Menagerie:MalignantTentacle","Mercury Hourglass","Astrolabe","reliquary:MudwinsCradle","Whetstone","Gremlin Horn","Empty Cage","Red Mask"],"acts_visited":["Menagerie:Menagerie","TheCity","TheBeyond"],"potions_floor_usage":[8,23,23,23,33],"damage_taken":[{"damage":6,"enemies":"Menagerie:MonstrousExperiment","floor":1,"turns":4},{"damage":0,"enemies":"Menagerie:2_RABBITS","floor":2,"turns":2},{"damage":14,"enemies":"Menagerie:Hydra","floor":6,"turns":6},{"damage":0,"enemies":"Menagerie:StygianBoar","floor":8,"turns":2},{"damage":3,"enemies":"Menagerie:RedMage","floor":10,"turns":6},{"damage":14,"enemies":"Menagerie:VoidReaper","floor":12,"turns":5},{"damage":0,"enemies":"Menagerie:3_RABBITS","floor":13,"turns":3},{"damage":7,"enemies":"Menagerie:BEAST_MAGE_AND_PROWLING_AMALGAM","floor":14,"turns":3},{"damage":24,"enemies":"Menagerie:Suneater","floor":16,"turns":7},{"damage":11,"enemies":"Spheric Guardian","floor":18,"turns":3},{"damage":5,"enemies":"Shell Parasite","floor":20,"turns":6},{"damage":7,"enemies":"3 Cultists","floor":21,"turns":5},{"damage":21,"enemies":"Shelled Parasite and Fungi","floor":22,"turns":4},{"damage":23,"enemies":"Slavers","floor":23,"turns":4},{"damage":1,"enemies":"Chosen and Byrds","floor":24,"turns":6},{"damage":12,"enemies":"Centurion and Healer","floor":30,"turns":6},{"damage":19,"enemies":"Champ","floor":33,"turns":11},{"damage":40,"enemies":"3 Darklings","floor":35,"turns":6},{"damage":38,"enemies":"2 Orb Walkers","floor":38,"turns":4}],"seed_played":"-9074140568991783666","potions_obtained":[{"floor":2,"key":"CultistPotion"},{"floor":6,"key":"ColorlessPotion"},{"floor":12,"key":"GamblersBrew"},{"floor":14,"key":"BlessingOfTheForge"},{"floor":16,"key":"Ancient Potion"},{"floor":20,"key":"ColorlessPotion"},{"floor":24,"key":"Energy Potion"}],"is_trial":false,"path_per_floor":["M","M","?","$","?","E","?","M","T","M","?","E","M","M","R","B",null,"M","$","M","M","M","E","M","R","T","?","?","R","M","$","R","B",null,"M","?","?","?"],"character_chosen":"WATCHER","items_purchased":["BattleHymn","Mayhem","Nirvana","Gremlin Horn"],"campfire_rested":3,"item_purchase_floors":[4,19,19,31],"current_hp_per_floor":[66,66,57,57,57,43,43,43,43,40,40,26,26,19,40,16,72,61,61,56,49,28,5,4,25,25,25,30,51,44,44,44,30,72,37,37,37,0,0],"gold":0,"neow_bonus":"WATCHER_MONK","is_daily":false,"chose_seed":false,"campfire_upgraded":1,"win_rate":0.0,"timestamp":1611662144,"path_taken":["M","M","?","?","?","E","?","M","T","M","?","E","?","?","R","BOSS","M","$","M","?","M","E","M","R","T","?","?","R","M","$","R","BOSS","M","?","?","?"],"items_purchased_type":["Card","Card","Card","Relic"],"build_version":"2020-12-22","purchased_purges":1,"victory":false,"max_hp_per_floor":[72,72,72,72,72,72,72,72,72,72,72,72,72,72,72,72,72,72,72,72,72,72,72,72,72,72,72,72,72,72,72,72,72,72,72,72,72,72,72],"card_choices":[{"not_picked":["Crescendo","Tantrum"],"picked":"ClearTheMind","floor":1},{"not_picked":["Consecrate","FlyingSleeves"],"picked":"ThirdEye","floor":2},{"not_picked":["SashWhip","ThirdEye"],"picked":"EmptyBody","floor":6},{"not_picked":["FollowUp","JustLucky"],"picked":"Evaluate","floor":8},{"not_picked":["Crescendo","LessonLearned"],"picked":"FlurryOfBlows","floor":10},{"not_picked":["WreathOfFlame","Pray"],"picked":"FlurryOfBlows","floor":12},{"not_picked":["Halt","ThirdEye"],"picked":"FlurryOfBlows","floor":13},{"not_picked":["CarveReality","JustLucky"],"picked":"ThirdEye","floor":14},{"not_picked":["Establishment","Omniscience"],"picked":"MasterReality","floor":16},{"not_picked":["Crescendo","FollowUp"],"picked":"EmptyBody","floor":18},{"not_picked":["ICR:Serenity","SandsOfTime"],"picked":"JustLucky","floor":20},{"not_picked":["BowlingBash","Weave+1","ReachHeaven"],"picked":"SKIP","floor":21},{"not_picked":["FearNoEvil+1","PathToVictory"],"picked":"Protect","floor":22},{"not_picked":["Swivel","Crescendo"],"picked":"DeceiveReality","floor":23},{"not_picked":["Fasting2","CrushJoints"],"picked":"LikeWater","floor":24},{"not_picked":["Sanctity","FearNoEvil","Vault"],"picked":"SKIP","floor":30},{"not_picked":["Vault","Scrawl"],"picked":"DeusExMachina","floor":33},{"not_picked":["Sanctity+1","PathToVictory+1","Nirvana+1"],"picked":"SKIP","floor":35}],"player_experience":272005,"relics_obtained":[{"floor":6,"key":"reliquary:IvoryTrinket"},{"floor":12,"key":"Mercury Hourglass"},{"floor":23,"key":"reliquary:MudwinsCradle"},{"floor":26,"key":"Whetstone"}],"event_choices":[{"damage_healed":0,"gold_gain":0,"player_choice":"Touch","damage_taken":9,"relics_obtained":["Menagerie:ShiftingBlessing"],"max_hp_gain":0,"max_hp_loss":0,"event_name":"Menagerie:LunarGift","floor":3,"gold_loss":0},{"damage_healed":0,"gold_gain":0,"player_choice":"Take Wound","damage_taken":0,"relics_obtained":["Golden Idol"],"max_hp_gain":0,"max_hp_loss":0,"event_name":"Golden Idol","floor":5,"gold_loss":0,"cards_obtained":["Injury"]},{"cards_removed":["Injury"],"damage_healed":0,"gold_gain":0,"player_choice":"Wisdom","damage_taken":0,"max_hp_gain":0,"max_hp_loss":0,"event_name":"Menagerie:CloudVision","floor":7,"gold_loss":0},{"damage_healed":0,"gold_gain":0,"player_choice":"Enter","damage_taken":0,"relics_obtained":["Menagerie:MalignantTentacle"],"max_hp_gain":0,"max_hp_loss":0,"event_name":"Menagerie:CorruptingLight","floor":11,"gold_loss":0,"cards_upgraded":["Eruption","EmptyBody"]},{"damage_healed":0,"gold_gain":0,"player_choice":"Gave Idol","damage_taken":0,"relics_obtained":["Bloody Idol"],"max_hp_gain":0,"max_hp_loss":0,"event_name":"Forgotten Altar","floor":27,"relics_lost":["Golden Idol"],"gold_loss":0},{"damage_healed":0,"gold_gain":99,"player_choice":"Stole From Cult","damage_taken":0,"max_hp_gain":0,"max_hp_loss":0,"event_name":"Nest","floor":28,"gold_loss":0},{"cards_removed":["ICR:CraneWing"],"damage_healed":0,"gold_gain":0,"player_choice":"Removed Skill","damage_taken":0,"max_hp_gain":0,"max_hp_loss":0,"event_name":"Falling","floor":36,"gold_loss":0},{"damage_healed":0,"gold_gain":0,"player_choice":"Paid","damage_taken":0,"relics_obtained":["Red Mask"],"max_hp_gain":0,"max_hp_loss":0,"event_name":"Tomb of Lord Red Mask","floor":37,"gold_loss":183},{"damage_healed":0,"gold_gain":0,"player_choice":"Fight","damage_taken":0,"max_hp_gain":0,"max_hp_loss":0,"event_name":"Mysterious Sphere","floor":38,"gold_loss":0}],"is_beta":false,"boss_relics":[{"not_picked":["Velvet Choker","Runic Dome"],"picked":"Astrolabe"},{"not_picked":["reliquary:Ember","Fusion Hammer"],"picked":"Empty Cage"}],"items_purged_floors":[19],"is_endless":false,"potions_floor_spawned":[2,6,12,14,16,20,21,24],"killed_by":"2 Orb Walkers","ascension_level":0}}