{"host":"ooe12lh8pgcirntb","time":1611698062,"event":{"mods":["AchievementEnabler","Act Like it!","BaseMod","Beaked The Cultist","ChefMod","Colored Map","Colored Powertips","Downfall","Minty Spire (QoL Compilation)","StSLib","The Animator","The Bug Knight","The Disciple","The Hierophant","The Problem Sleuth"],"gold_per_floor":[111,137,137,165,180,180,8,8,8,24,52,52,69,69,69,167,167,187,215,215,215,244,244,254,254,254,254,254,28,43,43,43,43,43],"floor_reached":33,"language":"ENG","playtime":6442,"items_purged":[],"score":247,"play_id":"a183c3ad-55f5-440b-b795-aca34368fc33","local_time":"20210126165422","is_ascension_mode":false,"campfire_choices":[{"data":"animator:UneriGinkaku","floor":6,"key":"SMITH"},{"floor":8,"key":"REST"},{"data":"animator:Sloth","floor":15,"key":"SMITH"},{"floor":23,"key":"REST"},{"floor":25,"key":"REST"},{"floor":28,"key":"REST"},{"data":"animator:Biyorigo","floor":32,"key":"SMITH"}],"circlet_count":0,"master_deck":["animator:Strike_GoblinSlayer+1","animator:Defend_GoblinSlayer+1","animator:Strike+1","animator:Strike+1","animator:Strike+1","animator:Defend+1","animator:Defend+1","animator:Defend+1","animator:LizardPriest","animator:DwarfShaman+1","animator:Yuuichirou","animator:UneriGinkaku+1","animator:CowGirl","animator:Spearman","animator:Yoichi","animator:Sloth+1","Pain","animator:FeridBathory","animator:HiiragiShinya","animator:Viivi+1","animator:HighElfArcher","animator:Mikaela","animator:KrulTepes","animator:Shichika","animator:Biyorigo+1"],"relics":["animator:LivingPicture","animator:ColorlessFragment","Question Card","Guardian:GemstoneGun","WarpedTongs","Black Star","Juzu Bracelet","WingedGreaves","Lee\u0027s Waffle"],"acts_visited":["Exordium","TheCity"],"potions_floor_usage":[11,11,19,33],"damage_taken":[{"damage":4,"enemies":"Cultist","floor":1,"turns":4},{"damage":1,"enemies":"Jaw Worm","floor":2,"turns":5},{"damage":4,"enemies":"2 Louse","floor":4,"turns":2},{"damage":19,"enemies":"Exordium Thugs","floor":5,"turns":5},{"damage":2,"enemies":"2 Fungi Beasts","floor":10,"turns":3},{"damage":12,"enemies":"Lagavulin","floor":11,"turns":4},{"damage":3,"enemies":"Looter","floor":13,"turns":2},{"damage":30,"enemies":"The Guardian","floor":16,"turns":10},{"damage":14,"enemies":"Spheric Guardian","floor":18,"turns":4},{"damage":37,"enemies":"2 Thieves","floor":19,"turns":4},{"damage":9,"enemies":"Snake Plant","floor":22,"turns":3},{"damage":21,"enemies":"Centurion and Healer","floor":24,"turns":5},{"damage":12,"enemies":"Snecko","floor":30,"turns":4},{"damage":71,"enemies":"Collector","floor":33,"turns":5}],"seed_played":"-1318732884405915165","potions_obtained":[{"floor":1,"key":"AttackPotion"},{"floor":4,"key":"SneckoOil"},{"floor":16,"key":"ColorlessPotion"},{"floor":19,"key":"LiquidBronze"},{"floor":24,"key":"Guardian:BlockOnCardUsePotion"}],"is_trial":false,"path_per_floor":["M","M","?","M","M","R","$","R","T","M","E","?","M","$","R","B",null,"M","M","?","?","M","R","M","R","T","?","R","$","M","?","R","B"],"character_chosen":"THE_ANIMATOR","items_purchased":["animator:ColorlessFragment","Lee\u0027s Waffle","animator:KrulTepes"],"campfire_rested":4,"item_purchase_floors":[7,29,29],"current_hp_per_floor":[62,61,61,57,39,39,39,59,59,57,45,45,42,42,42,12,67,53,16,16,16,7,27,6,26,26,26,46,74,63,63,63,0,0],"gold":43,"neow_bonus":"UPGRADE_CARD","is_daily":false,"chose_seed":false,"campfire_upgraded":3,"win_rate":0.0,"timestamp":1611698062,"path_taken":["M","?","?","M","M","R","$","R","T","M","E","?","M","$","R","BOSS","M","M","?","?","M","R","M","R","T","?","R","$","M","?","R","BOSS"],"items_purchased_type":["Relic","Relic","Card"],"build_version":"2020-12-22","purchased_purges":0,"victory":false,"max_hp_per_floor":[66,66,66,66,67,67,67,67,67,67,67,67,67,67,67,67,67,67,67,67,67,67,67,67,67,67,67,67,74,75,75,75,75,75],"card_choices":[{"not_picked":["animator:Pride","animator:GuildGirl"],"picked":"animator:Yuuichirou","floor":1},{"not_picked":["animator:Witch","animator:Nanami"],"picked":"animator:UneriGinkaku","floor":2},{"not_picked":["animator:Shuna","animator:Hakurou"],"picked":"animator:CowGirl","floor":4},{"not_picked":["animator:Priestess","animator:CowGirl"],"picked":"animator:Spearman","floor":5},{"not_picked":["animator:Shigure","animator:Emonzaemon","animator:ElricAlphonse"],"picked":"animator:Yoichi","floor":10},{"not_picked":["animator:Gluttony","animator:LizardPriest","animator:Viivi"],"picked":"animator:Sloth","floor":11},{"not_picked":["animator:Shizu","animator:ChaikaTrabant","animator:Eris"],"picked":"animator:FeridBathory","floor":16},{"not_picked":["animator:Witch","animator:Verdia","animator:Kazuma+1"],"picked":"animator:HiiragiShinya","floor":18},{"not_picked":["animator:Priestess","animator:Millim+1","animator:Souei"],"picked":"animator:Viivi+1","floor":19},{"not_picked":["animator:Witch","animator:Priestess","animator:DwarfShaman"],"picked":"animator:HighElfArcher","floor":22},{"not_picked":["animator:MaesHughes+1","animator:Mitsuba","animator:Chris"],"picked":"animator:Mikaela","floor":24},{"not_picked":["animator:LizardPriest","animator:Konayuki","animator:MaesHughes"],"picked":"animator:Shichika","floor":30}],"player_experience":740234,"relics_obtained":[{"floor":9,"key":"Question Card"},{"floor":11,"key":"Guardian:GemstoneGun"},{"floor":26,"key":"WingedGreaves"}],"event_choices":[{"damage_healed":0,"gold_gain":0,"player_choice":"Leave","damage_taken":0,"max_hp_gain":0,"max_hp_loss":0,"event_name":"The Cleric","floor":3,"gold_loss":0},{"damage_healed":0,"gold_gain":0,"player_choice":"Rummage","damage_taken":0,"relics_obtained":["WarpedTongs"],"max_hp_gain":0,"max_hp_loss":0,"event_name":"Accursed Blacksmith","floor":12,"gold_loss":0,"cards_obtained":["Pain"]},{"damage_healed":0,"gold_gain":0,"player_choice":"Opened","damage_taken":0,"relics_obtained":["Juzu Bracelet"],"max_hp_gain":0,"max_hp_loss":0,"event_name":"The Mausoleum","floor":20,"gold_loss":0},{"damage_healed":0,"gold_gain":0,"player_choice":"Simplicity","damage_taken":0,"max_hp_gain":0,"max_hp_loss":0,"event_name":"Back to Basics","floor":27,"gold_loss":0,"cards_upgraded":["animator:Strike_GoblinSlayer","animator:Defend_GoblinSlayer","animator:Strike","animator:Strike","animator:Strike","animator:Defend","animator:Defend","animator:Defend"]},{"damage_healed":0,"gold_gain":0,"player_choice":"Read","damage_taken":0,"max_hp_gain":0,"max_hp_loss":0,"event_name":"The Library","floor":31,"gold_loss":0,"cards_obtained":["animator:Biyorigo"]}],"is_beta":false,"boss_relics":[{"not_picked":["beaked:SacredDeck","Fusion Hammer"],"picked":"Black Star"}],"items_purged_floors":[],"is_endless":false,"potions_floor_spawned":[1,4,16,19,24],"killed_by":"Collector","ascension_level":0}}