{"host":"61r95uy0hn86b9iu","time":1611701178,"event":{"mods":["AchievementEnabler","BaseMod","Better Vampires","BetterRewards","Colored Powertips","Hubris","Minty Spire (QoL Compilation)","Shop Mod","StSLib"],"gold_per_floor":[115,265,22,22,22,22,22,22,48,48,74,74,18,52,52,129,129,142,161,161,261,261],"floor_reached":21,"language":"ENG","playtime":301,"items_purged":["Doubt"],"score":439,"play_id":"5bb38b68-328a-40ba-8859-177d9dcde45c","local_time":"20210126164618","is_ascension_mode":true,"campfire_choices":[{"data":"Static Discharge","floor":6.0,"key":"SMITH"},{"data":"Capacitor","floor":8.0,"key":"SMITH"},{"data":"Streamline","floor":12.0,"key":"SMITH"},{"floor":15.0,"key":"REST"}],"circlet_count":0,"master_deck":["AscendersBane","Strike_B","Strike_B","Strike_B","Defend_B","Defend_B","Defend_B","Defend_B","Zap","Dualcast","Static Discharge+1","Capacitor+1","Streamline+1","Ball Lightning","Electrodynamics"],"relics":["Cracked Core","NeowsBlessing","Juzu Bracelet","hubris:Icosahedron","hubris:Towel","Blood Vial","Omamori","hubris:SlimyHat","Happy Flower","Velvet Choker"],"acts_visited":["Exordium","TheCity"],"potions_floor_usage":[],"damage_taken":[{"damage":0.0,"enemies":"2 Louse","floor":1.0,"turns":1.0},{"damage":0.0,"enemies":"Lagavulin","floor":11.0,"turns":1.0},{"damage":0.0,"enemies":"3 Sentries","floor":14.0,"turns":1.0},{"damage":28.0,"enemies":"The Guardian","floor":16.0,"turns":6.0},{"damage":28,"enemies":"Chosen","floor":18,"turns":4},{"damage":16,"enemies":"Spheric Guardian","floor":19,"turns":3},{"damage":32,"enemies":"Shelled Parasite and Fungi","floor":21,"turns":2}],"seed_played":"553474471957391913","potions_obtained":[{"floor":11.0,"key":"PowerPotion"},{"floor":14.0,"key":"FearPotion"},{"floor":19,"key":"SteroidPotion"}],"is_trial":false,"path_per_floor":["M","?","$","?","?","R","?","R","T","?","E","R","$","E","R","B",null,"M","M","?","M"],"character_chosen":"DEFECT","items_purchased":["Juzu Bracelet","Ball Lightning"],"campfire_rested":1,"item_purchase_floors":[3,13],"current_hp_per_floor":[64,64,64,64,64,64,64,64,64,46,48,48,48,50,71,43,64,38,24,24,0,0],"gold":261,"neow_bonus":"THREE_ENEMY_KILL","is_daily":false,"chose_seed":false,"campfire_upgraded":3,"win_rate":0.0,"timestamp":1611701178,"path_taken":["M","?","$","?","?","R","?","R","T","?","E","R","?","E","R","BOSS","M","M","?","M"],"items_purchased_type":["Relic","Card"],"build_version":"2020-12-22","purchased_purges":1,"victory":false,"max_hp_per_floor":[71,71,71,71,71,71,71,71,71,71,71,71,71,71,71,71,71,71,71,71,71,71],"card_choices":[{"not_picked":["Gash","Auto Shields"],"picked":"Static Discharge","floor":1.0},{"not_picked":["Stack","Heatsinks"],"picked":"Streamline","floor":11.0},{"not_picked":["Beam Cell","Hyperbeam","Turbo"],"picked":"SKIP","floor":14.0},{"not_picked":["Fission","Buffer"],"picked":"Electrodynamics","floor":16.0},{"not_picked":["Fusion","Compile Driver","Sweeping Beam"],"picked":"SKIP","floor":18},{"not_picked":["Beam Cell","Genetic Algorithm+1","Doom and Gloom+1"],"picked":"SKIP","floor":19}],"player_experience":3309787,"relics_obtained":[{"floor":9.0,"key":"Blood Vial"},{"floor":11.0,"key":"hubris:SlimyHat"},{"floor":14.0,"key":"Happy Flower"}],"event_choices":[{"damage_healed":0.0,"max_hp_gain":0.0,"max_hp_loss":0.0,"gold_gain":150.0,"event_name":"Liars Game","player_choice":"AGREE","floor":2.0,"gold_loss":0.0,"damage_taken":0.0,"cards_obtained":["Doubt"]},{"damage_healed":0.0,"max_hp_gain":0.0,"max_hp_loss":0.0,"gold_gain":0.0,"event_name":"Scrap Ooze","player_choice":"Success","floor":10.0,"gold_loss":0.0,"damage_taken":18.0,"relics_obtained":["Omamori"]},{"cards_removed":["Strike_B"],"damage_healed":0,"gold_gain":0,"player_choice":"Purged","damage_taken":0,"max_hp_gain":0,"max_hp_loss":0,"event_name":"Purifier","floor":20,"gold_loss":0}],"is_beta":false,"boss_relics":[{"not_picked":["Runic Pyramid","hubris:CrackedHourglass"],"picked":"Velvet Choker"}],"items_purged_floors":[3],"is_endless":false,"potions_floor_spawned":[11,14,19],"killed_by":"Shelled Parasite and Fungi","ascension_level":18}}