{"host":"y2kfqdipa4rrljwb","time":1611642336,"event":{"mods":["ATMod(阿瑾Mod)","AchievementEnabler","Act Like it!","Aspiration","BaseMod","Friendly Minions","Infinite Spire","Minty Spire (QoL Compilation)","Random Character Button","Random Character Mod","Relic Stats","Replay The Spire","RumiaBox-露米娅的神秘盒子","StSLib","TestMod","【功能Mod】混沌之环修复补丁","【遗物卡牌】REMEMod"],"gold_per_floor":[111,286,163,163,175,175,202,212,212,212,228,52,52,82,82,184,184,201,201,601,675,675,690,705,734,759,779,779,813,828,928,928,1128,1128,1145,1145,1162,1162,1162],"floor_reached":38,"language":"ZHS","playtime":4829,"items_purged":["Doubt","Strike_P","Strike_P"],"score":568,"play_id":"9feafcf3-0c00-4633-8293-16e959f6ca08","local_time":"20210126142536","is_ascension_mode":true,"campfire_choices":[{"data":"Eruption","floor":6.0,"key":"SMITH"},{"data":"BowlingBash","floor":10.0,"key":"SMITH"},{"data":"infinitespire:Execution","floor":28.0,"key":"SMITH"},{"data":"REME_CRH","floor":32.0,"key":"SMITH"}],"circlet_count":0,"master_deck":["Defend_P","Defend_P","Defend_P","Eruption+1","Vigilance","FlyingSleeves","BowlingBash+1","WheelKick+1","FlurryOfBlows","TalkToTheHand","Evaluate","Adaptation","Vault","Prostrate","infinitespire:Execution+1","Tantrum+1","MentalFortress+1","CutThroughFate+1","REME_CRH+1","Meditate","AT_OneInchPunch","infinitespire:SealOfDarkness+","Pray+1"],"relics":["PureWater","REME_ComplimentaryCards","AT_ATBox","Ice Cream","aspiration:Lifesprig","GodSword5","Coffee Dripper","Blood Vial","Replay:Drink Me","Calipers","AT_SunfireAegis","Damaru","AT_TheCollector","Darkstone Periapt","REME_DuelDisc"],"acts_visited":["Exordium","TheCity","TheBeyond"],"potions_floor_usage":[],"damage_taken":[{"damage":0.0,"enemies":"Cultist","floor":1.0,"turns":2.0},{"damage":2.0,"enemies":"Jaw Worm","floor":5.0,"turns":2.0},{"damage":0.0,"enemies":"Lagavulin","floor":7.0,"turns":3.0},{"damage":0.0,"enemies":"Small Slimes","floor":8.0,"turns":2.0},{"damage":0.0,"enemies":"Blue Slaver","floor":11.0,"turns":1.0},{"damage":0.0,"enemies":"Gremlin Nob","floor":14.0,"turns":3.0},{"damage":32.0,"enemies":"Fading Forest","floor":16.0,"turns":11.0},{"damage":0.0,"enemies":"Shell Parasite","floor":18.0,"turns":1.0},{"damage":8.0,"enemies":"2 Thieves","floor":23.0,"turns":2.0},{"damage":7.0,"enemies":"Shelled Parasite and Fungi","floor":24.0,"turns":4.0},{"damage":19.0,"enemies":"Replay:Snechameleon","floor":25.0,"turns":4.0},{"damage":0.0,"enemies":"Cultist and Chosen","floor":27.0,"turns":3.0},{"damage":2.0,"enemies":"Slavers","floor":29.0,"turns":3.0},{"damage":0.0,"enemies":"Snake Plant","floor":30.0,"turns":1.0},{"damage":5.0,"enemies":"Colosseum Slavers","floor":31.0,"turns":2.0},{"damage":0.0,"enemies":"Colosseum Nobs","floor":31.0,"turns":2.0},{"damage":4.0,"enemies":"Champ","floor":33.0,"turns":3.0},{"damage":0.0,"enemies":"Orb Walker","floor":35.0,"turns":3.0},{"damage":0.0,"enemies":"3 Shapes","floor":37.0,"turns":2.0},{"damage":7,"enemies":"infinitespire:Three Voidlings","floor":38,"turns":4},{"damage":50,"enemies":"Nightmare_Alpha","floor":38,"turns":3}],"seed_played":"-8161913962466701877","potions_obtained":[{"floor":5.0,"key":"FearPotion"},{"floor":7.0,"key":"Fire Potion"},{"floor":14.0,"key":"FearPotion"},{"floor":18.0,"key":"EssenceOfSteel"},{"floor":21.0,"key":"testmod-TimePotion"},{"floor":21.0,"key":"testmod-EscapePotion"},{"floor":25.0,"key":"Regen Potion"}],"is_trial":false,"path_per_floor":["M","?","$","?","M","R","E","M","T","R","M","$","T","E","R","B",null,"M","?","?","?","AVR","M","M","E","T","M","R","E","M","?","R","B",null,"M","?","M","?"],"character_chosen":"WATCHER","items_purchased":["BowlingBash","Adaptation"],"campfire_rested":0,"item_purchase_floors":[3,12],"current_hp_per_floor":[79,79,79,79,77,77,77,77,77,77,77,77,77,77,79,47,79,79,79,79,60,60,52,47,30,30,32,32,43,45,44,44,42,60,60,45,47,0,0],"gold":1162,"neow_bonus":"TEN_PERCENT_HP_BONUS","is_daily":false,"chose_seed":false,"campfire_upgraded":4,"win_rate":0.0,"timestamp":1611642336,"path_taken":["M","?","$","?","M","R","E","M","T","R","M","$","?","E","R","BOSS","M","?","?","?","AVR","M","M","E","T","M","R","E","?","?","R","BOSS","M","?","M","?"],"items_purchased_type":["Card","Card"],"build_version":"2020-12-22","purchased_purges":3,"victory":false,"max_hp_per_floor":[79,79,79,79,79,79,79,79,79,79,79,79,79,79,79,79,79,79,79,79,79,60,60,60,60,60,60,60,60,60,60,60,60,60,60,60,60,60,60],"relic_stats":{"Blood Vial":22,"Darkstone Periapt":0,"counters":[21,61],"obtain_stats":[{"Ice Cream":7,"Darkstone Periapt":31,"aspiration:Lifesprig":9,"AT_ATBox":0,"testmod-TestBox":0,"Calipers":25,"Damaru":29,"REME_DuelDisc":34,"Blood Vial":21,"AT_TheCollector":31,"Coffee Dripper":17,"GodSword5":14,"PureWater":0,"AT_SunfireAegis":26,"Replay:Drink Me":22,"REME_ComplimentaryCards":0},{"Ice Cream":3,"Darkstone Periapt":16,"aspiration:Lifesprig":4,"AT_ATBox":0,"testmod-TestBox":0,"Calipers":11,"Damaru":13,"REME_DuelDisc":17,"Blood Vial":8,"AT_TheCollector":16,"Coffee Dripper":7,"GodSword5":6,"PureWater":0,"AT_SunfireAegis":11,"Replay:Drink Me":8,"REME_ComplimentaryCards":0},{"Ice Cream":7,"Darkstone Periapt":46,"aspiration:Lifesprig":9,"AT_ATBox":0,"testmod-TestBox":0,"Calipers":35,"Damaru":41,"REME_DuelDisc":49,"Blood Vial":25,"AT_TheCollector":46,"Coffee Dripper":24,"GodSword5":13,"PureWater":0,"AT_SunfireAegis":35,"Replay:Drink Me":25,"REME_ComplimentaryCards":0}]},"card_choices":[{"not_picked":["CrushJoints","Replay:Cycle"],"picked":"FlyingSleeves","floor":1.0},{"not_picked":["EmptyBody","REME_Repentance"],"picked":"WheelKick","floor":5.0},{"not_picked":["JustLucky","Swivel"],"picked":"FlurryOfBlows","floor":7.0},{"not_picked":["ThirdEye","Crescendo"],"picked":"TalkToTheHand","floor":8.0},{"not_picked":["Weave","Conclude"],"picked":"Evaluate","floor":11.0},{"not_picked":["BowlingBash","Sanctity","EmptyBody"],"picked":"SKIP","floor":14.0},{"not_picked":["Brilliance","AT_RealColorLess"],"picked":"Vault","floor":16.0},{"not_picked":["Replay:DivineShield","Replay:BluntJabs+1"],"picked":"Prostrate","floor":18.0},{"not_picked":["REME_Repentance+1","Conclude+1","FlyingSleeves"],"picked":"SKIP","floor":23.0},{"not_picked":["CrushJoints+1","CutThroughFate"],"picked":"Tantrum+1","floor":24.0},{"not_picked":["FlurryOfBlows","Evaluate"],"picked":"MentalFortress+1","floor":25.0},{"not_picked":["Replay:Vibes+1","Crescendo"],"picked":"CutThroughFate+1","floor":27.0},{"not_picked":["Weave","EmptyBody+1"],"picked":"REME_CRH","floor":29.0},{"not_picked":["Wireheading","CrushJoints","PathToVictory"],"picked":"SKIP","floor":30.0},{"not_picked":["Study","Protect"],"picked":"Meditate","floor":31.0},{"not_picked":["MentalFortress+1","ClearTheMind"],"picked":"AT_OneInchPunch","floor":35.0},{"not_picked":["infinitespire:Fortify","infinitespire:Menacing"],"picked":"infinitespire:SealOfDarkness+","floor":36.0},{"not_picked":["Protect+1","AT_ChampionStep"],"picked":"Pray+1","floor":37.0}],"player_experience":176374,"relics_obtained":[{"floor":7.0,"key":"Ice Cream"},{"floor":9.0,"key":"aspiration:Lifesprig"},{"floor":14.0,"key":"GodSword5"},{"floor":21.0,"key":"Blood Vial"},{"floor":25.0,"key":"Calipers"},{"floor":26.0,"key":"AT_SunfireAegis"},{"floor":29.0,"key":"Damaru"},{"floor":31.0,"key":"AT_TheCollector"},{"floor":31.0,"key":"Darkstone Periapt"}],"event_choices":[{"damage_healed":0.0,"max_hp_gain":0.0,"max_hp_loss":0.0,"gold_gain":175.0,"event_name":"Liars Game","player_choice":"AGREE","floor":2.0,"gold_loss":0.0,"damage_taken":0.0,"cards_obtained":["Doubt"]},{"damage_healed":0.0,"max_hp_gain":0.0,"max_hp_loss":0.0,"gold_gain":400.0,"event_name":"恩洛斯的盘子","player_choice":"Sell","floor":20.0,"relics_lost":["testmod-TestBox"],"gold_loss":0.0,"damage_taken":0.0},{"damage_healed":0.0,"max_hp_gain":0.0,"max_hp_loss":0.0,"gold_gain":0.0,"event_name":"Colosseum","player_choice":"Fight","floor":31.0,"gold_loss":0.0,"damage_taken":0.0},{"damage_healed":0.0,"max_hp_gain":0.0,"max_hp_loss":0.0,"gold_gain":0.0,"event_name":"Colosseum","player_choice":"Fought Nobs","floor":31.0,"gold_loss":0.0,"damage_taken":0.0}],"is_beta":false,"boss_relics":[{"not_picked":["AddBug","testmod-EnergyCheck"],"picked":"Coffee Dripper"},{"not_picked":["Ring of Chaos","Snecko Heart"],"picked":"REME_DuelDisc"}],"items_purged_floors":[3,12,22],"is_endless":false,"potions_floor_spawned":[5,7,14,18,25,27,31,38],"killed_by":"Nightmare_Alpha","ascension_level":3}}