{"host":"07hijahnzjd8voao","time":1611637535,"event":{"mods":["BaseMod","Better Third Choice","Colored Map","Colored Powertips","Hermit","Mimic Mod","Minty Spire (QoL Compilation)","Random Character Button","Replay The Spire","StSLib","The Cursed","The Jungle","The Runesmith","slay the spire mod where everything is the same but ironclad has a cowboy hat"],"gold_per_floor":[99,21,41,41,41,41,104,104,104,148,213,260,288,304,304,407,407,420,437,450,464,5,30,30,46,46,46,58,58,58,73,85,197,209,235,43,43,55,105,135,135,151,177,192,201,201,217,228,228,228],"floor_reached":51,"language":"ENG","playtime":6187,"items_purged":[],"score":1027,"play_id":"6821d6d5-dec5-4d8e-b6df-628e097afeb0","local_time":"20210126000535","daily_mods":["Insanity","Vintage","Uncertain Future"],"is_ascension_mode":false,"campfire_choices":[{"data":"Runesmith:PoweredAnvil","floor":6,"key":"SMITH"},{"data":"Runesmith:CraftIncendium","floor":8,"key":"SMITH"},{"floor":15,"key":"REST"},{"data":"Runesmith:HammerTime","floor":29,"key":"SMITH"},{"data":"Runesmith:HammerAndChisel","floor":32,"key":"SMITH"},{"floor":41,"key":"REST"},{"floor":46,"key":"REST"},{"floor":49,"key":"REST"}],"circlet_count":0,"master_deck":["Runesmith:ChiselStab","Runesmith:ShiftingStrike+1","Runesmith:StaticCage","Runesmith:RuneHurl","Runesmith:ElementalConversion","Runesmith:NegativeSpace","Runesmith:ChiselStab","Runesmith:FrozenChisel","Runesmith:HammerTime+1","Runesmith:ChaoticBlast","Runesmith:HeatExchange","Runesmith:Retool","Runesmith:StaticCage","Runesmith:CraftIncendium+1","Runesmith:CraftReservo","Runesmith:EarthShield+1","Runesmith:Grindstone","Runesmith:HammerAndChisel+1","Runesmith:CraftProtectio","Runesmith:ShiftingStrike","Runesmith:HammerThrow","Runesmith:Reinforce","Runesmith:Firestorm","Runesmith:HammerAndChisel","Runesmith:HammerThrow","Runesmith:Terraform","Runesmith:Malloc","Runesmith:MakeshiftArmor","Runesmith:PerfectChisel","Runesmith:ChaoticBlast","Runesmith:MakeshiftArmor","Runesmith:BackupBattery","Runesmith:CraftMagma","Runesmith:NegativeSpace","Runesmith:CraftMagma","Runesmith:HammerThrow","Runesmith:UnstableHammer","Runesmith:StaticCage+1","Runesmith:NegativeSpace","Runesmith:CraftReservo","Runesmith:RuneHurl","Runesmith:Electrocute","Runesmith:Permafrost","Runesmith:LithiumIon","Runesmith:Overpower","Runesmith:Grindstone","Runesmith:EnergizedChisel","Runesmith:CraftVitae","Runesmith:ChiselStab","Runesmith:GrandSlam+1","Runesmith:PoweredAnvil+1","CommonCold","Pot Of Greed","Pot Of Greed","Pot Of Greed","Pot Of Greed","Pot Of Greed","Runesmith:Grindstone","Runesmith:FissionHammer+1","Runesmith:PoweredAnvil","Runesmith:CraftSpiculum","Runesmith:ElementalConversion","Runesmith:HeatedChisel+1","theJungle:Gourd","theJungle:Gourd","theJungle:Gourd","theJungle:Gourd","theJungle:Gourd","Pot Of Greed","Runesmith:UnstableHammer+1","Runesmith:GrandSlam+1","Runesmith:HeatedChisel+1","Specialist","Mind Blast+1","Runesmith:HammerThrow+1","Runesmith:HeatExchange+1","Runesmith:Superposition+1"],"relics":["Runesmith:BrokenRuby","replay:Trail_Library","Ancient Tea Set","Nunchaku","ReplayTheSpireMod:Ring of Challenge","Ring of Peace","Ornamental Fan","Divine Protection","Grinning Jar","Runesmith:MiniCore","Orichalcum","Counterbalance","Pen Nib","Ginger","Painkiller Herb","Whetstone","Replay:Rubber Ducky","Letter Opener","Akabeko","Juzu Bracelet","Molten Egg 2","Art of War","theJungle:SpiritDisease","War Paint","Spirit Poop","Replay:Bottled Snecko","Nunchaku","MawBank","Replay:Grab Bag","ReplayTheSpireMod:Onyx Gauntlets","Fusion Hammer","Black Star","Omamori","Vajra","Strawberry","Turnip","Regal Pillow","Replay:Mystery Machine","CeramicFish","MealTicket","Bag of Preparation","Golden Egg","Potion Belt"],"acts_visited":["Exordium","Exordium","TheBeyond"],"potions_floor_usage":[12,16,30,30,33,39,40,50,50,50],"damage_taken":[{"damage":5,"enemies":"2 Louse","floor":3,"turns":3},{"damage":2,"enemies":"Jaw Worm","floor":7,"turns":4},{"damage":0,"enemies":"Small Slimes","floor":10,"turns":4},{"damage":5,"enemies":"3 Louse","floor":11,"turns":5},{"damage":0,"enemies":"2 Fungi Beasts","floor":12,"turns":2},{"damage":0,"enemies":"Replay:BlueRogue","floor":13,"turns":5},{"damage":0,"enemies":"Large Slime","floor":14,"turns":5},{"damage":0,"enemies":"Slime Boss","floor":16,"turns":6},{"damage":0,"enemies":"Shell Parasite","floor":18,"turns":4},{"damage":0,"enemies":"theJungle:GiantWrat","floor":19,"turns":5},{"damage":0,"enemies":"theJungle:2_Flameangoes","floor":20,"turns":5},{"damage":0,"enemies":"theJungle:2_Snecko_Cultists","floor":21,"turns":4},{"damage":0,"enemies":"theJungle:Cassacara","floor":23,"turns":5},{"damage":0,"enemies":"theJungle:Lyon","floor":25,"turns":2},{"damage":0,"enemies":"theJungle:JungleHuntersEncounter","floor":28,"turns":4},{"damage":0,"enemies":"JungleHuntersEvent","floor":30,"turns":5},{"damage":0,"enemies":"Snake Plant","floor":31,"turns":4},{"damage":9,"enemies":"theJungle:TotemBoss","floor":33,"turns":7},{"damage":0,"enemies":"Orb Walker","floor":35,"turns":3},{"damage":0,"enemies":"3 Darklings","floor":38,"turns":3},{"damage":0,"enemies":"Mind Bloom Boss Battle","floor":39,"turns":2},{"damage":0,"enemies":"Giant Head","floor":40,"turns":6},{"damage":0,"enemies":"Spire Growth","floor":42,"turns":3},{"damage":0,"enemies":"Sphere and 2 Shapes","floor":44,"turns":2},{"damage":0,"enemies":"3 Darklings","floor":47,"turns":5},{"damage":0,"enemies":"Writhing Mass","floor":48,"turns":1},{"damage":0,"enemies":"Time Eater","floor":50,"turns":7}],"seed_played":"-6793347213159058803","potions_obtained":[{"floor":3,"key":"Weak Potion"},{"floor":11,"key":"Strength Potion"},{"floor":14,"key":"AttackPotion"},{"floor":20,"key":"Weak Potion"},{"floor":21,"key":"ColorlessPotion"},{"floor":28,"key":"LiquidBronze"},{"floor":31,"key":"FearPotion"},{"floor":33,"key":"FearPotion"},{"floor":35,"key":"Dexterity Potion"},{"floor":44,"key":"FearPotion"},{"floor":47,"key":"Cursed Concoction"}],"is_trial":true,"path_per_floor":["?","$","M","?","?","R","M","R","T","M","M","M","E","M","R","B",null,"?","?","?","?","T","E","?","?","T","?","?","T","?","?","T","B",null,"?","T","?","?","?","E","T","?","T","?","?","T","?","?","T","B",null],"character_chosen":"RUNESMITH_CLASS","items_purchased":["Runesmith:PoweredAnvil","Juzu Bracelet","Molten Egg 2","Runesmith:PoweredAnvil","Vajra","Runesmith:HeatedChisel+1"],"campfire_rested":4,"item_purchase_floors":[2,22,22,22,36,36],"current_hp_per_floor":[70,70,65,62,62,62,60,60,60,60,55,55,55,55,70,70,70,70,70,70,70,70,70,70,70,70,70,70,70,70,70,70,61,70,70,70,65,72,72,72,77,77,77,77,77,77,77,77,77,77],"gold":228,"neow_bonus":"","is_daily":false,"chose_seed":false,"campfire_upgraded":4,"win_rate":0.0,"timestamp":1611637535,"path_taken":["?","$","M","?","?","R","M","R","T","M","M","?","E","M","R","BOSS","?","?","?","?","T","E","?","?","T","?","?","T","?","?","T","BOSS","?","T","?","?","?","E","T","?","T","?","?","T","?","?","T","BOSS"],"items_purchased_type":["Card","Relic","Relic","Card","Relic","Card"],"build_version":"2020-12-22","purchased_purges":0,"victory":true,"max_hp_per_floor":[70,70,70,70,70,70,70,70,70,70,70,70,70,70,70,70,70,70,70,70,70,70,70,70,70,70,70,70,70,70,70,70,70,70,70,70,70,77,77,77,77,77,77,77,77,77,77,77,77,77],"card_choices":[{"not_picked":["Runesmith:ElementalConversion","Runesmith:CraftReservo"],"picked":"Runesmith:Grindstone","floor":13},{"not_picked":["Runesmith:ReplicatingBarrier","Runesmith:GrandSlam"],"picked":"Runesmith:FissionHammer","floor":16},{"not_picked":["Runesmith:UnstableHammer+1","Runesmith:MakeshiftArmor"],"picked":"Runesmith:CraftSpiculum","floor":23},{"not_picked":["Runesmith:CraftReservo+1","Runesmith:Retool"],"picked":"Runesmith:UnstableHammer+1","floor":30},{"not_picked":["Runesmith:ReplicatingBarrier","Runesmith:Duplicate"],"picked":"Runesmith:GrandSlam+1","floor":33},{"not_picked":["Purity","Replay:BasicMightCard"],"picked":"Specialist","floor":37},{"not_picked":["Specialist","Replay:Bootleg Shield Generator"],"picked":"Mind Blast+1","floor":37},{"not_picked":["Runesmith:BackupBattery+1","Runesmith:ShiftingStrike+1"],"picked":"Runesmith:HammerThrow+1","floor":39},{"not_picked":["Runesmith:RuneHurl+1","Runesmith:MakeshiftArmor+1"],"picked":"Runesmith:HeatExchange+1","floor":40}],"player_experience":814489,"relics_obtained":[{"floor":3,"key":"Ancient Tea Set"},{"floor":5,"key":"ReplayTheSpireMod:Ring of Challenge"},{"floor":5,"key":"Ring of Peace"},{"floor":7,"key":"Ornamental Fan"},{"floor":9,"key":"Divine Protection"},{"floor":10,"key":"Grinning Jar"},{"floor":11,"key":"Runesmith:MiniCore"},{"floor":12,"key":"Orichalcum"},{"floor":12,"key":"Counterbalance"},{"floor":13,"key":"Pen Nib"},{"floor":14,"key":"Ginger"},{"floor":18,"key":"Whetstone"},{"floor":19,"key":"Replay:Rubber Ducky"},{"floor":20,"key":"Letter Opener"},{"floor":21,"key":"Akabeko"},{"floor":23,"key":"Art of War"},{"floor":25,"key":"War Paint"},{"floor":26,"key":"Spirit Poop"},{"floor":28,"key":"Replay:Bottled Snecko"},{"floor":30,"key":"Nunchaku"},{"floor":31,"key":"MawBank"},{"floor":35,"key":"Omamori"},{"floor":38,"key":"Strawberry"},{"floor":39,"key":"Turnip"},{"floor":40,"key":"Regal Pillow"},{"floor":40,"key":"Replay:Mystery Machine"},{"floor":42,"key":"CeramicFish"},{"floor":43,"key":"MealTicket"},{"floor":44,"key":"Bag of Preparation"},{"floor":47,"key":"Golden Egg"},{"floor":48,"key":"Potion Belt"}],"event_choices":[{"damage_healed":0,"gold_gain":1,"player_choice":"Relic ","damage_taken":3,"max_hp_gain":0,"max_hp_loss":0,"event_name":"betterThird:BetterScrap","floor":4,"gold_loss":0,"cards_obtained":["Infinite Blades"]},{"damage_healed":0,"gold_gain":0,"player_choice":"Memory 2","damage_taken":5,"max_hp_gain":0,"max_hp_loss":0,"event_name":"SensoryStone","floor":37,"gold_loss":0},{"damage_healed":0,"gold_gain":0,"player_choice":"Fight","damage_taken":0,"max_hp_gain":0,"max_hp_loss":0,"event_name":"MindBloom","floor":39,"gold_loss":0},{"damage_healed":0,"gold_gain":0,"player_choice":"Ignored","damage_taken":0,"max_hp_gain":0,"max_hp_loss":0,"event_name":"Tomb of Lord Red Mask","floor":45,"gold_loss":0}],"is_beta":false,"boss_relics":[{"not_picked":["Runesmith:UraniumAnvil","Snecko Eye"],"picked":"Painkiller Herb"},{"not_picked":["Replay:Drink Me","ReplayTheSpireMod:DimensionalGlitch"],"picked":"Replay:Grab Bag"},{"not_picked":["Sozu","Replay:Bronze Core"],"picked":"ReplayTheSpireMod:Onyx Gauntlets"},{"not_picked":["Replay:Fungal Core","Coffee Dripper"],"picked":"Fusion Hammer"},{"not_picked":["Empty Cage","SlaversCollar"],"picked":"Black Star"}],"items_purged_floors":[],"is_endless":false,"potions_floor_spawned":[3,11,14,20,21,28,31,33,35,44,47],"ascension_level":0}}