{"host":"p7j7o00jacnw7qzt","time":1611631618,"event":{"mods":["BaseMod","Colored Map","Colored Powertips","DeckTracker","Highlight Path","Minty Spire (QoL Compilation)","Relic Stats"],"gold_per_floor":[112,112,112,129,142,168,168,93,139,139,164,164,219,269,269,348,398,417,417,427,444,200,226,226,252,275,287,287,387,387,413,413,492,492,502,502,512,532,546,572,572,601,681,709,751,763,569,581,581,581,581,581,581,125,157,157],"floor_reached":57,"language":"ZHS","playtime":3479,"items_purged":["Underhanded Strike","Decay","Decay"],"score":3337,"play_id":"db2ce49c-1614-43c3-a70a-814338b2d699","local_time":"20210125222658","is_ascension_mode":true,"campfire_choices":[{"data":"Wraith Form v2","floor":7.0,"key":"SMITH"},{"data":"Malaise","floor":15.0,"key":"SMITH"},{"data":"Concentrate","floor":24.0,"key":"SMITH"},{"data":"Well Laid Plans","floor":32.0,"key":"SMITH"},{"data":"Reflex","floor":41,"key":"SMITH"},{"floor":49,"key":"RECALL"},{"data":"Purity","floor":53,"key":"SMITH"}],"circlet_count":0,"master_deck":["AscendersBane","Noxious Fumes","Concentrate+1","Calculated Gamble+1","Predator","Grand Finale","Wraith Form v2+1","Prepared","Backflip","Malaise+1","Escape Plan","Backflip","Well Laid Plans+1","PiercingWail","Night Terror+1","Escape Plan+1","Reflex+1","Purity+1"],"relics":["Pandora\u0027s Box","Nunchaku","Mango","Juzu Bracelet","Bronze Scales","PreservedInsect","Tiny House","Bag of Preparation","Girya","The Specimen","Ginger","Prayer Wheel","Bottled Tornado","Pocketwatch","Runic Dome","Ice Cream","MawBank","Mummified Hand","Anchor","TungstenRod","Vajra"],"acts_visited":["Exordium","TheCity","TheBeyond","TheEnding"],"potions_floor_usage":[39,56],"damage_taken":[{"damage":1.0,"enemies":"Small Slimes","floor":1.0,"turns":2.0},{"damage":0.0,"enemies":"2 Louse","floor":4.0,"turns":3.0},{"damage":0.0,"enemies":"Jaw Worm","floor":5.0,"turns":3.0},{"damage":0.0,"enemies":"Gremlin Nob","floor":6.0,"turns":3.0},{"damage":1.0,"enemies":"Lagavulin","floor":11.0,"turns":4.0},{"damage":4.0,"enemies":"Gremlin Nob","floor":13.0,"turns":3.0},{"damage":8.0,"enemies":"The Guardian","floor":16.0,"turns":6.0},{"damage":9.0,"enemies":"2 Thieves","floor":18.0,"turns":3.0},{"damage":13.0,"enemies":"3 Byrds","floor":20.0,"turns":3.0},{"damage":0.0,"enemies":"Centurion and Healer","floor":21.0,"turns":4.0},{"damage":6.0,"enemies":"Book of Stabbing","floor":23.0,"turns":4.0},{"damage":0.0,"enemies":"Slavers","floor":25.0,"turns":2.0},{"damage":0.0,"enemies":"Snecko","floor":27.0,"turns":4.0},{"damage":14.0,"enemies":"Colosseum Slavers","floor":29.0,"turns":2.0},{"damage":0.0,"enemies":"Colosseum Nobs","floor":29.0,"turns":3.0},{"damage":2.0,"enemies":"Gremlin Leader","floor":31.0,"turns":4.0},{"damage":18.0,"enemies":"Automaton","floor":33.0,"turns":4.0},{"damage":0.0,"enemies":"3 Darklings","floor":35.0,"turns":2.0},{"damage":10.0,"enemies":"3 Shapes","floor":37.0,"turns":3.0},{"damage":0.0,"enemies":"3 Darklings","floor":38.0,"turns":3.0},{"damage":15,"enemies":"Transient","floor":39,"turns":6},{"damage":18,"enemies":"Nemesis","floor":40,"turns":5},{"damage":0,"enemies":"Giant Head","floor":42,"turns":4},{"damage":0,"enemies":"Jaw Worm Horde","floor":44,"turns":3},{"damage":0,"enemies":"Reptomancer","floor":45,"turns":2},{"damage":2,"enemies":"4 Shapes","floor":48,"turns":3},{"damage":0,"enemies":"Donu and Deca","floor":50,"turns":2},{"damage":0,"enemies":"Awakened One","floor":51,"turns":4},{"damage":0,"enemies":"Shield and Spear","floor":55,"turns":3},{"damage":66,"enemies":"The Heart","floor":56,"turns":6}],"seed_played":"-6590578917703614041","potions_obtained":[{"floor":4.0,"key":"EssenceOfSteel"},{"floor":6.0,"key":"FairyPotion"},{"floor":33.0,"key":"PowerPotion"},{"floor":39,"key":"FearPotion"},{"floor":40,"key":"Swift Potion"}],"is_trial":false,"path_per_floor":["M","?","?","M","M","E","R","?","T","?","E","?","?","?","R","B",null,"M","?","M","M","$","E","R","E","T","M","?","?","?","E","R","B",null,"M","?","M","M","M","E","R","E","T","M","E","?","$","M","R","B","B",null,"R","$","E","B",null],"character_chosen":"THE_SILENT","items_purchased":["Bag of Preparation","Purity","TungstenRod"],"campfire_rested":0,"item_purchase_floors":[22,47,54],"current_hp_per_floor":[58,53,53,53,53,67,67,67,67,60,59,59,55,55,55,47,77,68,68,55,55,55,49,49,49,49,49,49,35,35,33,33,15,68,68,68,58,58,43,25,25,25,25,25,25,25,25,23,23,23,23,70,70,70,70,4],"gold":157,"neow_bonus":"BOSS_RELIC","is_daily":false,"chose_seed":false,"campfire_upgraded":6,"win_rate":0.0,"timestamp":1611631618,"path_taken":["M","?","?","M","?","E","R","?","T","?","E","?","?","?","R","BOSS","M","?","M","M","$","E","R","E","T","M","?","?","?","E","R","BOSS","M","?","M","M","M","E","R","E","T","M","E","?","$","M","R","BOSS","BOSS","R","$","E","BOSS"],"items_purchased_type":["Relic","Card","Relic"],"build_version":"2020-12-22","purchased_purges":3,"victory":true,"max_hp_per_floor":[66,66,66,66,66,80,80,80,80,80,80,80,80,80,80,80,85,85,85,85,85,85,85,85,85,85,85,85,85,85,85,85,85,85,85,85,85,85,85,85,85,85,85,85,85,85,85,85,85,85,85,85,85,85,85,85],"relic_stats":{"counters":[30,103],"PreservedInsect":482,"Juzu Bracelet":4,"Bag of Preparation":[40],"Ginger":[5],"MawBank":60,"Nunchaku":[13],"Mummified Hand":[25],"Bronze Scales":[392],"Pandora\u0027s Box":["Sucker Punch","Noxious Fumes","Underhanded Strike","Concentrate","Deadly Poison","Unload","Calculated Gamble","Predator","Grand Finale","Wraith Form v2"],"Prayer Wheel":6,"obtain_stats":[{"Ice Cream":40,"Girya":23,"Tiny House":17,"The Specimen":25,"Vajra":55,"Mango":6,"PreservedInsect":13,"Juzu Bracelet":9,"Bag of Preparation":22,"Ginger":29,"Bottled Tornado":29,"MawBank":42,"Runic Dome":34,"Nunchaku":2,"Anchor":45,"Mummified Hand":43,"Bronze Scales":11,"Pandora\u0027s Box":0,"Prayer Wheel":29,"TungstenRod":54,"Ring of the Snake":0,"Pocketwatch":31},{"Ice Cream":22,"Girya":11,"Tiny House":7,"The Specimen":12,"Vajra":29,"Mango":4,"PreservedInsect":6,"Juzu Bracelet":4,"Bag of Preparation":10,"Ginger":15,"Bottled Tornado":15,"MawBank":23,"Runic Dome":17,"Nunchaku":1,"Anchor":25,"Mummified Hand":23,"Bronze Scales":5,"Pandora\u0027s Box":0,"Prayer Wheel":15,"TungstenRod":28,"Ring of the Snake":0,"Pocketwatch":16},{"Ice Cream":76,"Girya":38,"Tiny House":24,"The Specimen":40,"Vajra":97,"Mango":11,"PreservedInsect":18,"Juzu Bracelet":11,"Bag of Preparation":34,"Ginger":49,"Bottled Tornado":49,"MawBank":80,"Runic Dome":57,"Nunchaku":2,"Anchor":85,"Mummified Hand":80,"Bronze Scales":15,"Pandora\u0027s Box":0,"Prayer Wheel":49,"TungstenRod":94,"Ring of the Snake":0,"Pocketwatch":53}],"TungstenRod":47,"Pocketwatch":[22]},"card_choices":[{"not_picked":["Bane","Outmaneuver"],"picked":"Prepared","floor":1.0},{"not_picked":["Deadly Poison","Well Laid Plans"],"picked":"Backflip","floor":4.0},{"not_picked":["Flying Knee","Outmaneuver","Sucker Punch"],"picked":"SKIP","floor":5.0},{"not_picked":["Flechettes","Deadly Poison","Noxious Fumes"],"picked":"SKIP","floor":6.0},{"not_picked":["Slice","Deadly Poison"],"picked":"Malaise","floor":11.0},{"not_picked":["Dagger Spray","Footwork"],"picked":"Backflip","floor":17.0},{"not_picked":["Bane","Dash+1","Deadly Poison"],"picked":"SKIP","floor":18.0},{"not_picked":["Infinite Blades","Deadly Poison","Setup"],"picked":"SKIP","floor":20.0},{"not_picked":["Skewer","Noxious Fumes","Choke"],"picked":"SKIP","floor":21.0},{"not_picked":["Dagger Throw","Glass Knife","Deadly Poison"],"picked":"SKIP","floor":23.0},{"not_picked":["Dodge and Roll","Dagger Throw"],"picked":"Well Laid Plans","floor":25.0},{"not_picked":["Cloak And Dagger","Dash+1","Flying Knee+1"],"picked":"SKIP","floor":27.0},{"not_picked":["Tactician","Setup","Crippling Poison"],"picked":"SKIP","floor":31.0},{"not_picked":["Masterful Stab+1","Deflect","Blade Dance"],"picked":"SKIP","floor":35.0},{"not_picked":["Dagger Throw","Sucker Punch+1","Deadly Poison+1"],"picked":"SKIP","floor":35.0},{"not_picked":["Quick Slash","Sucker Punch","Cloak And Dagger"],"picked":"SKIP","floor":37.0},{"not_picked":["Terror+1","PiercingWail","Blur"],"picked":"SKIP","floor":37.0},{"not_picked":["Deadly Poison","Caltrops","Dagger Spray"],"picked":"SKIP","floor":38.0},{"not_picked":["Cloak And Dagger","Accuracy","Slice"],"picked":"SKIP","floor":38.0},{"not_picked":["Poisoned Stab","Tactician"],"picked":"Escape Plan+1","floor":39},{"not_picked":["Flying Knee","Underhanded Strike","Riddle With Holes"],"picked":"SKIP","floor":39},{"not_picked":["Noxious Fumes","Eviscerate"],"picked":"Reflex","floor":40},{"not_picked":["Riddle With Holes+1","Unload","Deadly Poison"],"picked":"SKIP","floor":42},{"not_picked":["Deadly Poison+1","Quick Slash","Flying Knee"],"picked":"SKIP","floor":44},{"not_picked":["Expertise","Cloak And Dagger","Quick Slash"],"picked":"SKIP","floor":44},{"not_picked":["Skewer","Underhanded Strike","Backflip"],"picked":"SKIP","floor":45},{"not_picked":["Catalyst","Backflip","Prepared"],"picked":"SKIP","floor":48},{"not_picked":["Endless Agony","Noxious Fumes","Heel Hook"],"picked":"SKIP","floor":48},{"not_picked":["Flying Knee","Deflect","Leg Sweep+1"],"picked":"SKIP","floor":55}],"player_experience":1038200,"relics_obtained":[{"floor":6.0,"key":"Mango"},{"floor":9.0,"key":"Juzu Bracelet"},{"floor":11.0,"key":"Bronze Scales"},{"floor":13.0,"key":"PreservedInsect"},{"floor":23.0,"key":"Girya"},{"floor":25.0,"key":"The Specimen"},{"floor":29.0,"key":"Ginger"},{"floor":29.0,"key":"Prayer Wheel"},{"floor":29.0,"key":"Bottled Tornado"},{"floor":31.0,"key":"Pocketwatch"},{"floor":40,"key":"Ice Cream"},{"floor":42,"key":"MawBank"},{"floor":43,"key":"Mummified Hand"},{"floor":45,"key":"Anchor"},{"floor":55,"key":"Vajra"}],"event_choices":[{"damage_healed":0.0,"max_hp_gain":0.0,"max_hp_loss":0.0,"gold_gain":0.0,"event_name":"Scrap Ooze","player_choice":"Success","floor":2.0,"gold_loss":0.0,"damage_taken":5.0,"relics_obtained":["Nunchaku"]},{"cards_removed":["Sucker Punch"],"damage_healed":0.0,"max_hp_gain":0.0,"max_hp_loss":0.0,"gold_gain":0.0,"event_name":"Living Wall","player_choice":"Forget","floor":3.0,"gold_loss":0.0,"damage_taken":0.0},{"cards_removed":["Unload"],"damage_healed":0.0,"max_hp_gain":0.0,"max_hp_loss":0.0,"gold_gain":0.0,"event_name":"The Cleric","player_choice":"Card Removal","floor":8.0,"gold_loss":75.0,"damage_taken":0.0},{"cards_removed":["Deadly Poison"],"damage_healed":0.0,"max_hp_gain":0.0,"max_hp_loss":0.0,"gold_gain":0.0,"event_name":"Golden Wing","player_choice":"Card Removal","floor":10.0,"gold_loss":0.0,"damage_taken":7.0},{"damage_healed":0.0,"max_hp_gain":0.0,"max_hp_loss":0.0,"gold_gain":0.0,"event_name":"Match and Keep!","player_choice":"1 cards matched","floor":12.0,"gold_loss":0.0,"damage_taken":0.0,"cards_obtained":["Escape Plan"]},{"damage_healed":0.0,"max_hp_gain":0.0,"max_hp_loss":0.0,"gold_gain":0.0,"event_name":"Dead Adventurer","player_choice":"Searched \u00271\u0027 times","floor":13.0,"gold_loss":0.0,"damage_taken":0.0},{"damage_healed":0.0,"max_hp_gain":0.0,"max_hp_loss":0.0,"gold_gain":50.0,"event_name":"Golden Shrine","player_choice":"Pray","floor":14.0,"gold_loss":0.0,"damage_taken":0.0},{"damage_healed":0.0,"max_hp_gain":0.0,"max_hp_loss":0.0,"gold_gain":0.0,"event_name":"The Mausoleum","player_choice":"Ignored","floor":19.0,"gold_loss":0.0,"damage_taken":0.0},{"damage_healed":0.0,"max_hp_gain":0.0,"max_hp_loss":0.0,"gold_gain":0.0,"event_name":"Wheel of Change","player_choice":"Cursed","floor":28.0,"gold_loss":0.0,"damage_taken":0.0,"cards_obtained":["Decay"]},{"damage_healed":0.0,"max_hp_gain":0.0,"max_hp_loss":0.0,"gold_gain":0.0,"event_name":"Colosseum","player_choice":"Fight","floor":29.0,"gold_loss":0.0,"damage_taken":0.0},{"damage_healed":0.0,"max_hp_gain":0.0,"max_hp_loss":0.0,"gold_gain":0.0,"event_name":"Colosseum","player_choice":"Fought Nobs","floor":29.0,"gold_loss":0.0,"damage_taken":0.0},{"damage_healed":0.0,"max_hp_gain":0.0,"max_hp_loss":0.0,"gold_gain":0.0,"cards_transformed":["Survivor","Neutralize"],"event_name":"Drug Dealer","player_choice":"Became Test Subject","floor":30.0,"gold_loss":0.0,"damage_taken":0.0,"cards_obtained":["PiercingWail","Night Terror"]},{"damage_healed":0.0,"max_hp_gain":0.0,"max_hp_loss":0.0,"gold_gain":0.0,"event_name":"Wheel of Change","player_choice":"Cursed","floor":36.0,"gold_loss":0.0,"damage_taken":0.0,"cards_obtained":["Decay"]},{"damage_healed":0,"gold_gain":0,"player_choice":"Forge","damage_taken":0,"max_hp_gain":0,"max_hp_loss":0,"event_name":"Accursed Blacksmith","floor":46,"gold_loss":0,"cards_upgraded":["Night Terror"]}],"is_beta":false,"boss_relics":[{"not_picked":["Fusion Hammer","Velvet Choker"],"picked":"Tiny House"},{"not_picked":["Calling Bell","Busted Crown"],"picked":"Runic Dome"}],"items_purged_floors":[22,47,54],"is_endless":false,"potions_floor_spawned":[4,6,20,27,33,39,40,42,45,55],"ascension_level":20}}