{"host":"v4tuy5ykrbdcm9o9","time":1611632480,"event":{"mods":["BaseMod","Duelist Mod","Minty Spire (QoL Compilation)","Replay The Spire","StSLib"],"gold_per_floor":[110,122,142,21,41,66,66,108,157,157,181,181,203,239,239,351,351,374,44,53,75,75,115,115,115,190,32,75,75,95,137,137,250,277,302,302,72,91,115,124,10,34,34,73,129,154,176,219,219,219,219],"floor_reached":50,"language":"ENG","playtime":5430,"items_purged":["Shame","Overencumbered"],"score":894,"play_id":"0b9b35d6-e176-4493-ab7d-e203074bb400","local_time":"20210125224120","is_ascension_mode":true,"campfire_choices":[{"floor":7,"key":"REST"},{"floor":10,"key":"RECALL"},{"floor":12,"key":"REST"},{"data":"Vault","floor":15,"key":"SMITH"},{"floor":24,"key":"REST"},{"floor":29,"key":"REST"},{"data":"BattleHymn","floor":32,"key":"SMITH"},{"data":"Wallop","floor":32,"key":"SMITH"},{"data":"Devotion","floor":49,"key":"SMITH"},{"data":"Eruption","floor":49,"key":"SMITH"}],"circlet_count":0,"master_deck":["Strike_P","Strike_P","Defend_P","Defend_P","Defend_P","Eruption+1","Vigilance","Protect+1","Consecrate","JustLucky","Collect","FlyingSleeves+1","SignatureMove","Vault+1","Vengeance","FollowUp","Devotion+1","FollowUp+1","Wallop+1","Perseverance","ReachHeaven","BattleHymn+1","FlurryOfBlows+1","Replay:ManipulateFuture","LessonLearned+1","Perseverance+1","FollowUp+1","Devotion","Writhe","CommonCold","Swivel+1","Dramatic Entrance+1","SignatureMove+1","TalkToTheHand+1","WaveOfTheHand+1","Writhe","Consecrate+1","Halt","SandsOfTime+1","CutThroughFate+1","Judgement","ThirdEye+1","SandsOfTime+1","TalkToTheHand+1"],"relics":["PureWater","Pocketwatch","Darkstone Periapt","CeramicFish","Replay:Baseball","Replay:Drink Me","ReplayTheSpireMod:Ninjato","Lantern","Akabeko","MutagenicStrength","Molten Egg 2","Matryoshka","Replay:Arrowhead","Replay:Ancient Bell","Toy Ornithopter","Iron Hammer","Incense Burner","Smiling Mask","TeardropLocket","Kunai","Dead Branch","Torii"],"acts_visited":["Exordium","TheCity","TheBeyond"],"potions_floor_usage":[8,16,21,23,28,33,42,44,47,47,50],"damage_taken":[{"damage":0,"enemies":"Cultist","floor":1,"turns":2},{"damage":3,"enemies":"Jaw Worm","floor":2,"turns":3},{"damage":2,"enemies":"Small Slimes","floor":3,"turns":4},{"damage":11,"enemies":"Exordium Wildlife","floor":5,"turns":3},{"damage":36,"enemies":"Lagavulin","floor":6,"turns":7},{"damage":8,"enemies":"3 Sentries","floor":8,"turns":6},{"damage":0,"enemies":"Large Slime","floor":11,"turns":4},{"damage":0,"enemies":"3 Louse","floor":13,"turns":3},{"damage":0,"enemies":"Lagavulin","floor":14,"turns":4},{"damage":22,"enemies":"The Guardian","floor":16,"turns":6},{"damage":3,"enemies":"3 Byrds","floor":18,"turns":5},{"damage":4,"enemies":"2 Thieves","floor":21,"turns":5},{"damage":13,"enemies":"theDuelist:KaibaA2","floor":23,"turns":4},{"damage":14,"enemies":"Gremlin Leader","floor":28,"turns":5},{"damage":0,"enemies":"Centurion and Healer","floor":30,"turns":4},{"damage":3,"enemies":"theDuelist:KaibaA2","floor":31,"turns":3},{"damage":47,"enemies":"Champ","floor":33,"turns":6},{"damage":5,"enemies":"3 Shapes","floor":35,"turns":3},{"damage":0,"enemies":"Orb Walker","floor":38,"turns":3},{"damage":7,"enemies":"4 Shapes","floor":39,"turns":3},{"damage":0,"enemies":"Jaw Worm Horde","floor":42,"turns":3},{"damage":22,"enemies":"Reptomancer","floor":44,"turns":5},{"damage":3,"enemies":"2 Orb Walkers","floor":45,"turns":6},{"damage":5,"enemies":"Maw","floor":46,"turns":5},{"damage":1,"enemies":"3 Darklings","floor":47,"turns":3},{"damage":0,"enemies":"R_Hoarder","floor":48,"turns":6},{"damage":80,"enemies":"Replay:Hell Engine","floor":50,"turns":8}],"seed_played":"-1860270363551508367","potions_obtained":[{"floor":2,"key":"BottledMiracle"},{"floor":8,"key":"SneckoOil"},{"floor":11,"key":"Ancient Potion"},{"floor":14,"key":"Ancient Potion"},{"floor":16,"key":"Flashbang"},{"floor":21,"key":"Strength Potion"},{"floor":23,"key":"SpeedPotion"},{"floor":35,"key":"Toxic Potion"},{"floor":44,"key":"Languid Potion"},{"floor":46,"key":"Weak Potion"},{"floor":48,"key":"Strength Potion"}],"is_trial":false,"path_per_floor":["M","M","M","?","M","E","R","E","T","R","M","R","M","E","R","B",null,"M","$","?","M","?","E","R","?","T","$","E","R","M","E","R","B",null,"M","?","$","M","M","?","$","M","T","E","?","M","M","E","R","B"],"character_chosen":"WATCHER","items_purchased":["ReplayTheSpireMod:Ninjato","Wallop","Perseverance","FlurryOfBlows+1","Replay:ManipulateFuture","Dramatic Entrance+1","SignatureMove+1","Consecrate+1","Halt","SkillPotion"],"campfire_rested":4,"item_purchase_floors":[19,19,19,27,27,37,37,41,41,41],"current_hp_per_floor":[72,69,67,67,56,20,43,35,35,35,35,58,58,58,58,36,54,51,51,57,53,41,28,49,49,49,49,35,56,56,53,53,6,73,68,68,68,68,61,89,89,94,94,73,70,65,74,74,74,0,0],"gold":219,"neow_bonus":"TEN_PERCENT_HP_BONUS","is_daily":false,"chose_seed":false,"campfire_upgraded":5,"win_rate":0.0,"timestamp":1611632480,"path_taken":["M","M","M","?","M","E","R","E","T","R","M","R","M","E","R","BOSS","M","$","?","M","?","E","R","?","T","$","E","R","?","E","R","BOSS","M","?","$","M","M","?","$","M","T","E","?","M","M","E","R","BOSS"],"items_purchased_type":["Relic","Card","Card","Card","Card","Card","Card","Card","Card","Potion"],"build_version":"2020-12-22","purchased_purges":2,"victory":false,"max_hp_per_floor":[79,79,79,79,79,79,79,79,79,79,79,79,79,79,79,79,60,60,60,66,66,71,71,71,71,71,71,71,71,71,71,71,71,89,89,89,89,89,89,95,95,95,95,95,95,95,95,95,95,95,95],"card_choices":[{"not_picked":["Crescendo","Nirvana"],"picked":"Protect","floor":1},{"not_picked":["LikeWater","Replay:AtTheReady"],"picked":"Consecrate","floor":2},{"not_picked":["Replay:DivineShield","EmptyMind"],"picked":"JustLucky","floor":3},{"not_picked":["SashWhip","FearNoEvil"],"picked":"Collect","floor":5},{"not_picked":["Replay:ManipulateFuture","Wireheading"],"picked":"FlyingSleeves","floor":6},{"not_picked":["CrushJoints","WheelKick"],"picked":"SignatureMove","floor":8},{"not_picked":["Consecrate","Indignation"],"picked":"Vault","floor":11},{"not_picked":["WheelKick","Worship"],"picked":"Vengeance","floor":13},{"not_picked":["EmptyBody","ThirdEye"],"picked":"FollowUp","floor":14},{"not_picked":["Ragnarok","Vault"],"picked":"Devotion","floor":16},{"not_picked":["PathToVictory+1","JustLucky"],"picked":"FollowUp","floor":18},{"not_picked":["Crescendo+1","Evaluate"],"picked":"ReachHeaven","floor":21},{"not_picked":["Replay:ManipulateFuture+1","PathToVictory"],"picked":"BattleHymn","floor":23},{"not_picked":["Swivel","Sanctity"],"picked":"LessonLearned+1","floor":28},{"not_picked":["Fasting2+1","CrushJoints+1"],"picked":"Perseverance+1","floor":30},{"not_picked":["Evaluate+1","WreathOfFlame+1"],"picked":"FollowUp+1","floor":31},{"not_picked":["SpiritShield","Vault"],"picked":"Devotion","floor":33},{"not_picked":["Delirium","Parasite"],"picked":"Overencumbered","floor":34},{"not_picked":["ReplayTheSpireMod:IOU","Shame"],"picked":"Writhe","floor":34},{"not_picked":["Pain","Overencumbered"],"picked":"CommonCold","floor":34},{"not_picked":["Replay:Anticipation+1","FlurryOfBlows+1"],"picked":"Swivel+1","floor":35},{"not_picked":["BowlingBash+1","ThirdEye"],"picked":"TalkToTheHand+1","floor":38},{"not_picked":["Prostrate+1","Evaluate"],"picked":"WaveOfTheHand+1","floor":39},{"not_picked":["JustLucky+1","PathToVictory"],"picked":"SandsOfTime+1","floor":42},{"not_picked":["ClearTheMind+1","Tantrum+1"],"picked":"CutThroughFate+1","floor":44},{"not_picked":["Crescendo+1","Vengeance"],"picked":"Judgement","floor":45},{"not_picked":["Nirvana+1","Halt+1"],"picked":"ThirdEye+1","floor":46},{"not_picked":["Conclude+1","Worship"],"picked":"SandsOfTime+1","floor":47},{"not_picked":["Replay:Battleflow+1","Consecrate+1"],"picked":"TalkToTheHand+1","floor":48}],"player_experience":674946,"relics_obtained":[{"floor":6,"key":"Darkstone Periapt"},{"floor":8,"key":"CeramicFish"},{"floor":14,"key":"Replay:Baseball"},{"floor":23,"key":"Akabeko"},{"floor":26,"key":"Molten Egg 2"},{"floor":28,"key":"Matryoshka"},{"floor":31,"key":"Replay:Arrowhead"},{"floor":43,"key":"Smiling Mask"},{"floor":43,"key":"TeardropLocket"},{"floor":44,"key":"Kunai"},{"floor":45,"key":"Dead Branch"},{"floor":48,"key":"Torii"}],"event_choices":[{"damage_healed":0,"gold_gain":0,"player_choice":"Paid Gold","damage_taken":0,"relics_obtained":["Pocketwatch"],"max_hp_gain":0,"max_hp_loss":0,"event_name":"WeMeetAgain","floor":4,"gold_loss":121},{"damage_healed":0,"gold_gain":0,"player_choice":"Stole Relic","damage_taken":0,"relics_obtained":["Lantern"],"max_hp_gain":0,"max_hp_loss":0,"event_name":"Addict","floor":20,"gold_loss":0,"cards_obtained":["Shame"]},{"damage_healed":0,"gold_gain":0,"player_choice":"Shed Blood","damage_taken":17,"max_hp_gain":5,"max_hp_loss":0,"event_name":"Forgotten Altar","floor":22,"gold_loss":0},{"damage_healed":0,"gold_gain":0,"player_choice":"Inject Mutagens","damage_taken":0,"relics_obtained":["MutagenicStrength"],"max_hp_gain":0,"max_hp_loss":0,"event_name":"Drug Dealer","floor":25,"gold_loss":0},{"damage_healed":0,"gold_gain":0,"player_choice":"Ignored","damage_taken":0,"max_hp_gain":0,"max_hp_loss":0,"event_name":"Tomb of Lord Red Mask","floor":36,"gold_loss":0},{"damage_healed":22,"gold_gain":0,"player_choice":"Writhe","damage_taken":0,"max_hp_gain":0,"max_hp_loss":0,"event_name":"Winding Halls","floor":40,"gold_loss":0,"cards_obtained":["Writhe"]},{"damage_healed":0,"gold_gain":0,"player_choice":"Fight","damage_taken":0,"max_hp_gain":0,"max_hp_loss":0,"event_name":"Mysterious Sphere","floor":45,"gold_loss":0}],"is_beta":false,"boss_relics":[{"not_picked":["Replay:Wanted Poster","Astrolabe"],"picked":"Replay:Drink Me"},{"not_picked":["VioletLotus","Kintsugi"],"picked":"Replay:Ancient Bell"},{"not_picked":["ReplayFunnel","War Paint"],"picked":"Toy Ornithopter"},{"not_picked":["Mercury Hourglass","Singing Bowl"],"picked":"Iron Hammer"},{"not_picked":["Replay:Purple Gloves","Shovel"],"picked":"Incense Burner"}],"items_purged_floors":[27,37],"is_endless":false,"potions_floor_spawned":[2,8,11,14,16,21,23,35,44,46,48],"killed_by":"Replay:Hell Engine","ascension_level":6}}