{"host":"njo8qgvy2a57fcny","time":1611641580,"event":{"mods":["Aspiration","BaseMod","BetterRewards","CCEM","Colored Map","Colored Powertips","Conspire","Custom Start","Downfall","Energized Spire","GifTheSpireLib","Halation","Hermit","Hubris","Infinite Spire","Jedi Mod","Jorbs\u0027s Wanderer Trilogy","Mimic Mod","Minty Spire (QoL Compilation)","Quick Restart","Random Character Button","Random Character Mod","Rare Cards Sparkle","Relic Sorter","Replay The Spire","Shop Mod","StSLib","Stuff the Spire","The Animator","The Jungle","The Runesmith","The Servant 0.9.4","Unceasing Turn Reminder","thorton"],"gold_per_floor":[170,170,20,20,20,295,333,362,362,375,275,305,323,336,349,349,349,349],"floor_reached":16,"language":"ENG","playtime":671,"items_purged":[],"score":216,"play_id":"1a384c5c-88f6-471f-8db8-65cbcb502a98","local_time":"20210126171300","is_ascension_mode":true,"campfire_choices":[{"floor":11,"key":"REST"}],"circlet_count":0,"master_deck":["AscendersBane","Slimebound:Strike_Slimebound","Slimebound:Strike_Slimebound","Slimebound:Strike_Slimebound","Slimebound:Tackle","Slimebound:Defend_Slimebound","Slimebound:Defend_Slimebound","Slimebound:Defend_Slimebound","Slimebound:Defend_Slimebound","Slimebound:Split","Slimebound:CorrosiveSpit","Slimebound:RollThrough","Slimebound:PressTheAttack","Slimebound:SplitMire","Regret","Slimebound:Schlurp","Slimebound:GoopSpray","Parasite","Slimebound:SlimeBarrage","Slimebound:Recollect","Slimebound:SlimeSpikes","Slimebound:GoopSpray","Slimebound:DuplicatedForm"],"relics":["Slimebound:AbsorbEndCombat","downfall:HeartsMalice","Blood Vial","downfall:HeartBlessingBlue","infinitespire:Magic Flask"],"acts_visited":["Exordium"],"potions_floor_usage":[10,12,13],"damage_taken":[{"damage":0,"enemies":"Small Slimes","floor":2,"turns":1},{"damage":0,"enemies":"Cultist","floor":4,"turns":1},{"damage":0,"enemies":"Jaw Worm","floor":5,"turns":1},{"damage":23,"enemies":"Blue Slaver","floor":7,"turns":8},{"damage":55,"enemies":"Gremlin Nob","floor":8,"turns":4},{"damage":15,"enemies":"Blue Slaver","floor":10,"turns":2},{"damage":35,"enemies":"Lagavulin","floor":12,"turns":6},{"damage":13,"enemies":"Red Slaver","floor":13,"turns":5},{"damage":22,"enemies":"2 Fungi Beasts","floor":14,"turns":3},{"damage":16,"enemies":"Exordium Thugs","floor":15,"turns":5},{"damage":7,"enemies":"WA_ARCHETYPE_RETAIN","floor":16,"turns":1}],"seed_played":"-567134035992026723","potions_obtained":[{"floor":8,"key":"Explosive Potion"},{"floor":10,"key":"BlessingOfTheForge"},{"floor":12,"key":"Regen Potion"}],"is_trial":false,"path_per_floor":["R_BF","M","?","M","M","?","MIM","E","?","M","R","E","M","M","M","B"],"character_chosen":"SLIMEBOUND","items_purchased":[],"campfire_rested":1,"item_purchase_floors":[],"current_hp_per_floor":[53,53,69,69,69,69,54,7,24,15,48,23,30,16,4,0,0,0],"gold":349,"neow_bonus":"THREE_ENEMY_KILL","is_daily":false,"chose_seed":false,"campfire_upgraded":0,"win_rate":0.0,"timestamp":1611641580,"path_taken":["R_BF","M","?","?","M","?","MIM","E","?","M","R","E","?","M","M","BOSS"],"items_purchased_type":[],"build_version":"2020-12-22","purchased_purges":0,"victory":false,"max_hp_per_floor":[59,59,69,69,69,69,69,69,69,69,79,79,79,79,79,79,79,79],"card_choices":[{"not_picked":["Slimebound:GoopTackle","Slimebound:LeechEnergy"],"picked":"Slimebound:RollThrough","floor":2},{"not_picked":["Slimebound:SamplingLick","Slimebound:SplitAcid"],"picked":"Slimebound:PressTheAttack","floor":4},{"not_picked":["Slimebound:TongueLash","Slimebound:AcidTongue"],"picked":"Slimebound:SplitMire","floor":5},{"not_picked":["Slimebound:ViciousTackle","Slimebound:HauntingLick"],"picked":"Slimebound:Schlurp","floor":7},{"not_picked":["Slimebound:MassRepurpose","Slimebound:ServeAndProtect"],"picked":"Slimebound:GoopSpray","floor":8},{"not_picked":["Slimebound:Prepare","Slimebound:HungryTackle"],"picked":"Slimebound:SlimeBarrage","floor":10},{"not_picked":["Slimebound:GoopSpray","Slimebound:FormOfPuddle"],"picked":"Slimebound:Recollect","floor":12},{"not_picked":["Slimebound:RollThrough","Slimebound:ServeAndProtect"],"picked":"Slimebound:SlimeSpikes","floor":13},{"not_picked":["Slimebound:ComboTackle","Slimebound:SlimeSpikes"],"picked":"Slimebound:GoopSpray","floor":14},{"not_picked":["Slimebound:ComboTackle","Slimebound:Replication"],"picked":"Slimebound:DuplicatedForm","floor":15}],"player_experience":717765,"relics_obtained":[{"floor":8,"key":"Blood Vial"},{"floor":12,"key":"infinitespire:Magic Flask"}],"event_choices":[{"damage_healed":17,"gold_gain":0,"player_choice":"Healed and dodged fight","damage_taken":0,"max_hp_gain":0,"max_hp_loss":0,"event_name":"Mushrooms","floor":9,"gold_loss":0,"cards_obtained":["Parasite"]}],"is_beta":false,"boss_relics":[],"items_purged_floors":[],"is_endless":false,"potions_floor_spawned":[8,10,12],"killed_by":"WA_ARCHETYPE_RETAIN","ascension_level":20}}