{"host":"88sw61cmk1203zgj","time":1611627543,"event":{"mods":["BaseMod","Minty Spire (QoL Compilation)"],"gold_per_floor":[109,124,124,141,141,171,22,22,22,22,57,74,74,74,74,175,175,190,209,134,233,82,82,109,129,154,154,181,181,181,195,195,298,298,314,333,176,193,193,193,207,237,237,237,237,256,256,273,273,273,273,273,71,99,99,99],"floor_reached":55,"language":"ENG","playtime":5055,"items_purged":["Strike_B","Strike_B"],"score":1214,"play_id":"70ea0cbd-703d-42bd-b1bb-c9b87d96ce3c","local_time":"20210125211903","is_ascension_mode":true,"campfire_choices":[{"data":"Defragment","floor":8.0,"key":"SMITH"},{"data":"Beam Cell","floor":10.0,"key":"SMITH"},{"data":"Glacier","floor":13.0,"key":"SMITH"},{"floor":15.0,"key":"REST"},{"data":"Zap","floor":23.0,"key":"SMITH"},{"data":"Recycle","floor":30.0,"key":"SMITH"},{"data":"Turbo","floor":32.0,"key":"SMITH"},{"data":"Hologram","floor":40.0,"key":"SMITH"},{"floor":44.0,"key":"RECALL"},{"data":"Double Energy","floor":47.0,"key":"SMITH"},{"data":"Leap","floor":49.0,"key":"SMITH"},{"data":"Glacier","floor":52.0,"key":"SMITH"}],"circlet_count":0,"master_deck":["AscendersBane","Strike_B+1","Strike_B","Defend_B+1","Defend_B","Zap+1","Dualcast","Beam Cell+1","Cold Snap","Ball Lightning","Leap+1","Defragment+1","Glacier+1","Rebound","All For One","Leap+1","Gash","Turbo+1","Recycle+1","Chaos+1","Multi-Cast","Ball Lightning","Electrodynamics","Compile Driver","Beam Cell+1","Hologram+1","Gash","Aggregate+1","Glacier+1","Double Energy+1","Gash","Gash","Double Energy"],"relics":["Cracked Core","MealTicket","Unceasing Top","Shuriken","Omamori","Calling Bell","Happy Flower","HornCleat","Ice Cream","Question Card","Bag of Preparation","Lantern","Cursed Key","Orrery","Orichalcum","Boot","Bronze Scales","Nunchaku"],"acts_visited":["Exordium","TheCity","TheBeyond","TheEnding"],"potions_floor_usage":[55,55],"damage_taken":[{"damage":1.0,"enemies":"2 Louse","floor":1.0,"turns":3.0},{"damage":2.0,"enemies":"Jaw Worm","floor":2.0,"turns":3.0},{"damage":5.0,"enemies":"Small Slimes","floor":4.0,"turns":3.0},{"damage":12.0,"enemies":"Gremlin Nob","floor":6.0,"turns":3.0},{"damage":24.0,"enemies":"Lagavulin","floor":11.0,"turns":4.0},{"damage":0.0,"enemies":"Blue Slaver","floor":12.0,"turns":3.0},{"damage":18.0,"enemies":"Slime Boss","floor":16.0,"turns":7.0},{"damage":7.0,"enemies":"Chosen","floor":18.0,"turns":5.0},{"damage":4.0,"enemies":"2 Thieves","floor":19.0,"turns":4.0},{"damage":0.0,"enemies":"Book of Stabbing","floor":24.0,"turns":5.0},{"damage":0.0,"enemies":"3 Cultists","floor":25.0,"turns":5.0},{"damage":15.0,"enemies":"Gremlin Leader","floor":28.0,"turns":5.0},{"damage":0.0,"enemies":"Snake Plant","floor":31.0,"turns":3.0},{"damage":2.0,"enemies":"Collector","floor":33.0,"turns":7.0},{"damage":5.0,"enemies":"3 Shapes","floor":35.0,"turns":4.0},{"damage":3.0,"enemies":"Orb Walker","floor":36.0,"turns":2.0},{"damage":9.0,"enemies":"Maw","floor":38.0,"turns":6.0},{"damage":0.0,"enemies":"Transient","floor":41.0,"turns":5.0},{"damage":1.0,"enemies":"Nemesis","floor":42.0,"turns":3.0},{"damage":0.0,"enemies":"Writhing Mass","floor":46.0,"turns":3.0},{"damage":0.0,"enemies":"Sphere and 2 Shapes","floor":48.0,"turns":3.0},{"damage":11.0,"enemies":"Awakened One","floor":50.0,"turns":7.0},{"damage":18.0,"enemies":"Shield and Spear","floor":54.0,"turns":2.0},{"damage":58,"enemies":"The Heart","floor":55,"turns":6}],"seed_played":"8026793602302263202","potions_obtained":[{"floor":4.0,"key":"BlessingOfTheForge"},{"floor":6.0,"key":"DuplicationPotion"},{"floor":16.0,"key":"EssenceOfSteel"},{"floor":28.0,"key":"Explosive Potion"},{"floor":35.0,"key":"Strength Potion"},{"floor":46.0,"key":"LiquidMemories"}],"is_trial":false,"path_per_floor":["M","M","?","M","?","E","$","R","T","R","E","M","R","?","R","B",null,"M","M","?","?","$","R","E","M","T","T","E","?","R","M","R","B",null,"M","M","$","M","?","R","M","E","T","R","T","M","R","M","R","B",null,"R","$","E","B"],"character_chosen":"DEFECT","items_purchased":["Defragment","Turbo","Orrery","Bronze Scales","Gash"],"campfire_rested":1,"item_purchase_floors":[7,22,37,53,53],"current_hp_per_floor":[67,65,65,60,45,33,48,48,48,48,24,24,24,24,46,28,63,56,52,52,52,67,67,67,67,67,67,52,52,52,52,52,50,69,64,61,75,66,66,66,66,65,65,65,65,65,65,65,65,54,70,70,75,57,0,0],"gold":99,"neow_bonus":"RANDOM_COMMON_RELIC","is_daily":false,"chose_seed":false,"campfire_upgraded":10,"win_rate":0.0,"timestamp":1611627543,"path_taken":["M","M","?","M","?","E","?","R","T","R","E","M","R","?","R","BOSS","M","M","?","?","?","R","E","?","T","?","E","?","R","M","R","BOSS","M","M","$","M","?","R","M","E","T","R","?","M","R","?","R","BOSS","R","$","E","BOSS"],"items_purchased_type":["Card","Card","Relic","Relic","Card"],"build_version":"2020-12-22","purchased_purges":2,"victory":false,"max_hp_per_floor":[75,75,75,75,75,75,75,75,75,75,75,75,75,75,75,75,75,75,75,75,75,75,75,75,75,75,75,75,75,75,75,75,75,75,75,75,75,75,75,75,75,75,75,75,75,75,75,75,75,75,75,75,75,75,75,75],"card_choices":[{"not_picked":["Fusion","Stack"],"picked":"Beam Cell","floor":1.0},{"not_picked":["FTL","BootSequence"],"picked":"Cold Snap","floor":2.0},{"not_picked":["Storm","Turbo"],"picked":"Ball Lightning","floor":4.0},{"not_picked":["Streamline","Capacitor"],"picked":"Leap","floor":6.0},{"not_picked":["Chill","BootSequence"],"picked":"Glacier","floor":11.0},{"not_picked":["Static Discharge","Darkness"],"picked":"Rebound","floor":12.0},{"not_picked":["Creative AI","Hyperbeam"],"picked":"All For One","floor":16.0},{"not_picked":["Compile Driver+1","Rip and Tear"],"picked":"Leap+1","floor":18.0},{"not_picked":["Multi-Cast","Redo"],"picked":"Gash","floor":19.0},{"not_picked":["Self Repair+1","Coolheaded"],"picked":"Recycle","floor":24.0},{"not_picked":["Steam","Compile Driver","Fusion"],"picked":"Chaos+1","floor":25.0},{"not_picked":["Fusion","Melter","Steam"],"picked":"Multi-Cast","floor":28.0},{"not_picked":["Hello World","Glacier","Rebound"],"picked":"Ball Lightning","floor":31.0},{"not_picked":["All For One","Hyperbeam","Biased Cognition"],"picked":"Electrodynamics","floor":33.0},{"not_picked":["Sweeping Beam","BootSequence","Heatsinks+1"],"picked":"Compile Driver","floor":35.0},{"not_picked":["Leap","Rebound","Lockon"],"picked":"Beam Cell+1","floor":36.0},{"not_picked":["Compile Driver","Auto Shields+1","Redo"],"picked":"Hologram","floor":37.0},{"not_picked":["Turbo+1","Cold Snap","Genetic Algorithm"],"picked":"Gash","floor":37.0},{"not_picked":["All For One","Streamline","Stack"],"picked":"Aggregate+1","floor":37.0},{"not_picked":["Machine Learning","Stack","Beam Cell"],"picked":"Glacier","floor":37.0},{"not_picked":["Static Discharge","Barrage","Ball Lightning"],"picked":"Double Energy","floor":38.0},{"not_picked":["Ball Lightning","Self Repair","Steam"],"picked":"Gash","floor":41.0},{"not_picked":["Glacier","Fusion+1","Doom and Gloom","Buffer"],"picked":"SKIP","floor":42.0},{"not_picked":["Streamline","Sunder","Consume","Barrage"],"picked":"SKIP","floor":46.0},{"not_picked":["Redo","Streamline+1","Cold Snap","BootSequence+1"],"picked":"SKIP","floor":48.0},{"not_picked":["Streamline","Conserve Battery","Ball Lightning+1"],"picked":"Double Energy","floor":54.0}],"player_experience":1514319,"relics_obtained":[{"floor":6.0,"key":"Unceasing Top"},{"floor":9.0,"key":"Shuriken"},{"floor":11.0,"key":"Omamori"},{"floor":17.0,"key":"Happy Flower"},{"floor":17.0,"key":"HornCleat"},{"floor":17.0,"key":"Ice Cream"},{"floor":24.0,"key":"Question Card"},{"floor":26.0,"key":"Bag of Preparation"},{"floor":28.0,"key":"Lantern"},{"floor":42.0,"key":"Orichalcum"},{"floor":43.0,"key":"Boot"},{"floor":54.0,"key":"Nunchaku"}],"event_choices":[{"damage_healed":0.0,"max_hp_gain":0.0,"max_hp_loss":0.0,"gold_gain":0.0,"event_name":"Liars Game","player_choice":"Ignored","floor":3.0,"gold_loss":0.0,"damage_taken":0.0},{"damage_healed":0.0,"max_hp_gain":0.0,"max_hp_loss":0.0,"gold_gain":0.0,"event_name":"Shining Light","player_choice":"Entered Light","floor":5.0,"gold_loss":0.0,"damage_taken":15.0,"cards_upgraded":["Strike_B","Defend_B"]},{"cards_removed":["Defend_B"],"damage_healed":0.0,"max_hp_gain":0.0,"max_hp_loss":0.0,"gold_gain":0.0,"event_name":"Living Wall","player_choice":"Forget","floor":14.0,"gold_loss":0.0,"damage_taken":0.0},{"cards_removed":["Defend_B"],"damage_healed":0.0,"max_hp_gain":0.0,"max_hp_loss":0.0,"gold_gain":0.0,"event_name":"Beggar","player_choice":"Gave Gold","floor":20.0,"gold_loss":75.0,"damage_taken":0.0},{"damage_healed":0.0,"max_hp_gain":0.0,"max_hp_loss":0.0,"gold_gain":99.0,"event_name":"Nest","player_choice":"Stole From Cult","floor":21.0,"gold_loss":0.0,"damage_taken":0.0},{"damage_healed":0.0,"max_hp_gain":0.0,"max_hp_loss":0.0,"gold_gain":0.0,"event_name":"Vampires","player_choice":"Ignored","floor":29.0,"gold_loss":0.0,"damage_taken":0.0},{"damage_healed":0.0,"max_hp_gain":0.0,"max_hp_loss":0.0,"gold_gain":0.0,"event_name":"Tomb of Lord Red Mask","player_choice":"Ignored","floor":39.0,"gold_loss":0.0,"damage_taken":0.0}],"is_beta":false,"boss_relics":[{"not_picked":["Coffee Dripper","Ectoplasm"],"picked":"Calling Bell"},{"not_picked":["Pandora\u0027s Box","Astrolabe"],"picked":"Cursed Key"}],"items_purged_floors":[7,22],"is_endless":false,"potions_floor_spawned":[4,6,16,18,28,31,35,41,42,46,54],"killed_by":"The Heart","ascension_level":12}}