{"host":"1tl36azeqm6yhdgj","time":1611666210,"event":{"mods":["AchievementEnabler","BaseMod","Minty Spire (QoL Compilation)","StSLib","The IronCluck","everything is the same but u backflip on backflip"],"gold_per_floor":[109,109,109,130,148,189,189,204,204,0,0,0,0],"floor_reached":12,"language":"ENG","playtime":328,"items_purged":[],"score":156,"play_id":"ee94cd8f-4adb-4044-a499-eedc1578e163","local_time":"20210126080330","is_ascension_mode":true,"campfire_choices":[{"data":"Discovery","floor":7,"key":"SMITH"}],"circlet_count":0,"master_deck":["AscendersBane","Strike_R","Strike_R","Strike_R","Strike_R","Defend_R","Defend_R","Defend_R","Defend_R","Bash","Discovery+1","Injury","Seeing Red","Headbutt","Infernal Blade","Thunderclap","Blind"],"relics":["Burning Blood","Golden Idol","Bird Faced Urn","Champion Belt"],"acts_visited":["Exordium"],"potions_floor_usage":[6,8,12],"damage_taken":[{"damage":2,"enemies":"2 Louse","floor":1,"turns":2},{"damage":16,"enemies":"Small Slimes","floor":4,"turns":4},{"damage":11,"enemies":"Jaw Worm","floor":5,"turns":6},{"damage":33,"enemies":"Lagavulin","floor":6,"turns":7},{"damage":10,"enemies":"Gremlin Gang","floor":8,"turns":5},{"damage":38,"enemies":"Gremlin Nob","floor":12,"turns":3}],"seed_played":"1609594629032781694","potions_obtained":[{"floor":1,"key":"ColorlessPotion"},{"floor":5,"key":"HeartOfIron"}],"is_trial":false,"path_per_floor":["M","?","?","M","M","E","R","M","T","$","$","E"],"character_chosen":"IRONCLAD","items_purchased":["Blind","Fruit Juice"],"campfire_rested":0,"item_purchase_floors":[10,10],"current_hp_per_floor":[72,65,65,55,50,23,23,19,19,19,19,0,0],"gold":0,"neow_bonus":"RANDOM_COLORLESS","is_daily":false,"chose_seed":false,"campfire_upgraded":1,"win_rate":0.0,"timestamp":1611666210,"path_taken":["M","?","?","M","M","E","R","M","T","?","$","E"],"items_purchased_type":["Card","Potion"],"build_version":"2020-12-22","purchased_purges":0,"victory":false,"max_hp_per_floor":[75,75,75,75,75,75,75,75,75,75,75,80,80],"card_choices":[{"not_picked":["Finesse","Jack Of All Trades"],"picked":"Discovery","floor":0},{"not_picked":["True Grit","Clash","Sword Boomerang"],"picked":"SKIP","floor":1},{"not_picked":["Wild Strike","Perfected Strike"],"picked":"Seeing Red","floor":4},{"not_picked":["Sentinel","True Grit"],"picked":"Headbutt","floor":5},{"not_picked":["Rage","Pummel"],"picked":"Infernal Blade","floor":6},{"not_picked":["Second Wind","Warcry"],"picked":"Thunderclap","floor":8}],"player_experience":2058321,"relics_obtained":[{"floor":6,"key":"Bird Faced Urn"},{"floor":9,"key":"Champion Belt"}],"event_choices":[{"cards_removed":["Strike_R"],"damage_healed":0,"gold_gain":0,"player_choice":"Card Removal","damage_taken":7,"max_hp_gain":0,"max_hp_loss":0,"event_name":"Golden Wing","floor":2,"gold_loss":0},{"damage_healed":0,"gold_gain":0,"player_choice":"Take Wound","damage_taken":0,"relics_obtained":["Golden Idol"],"max_hp_gain":0,"max_hp_loss":0,"event_name":"Golden Idol","floor":3,"gold_loss":0,"cards_obtained":["Injury"]}],"is_beta":false,"boss_relics":[],"items_purged_floors":[],"is_endless":false,"potions_floor_spawned":[1,5],"killed_by":"Gremlin Nob","ascension_level":20}}