{"host":"vyjryxuuuxkt43k4","time":1611678919,"event":{"mods":["AchievementEnabler","BaseMod","Colored Map","DeckTracker","Keyboard Shortcuts","Minty Spire (QoL Compilation)","Permanent Neow","Quick Restart","Rare Cards Sparkle","StSLib","SuperFastMode","everything is the same but u backflip on backflip"],"gold_per_floor":[116,134,154,254,268,268,298,112,188,188,200,227,227,259,259,334,334,349,349,380,462,141,167,167,197,221,221,321,333,367,367,367,441,441,457,470,487,512,229,229,247,247,247,247,247,247,274,291,291,291,291,291,291,68,101,101],"floor_reached":57,"language":"KOR","playtime":2027,"items_purged":[],"score":2933,"play_id":"6c416341-957a-4f0b-843e-20ad4d7d0083","local_time":"20210127013519","is_ascension_mode":true,"campfire_choices":[{"data":"Perfected Strike","floor":6.0,"key":"SMITH"},{"data":"Perfected Strike","floor":10.0,"key":"SMITH"},{"data":"Seeing Red","floor":13.0,"key":"SMITH"},{"data":"Shockwave","floor":15.0,"key":"SMITH"},{"floor":24.0,"key":"REST"},{"floor":27.0,"key":"RECALL"},{"floor":32.0,"key":"DIG"},{"floor":40.0,"key":"DIG"},{"floor":42.0,"key":"DIG"},{"floor":46.0,"key":"DIG"},{"floor":49.0,"key":"DIG"},{"floor":53.0,"key":"DIG"}],"circlet_count":0,"master_deck":["AscendersBane","Strike_R+1","Strike_R+1","Strike_R+1","Strike_R+1","Strike_R+1","Defend_R+1","Defend_R+1","Defend_R+1","Defend_R+1","Bash","Perfected Strike+1","Shockwave+1","Pommel Strike+1","Seeing Red+1","Perfected Strike+1","Perfected Strike","Perfected Strike+1","Headbutt","Evolve","Impervious+1","Shrug It Off","Twin Strike","Perfected Strike","Reaper","Perfected Strike","Flame Barrier+1","Pommel Strike","Reaper","Havoc+1","Armaments+1","Perfected Strike","Twin Strike+1","Inflame","Warcry+1","Battle Trance","Ghostly Armor","Armaments+1"],"relics":["Burning Blood","NeowsBlessing","Prayer Wheel","Akabeko","Shuriken","Bronze Scales","Bag of Preparation","Fusion Hammer","Red Mask","Whetstone","Lee\u0027s Waffle","Omamori","Blood Vial","Boot","Shovel","Bottled Flame","Potion Belt","War Paint","Snecko Eye","Unceasing Top","HornCleat","StoneCalendar","Bag of Marbles","Self Forming Clay","Paper Frog","Red Skull","Thread and Needle","Ginger","Mummified Hand","Pen Nib"],"acts_visited":["Exordium","TheCity","TheBeyond","TheEnding"],"potions_floor_usage":[56,56,56],"damage_taken":[{"damage":0.0,"enemies":"Cultist","floor":1.0,"turns":1.0},{"damage":0.0,"enemies":"Small Slimes","floor":2.0,"turns":1.0},{"damage":0.0,"enemies":"Jaw Worm","floor":3.0,"turns":1.0},{"damage":17.0,"enemies":"Looter","floor":5.0,"turns":3.0},{"damage":37.0,"enemies":"3 Sentries","floor":7.0,"turns":7.0},{"damage":0.0,"enemies":"Blue Slaver","floor":11.0,"turns":1.0},{"damage":0.0,"enemies":"Lagavulin","floor":12.0,"turns":4.0},{"damage":10.0,"enemies":"Gremlin Nob","floor":14.0,"turns":3.0},{"damage":31.0,"enemies":"The Guardian","floor":16.0,"turns":6.0},{"damage":1.0,"enemies":"2 Thieves","floor":18.0,"turns":2.0},{"damage":8.0,"enemies":"Masked Bandits","floor":20.0,"turns":4.0},{"damage":31.0,"enemies":"Gremlin Leader","floor":23.0,"turns":4.0},{"damage":11.0,"enemies":"Slavers","floor":25.0,"turns":4.0},{"damage":10.0,"enemies":"Colosseum Slavers","floor":28.0,"turns":3.0},{"damage":8.0,"enemies":"Colosseum Nobs","floor":28.0,"turns":4.0},{"damage":0.0,"enemies":"Spheric Guardian","floor":29.0,"turns":1.0},{"damage":3.0,"enemies":"Gremlin Leader","floor":30.0,"turns":4.0},{"damage":6.0,"enemies":"Collector","floor":33.0,"turns":4.0},{"damage":0.0,"enemies":"Orb Walker","floor":35.0,"turns":2.0},{"damage":0.0,"enemies":"3 Shapes","floor":36.0,"turns":5.0},{"damage":0.0,"enemies":"Writhing Mass","floor":37.0,"turns":4.0},{"damage":22.0,"enemies":"Mind Bloom Boss Battle","floor":38.0,"turns":2.0},{"damage":0.0,"enemies":"Jaw Worm Horde","floor":41.0,"turns":3.0},{"damage":0.0,"enemies":"Reptomancer","floor":47.0,"turns":1.0},{"damage":6.0,"enemies":"Maw","floor":48.0,"turns":3.0},{"damage":45.0,"enemies":"Awakened One","floor":50.0,"turns":7.0},{"damage":36.0,"enemies":"Time Eater","floor":51.0,"turns":6.0},{"damage":29.0,"enemies":"Shield and Spear","floor":55.0,"turns":4.0},{"damage":78,"enemies":"The Heart","floor":56,"turns":6}],"seed_played":"3268657911065818048","potions_obtained":[{"floor":2.0,"key":"Dexterity Potion"},{"floor":7.0,"key":"BlessingOfTheForge"},{"floor":12.0,"key":"Strength Potion"},{"floor":14.0,"key":"SneckoOil"},{"floor":20.0,"key":"GamblersBrew"},{"floor":23.0,"key":"PowerPotion"},{"floor":28.0,"key":"FairyPotion"},{"floor":30.0,"key":"DuplicationPotion"},{"floor":31.0,"key":"DuplicationPotion"},{"floor":38.0,"key":"FearPotion"},{"floor":47.0,"key":"DistilledChaos"}],"is_trial":false,"path_per_floor":["M","M","M","?","M","R","E","$","T","R","M","E","R","E","R","B",null,"M","?","?","T","$","E","R","E","T","R","?","M","E","?","R","B",null,"M","M","M","?","$","R","M","R","T","T","?","R","E","M","R","B","B",null,"R","$","E","B",null],"character_chosen":"IRONCLAD","items_purchased":["Perfected Strike","Akabeko","Whetstone","Lee\u0027s Waffle","HornCleat","LiquidMemories","ElixirPotion","Fire Potion"],"campfire_rested":1,"item_purchase_floors":[8,8,22,22,39,54,54,54],"current_hp_per_floor":[74,75,75,75,64,64,33,33,33,33,39,45,45,41,41,16,60,65,65,63,63,82,57,81,76,76,76,79,82,82,82,82,82,82,82,82,82,66,66,66,82,82,82,82,82,82,82,82,82,43,15,65,65,65,57,22],"gold":101,"neow_bonus":"THREE_ENEMY_KILL","is_daily":false,"chose_seed":false,"campfire_upgraded":4,"win_rate":0.0,"timestamp":1611678919,"path_taken":["M","?","?","?","?","R","E","$","T","R","M","E","R","E","R","BOSS","M","?","?","?","$","E","R","E","T","R","?","M","E","?","R","BOSS","M","M","?","?","$","R","M","R","T","?","?","R","E","M","R","BOSS","BOSS","R","$","E","BOSS"],"items_purchased_type":["Card","Relic","Relic","Relic","Relic","Potion","Potion","Potion"],"build_version":"2020-12-22","purchased_purges":0,"victory":true,"max_hp_per_floor":[75,75,75,75,75,75,75,75,75,75,75,75,75,75,75,75,75,75,75,75,75,82,82,82,82,82,82,82,82,82,82,82,82,82,82,82,82,82,82,82,82,82,82,82,82,82,82,82,82,82,82,82,82,82,82,82],"card_choices":[{"not_picked":["Whirlwind","Sword Boomerang"],"picked":"Perfected Strike","floor":1.0},{"not_picked":["Ghostly Armor","Evolve"],"picked":"Shockwave","floor":2.0},{"not_picked":["Clash","Flex"],"picked":"Pommel Strike","floor":3.0},{"not_picked":["Iron Wave","Sword Boomerang"],"picked":"Seeing Red","floor":5.0},{"not_picked":["Havoc","Entrench"],"picked":"Perfected Strike","floor":7.0},{"not_picked":["Twin Strike","Dark Embrace"],"picked":"Perfected Strike","floor":11.0},{"not_picked":["Sword Boomerang","Heavy Blade"],"picked":"Headbutt","floor":11.0},{"not_picked":["Uppercut","Clash"],"picked":"Evolve","floor":12.0},{"not_picked":["Dropkick","Pummel","Thunderclap"],"picked":"SKIP","floor":14.0},{"not_picked":["Fiend Fire","Brutality"],"picked":"Impervious","floor":16.0},{"not_picked":["Sword Boomerang","Dual Wield"],"picked":"Shrug It Off","floor":18.0},{"not_picked":["Clothesline","Searing Blow"],"picked":"Twin Strike","floor":18.0},{"not_picked":["Twin Strike","True Grit"],"picked":"Perfected Strike","floor":20.0},{"not_picked":["Searing Blow","Anger","Hemokinesis"],"picked":"SKIP","floor":23.0},{"not_picked":["Thunderclap","Seeing Red"],"picked":"Reaper","floor":25.0},{"not_picked":["Body Slam","Twin Strike"],"picked":"Perfected Strike","floor":28.0},{"not_picked":["Evolve+1","Rampage"],"picked":"Flame Barrier","floor":29.0},{"not_picked":["Havoc","Anger","Hemokinesis"],"picked":"SKIP","floor":29.0},{"not_picked":["Shrug It Off","Uppercut"],"picked":"Pommel Strike","floor":30.0},{"not_picked":["Bludgeon","Berserk"],"picked":"Reaper","floor":33.0},{"not_picked":["Sword Boomerang","Body Slam","Anger+1"],"picked":"SKIP","floor":35.0},{"not_picked":["Hemokinesis","Rage+1","Headbutt"],"picked":"SKIP","floor":35.0},{"not_picked":["Wild Strike","Power Through"],"picked":"Havoc+1","floor":36.0},{"not_picked":["Flame Barrier","Sword Boomerang"],"picked":"Armaments+1","floor":36.0},{"not_picked":["Twin Strike","Immolate"],"picked":"Perfected Strike","floor":37.0},{"not_picked":["Wild Strike","Iron Wave"],"picked":"Twin Strike+1","floor":37.0},{"not_picked":["Dual Wield","True Grit"],"picked":"Inflame","floor":41.0},{"not_picked":["Clash","True Grit+1"],"picked":"Warcry+1","floor":41.0},{"not_picked":["Body Slam","Clothesline+1","Sever Soul"],"picked":"SKIP","floor":47.0},{"not_picked":["Rupture","Inflame"],"picked":"Ghostly Armor","floor":48.0},{"not_picked":["Brutality","Anger+1","Iron Wave+1"],"picked":"SKIP","floor":48.0},{"not_picked":["Heavy Blade","Shockwave"],"picked":"Armaments+1","floor":55.0}],"player_experience":386169,"relics_obtained":[{"floor":7.0,"key":"Prayer Wheel"},{"floor":9.0,"key":"Shuriken"},{"floor":12.0,"key":"Bronze Scales"},{"floor":14.0,"key":"Bag of Preparation"},{"floor":20.0,"key":"Red Mask"},{"floor":23.0,"key":"Omamori"},{"floor":25.0,"key":"Blood Vial"},{"floor":26.0,"key":"Boot"},{"floor":28.0,"key":"Shovel"},{"floor":28.0,"key":"Bottled Flame"},{"floor":30.0,"key":"Potion Belt"},{"floor":32.0,"key":"War Paint"},{"floor":38.0,"key":"Unceasing Top"},{"floor":40.0,"key":"StoneCalendar"},{"floor":42.0,"key":"Bag of Marbles"},{"floor":43.0,"key":"Self Forming Clay"},{"floor":44.0,"key":"Paper Frog"},{"floor":46.0,"key":"Red Skull"},{"floor":47.0,"key":"Thread and Needle"},{"floor":49.0,"key":"Ginger"},{"floor":53.0,"key":"Mummified Hand"},{"floor":55.0,"key":"Pen Nib"}],"event_choices":[{"damage_healed":0.0,"max_hp_gain":0.0,"max_hp_loss":0.0,"gold_gain":100.0,"event_name":"Wheel of Change","player_choice":"Gold","floor":4.0,"gold_loss":0.0,"damage_taken":0.0},{"damage_healed":0.0,"max_hp_gain":0.0,"max_hp_loss":0.0,"gold_gain":0.0,"event_name":"Back to Basics","player_choice":"Simplicity","floor":19.0,"gold_loss":0.0,"damage_taken":0.0,"cards_upgraded":["Strike_R","Strike_R","Strike_R","Strike_R","Strike_R","Defend_R","Defend_R","Defend_R","Defend_R"]},{"damage_healed":0.0,"max_hp_gain":0.0,"max_hp_loss":0.0,"gold_gain":0.0,"event_name":"Masked Bandits","player_choice":"Fought Bandits","floor":20.0,"gold_loss":0.0,"damage_taken":0.0},{"damage_healed":0.0,"max_hp_gain":0.0,"max_hp_loss":0.0,"gold_gain":0.0,"event_name":"Colosseum","player_choice":"Fight","floor":28.0,"gold_loss":0.0,"damage_taken":0.0},{"damage_healed":0.0,"max_hp_gain":0.0,"max_hp_loss":0.0,"gold_gain":0.0,"event_name":"Colosseum","player_choice":"Fought Nobs","floor":28.0,"gold_loss":0.0,"damage_taken":0.0},{"damage_healed":0.0,"max_hp_gain":0.0,"max_hp_loss":0.0,"gold_gain":0.0,"event_name":"Lab","player_choice":"Got Potions","floor":31.0,"gold_loss":0.0,"damage_taken":0.0},{"damage_healed":0.0,"max_hp_gain":0.0,"max_hp_loss":0.0,"gold_gain":0.0,"event_name":"MindBloom","player_choice":"Fight","floor":38.0,"gold_loss":0.0,"damage_taken":0.0},{"damage_healed":0.0,"max_hp_gain":0.0,"max_hp_loss":0.0,"gold_gain":0.0,"event_name":"Match and Keep!","player_choice":"1 cards matched","floor":45.0,"gold_loss":0.0,"damage_taken":0.0,"cards_obtained":["Battle Trance"]}],"is_beta":false,"boss_relics":[{"not_picked":["Tiny House","Runic Dome"],"picked":"Fusion Hammer"},{"not_picked":["Black Star","Pandora\u0027s Box"],"picked":"Snecko Eye"}],"items_purged_floors":[],"is_endless":false,"potions_floor_spawned":[2,7,12,14,20,23,28,28,30,38,47],"ascension_level":20}}