{"host":"jg9ek28oa3mkgc94","time":1611625538,"event":{"mods":["AchievementEnabler","BaseMod","Colored Map","Minty Spire (QoL Compilation)","Quick Restart","Rare Cards Sparkle","Relic Stats"],"gold_per_floor":[112,122,132,132,125,125,125],"floor_reached":6,"language":"ENG","playtime":849,"items_purged":[],"score":38,"play_id":"1a70e2ff-e361-4877-af19-4b9179e59e61","local_time":"20210125174538","is_ascension_mode":false,"campfire_choices":[],"circlet_count":0,"master_deck":["Strike_P","Strike_P","Strike_P","Strike_P","Defend_P","Defend_P","Defend_P","Defend_P","Eruption","Vigilance","Deep Breath","Prostrate","Crescendo","Perseverance","Injury","Wallop"],"relics":["PureWater","Golden Idol"],"acts_visited":["Exordium"],"potions_floor_usage":[],"damage_taken":[{"damage":21,"enemies":"Jaw Worm","floor":1,"turns":8},{"damage":0,"enemies":"2 Louse","floor":2,"turns":2},{"damage":0,"enemies":"Small Slimes","floor":3,"turns":3},{"damage":24,"enemies":"Exordium Thugs","floor":5,"turns":5},{"damage":36,"enemies":"Lagavulin","floor":6,"turns":7}],"seed_played":"-6001715910895212204","potions_obtained":[{"floor":5,"key":"LiquidBronze"}],"is_trial":false,"path_per_floor":["M","M","M","?","M","E"],"character_chosen":"WATCHER","items_purchased":[],"campfire_rested":0,"item_purchase_floors":[],"current_hp_per_floor":[51,51,51,51,27,0,0],"gold":125,"neow_bonus":"RANDOM_COLORLESS","is_daily":false,"chose_seed":false,"campfire_upgraded":0,"win_rate":0.0,"timestamp":1611625538,"path_taken":["M","M","M","?","M","E"],"items_purchased_type":[],"build_version":"2020-12-22","purchased_purges":0,"victory":false,"max_hp_per_floor":[72,72,72,72,72,72,72],"relic_stats":{"counters":[5,25],"Golden Idol":5,"obtain_stats":[{"Golden Idol":4,"PureWater":0},{"Golden Idol":3,"PureWater":0},{"Golden Idol":13,"PureWater":0}]},"card_choices":[{"not_picked":["Mind Blast","Discovery"],"picked":"Deep Breath","floor":0},{"not_picked":["FollowUp","Sanctity"],"picked":"Prostrate","floor":1},{"not_picked":["Halt","BowlingBash"],"picked":"Crescendo","floor":2},{"not_picked":["Consecrate","Crescendo"],"picked":"Perseverance","floor":3},{"not_picked":["EmptyBody","Evaluate"],"picked":"Wallop","floor":5}],"player_experience":177187,"relics_obtained":[],"event_choices":[{"damage_healed":0,"gold_gain":0,"player_choice":"Take Wound","damage_taken":0,"relics_obtained":["Golden Idol"],"max_hp_gain":0,"max_hp_loss":0,"event_name":"Golden Idol","floor":4,"gold_loss":0,"cards_obtained":["Injury"]}],"is_beta":false,"boss_relics":[],"items_purged_floors":[],"is_endless":false,"potions_floor_spawned":[5],"killed_by":"Lagavulin","ascension_level":0}}