{"host":"lqpohq4gcbrqfekp","time":1611625605,"event":{"mods":["AchievementEnabler","BaseMod","BetterRewards","Colored Map","Colored Powertips","Highlight Path","Marisa????????","Minty Spire (QoL Compilation)","Replay The Spire","Shop Mod","StSLib","The Senshi"],"gold_per_floor":[117,42,62,62,77,107,124,151,231,35,49,49,65,100,100,206,206,226,69,93,93,119,129,129],"floor_reached":23,"language":"ENG","playtime":1432,"items_purged":["Strike_B"],"score":385,"play_id":"73f0bb14-d3b0-4882-9a6f-b385a9591a28","local_time":"20210125234645","is_ascension_mode":true,"campfire_choices":[{"floor":12,"key":"REST"},{"data":"BasicCrystalCard","floor":15,"key":"SMITH"}],"circlet_count":0,"master_deck":["Strike_B","Strike_B","Strike_B","Defend_B","Defend_B","Defend_B","Defend_B","Zap","Dualcast","Cold Snap","Conserve Battery","Capacitor","BasicCrystalCard+1","Chaos","Streamline","Crystallizer","Apotheosis+1","Turbo","Echo Form","Static Discharge+1"],"relics":["Cracked Core","Runic Capacitor","Matryoshka","StoneCalendar","Incense Burner","Replay:Bandana","Pantograph","Replay:Bottled Steam","Replay:Bottled Eggs","Painkiller Herb","MerchantsRug"],"acts_visited":["Exordium","TheCity"],"potions_floor_usage":[3,13,14,14],"damage_taken":[{"damage":0,"enemies":"2 Louse","floor":1,"turns":3},{"damage":0,"enemies":"Cultist","floor":3,"turns":4},{"damage":0,"enemies":"Small Slimes","floor":5,"turns":3},{"damage":37,"enemies":"Gremlin Nob","floor":6,"turns":6},{"damage":9,"enemies":"Looter","floor":7,"turns":3},{"damage":11,"enemies":"Lagavulin","floor":8,"turns":6},{"damage":8,"enemies":"Large Slime","floor":11,"turns":5},{"damage":7,"enemies":"2 Fungi Beasts","floor":13,"turns":5},{"damage":4,"enemies":"Gremlin Nob","floor":14,"turns":3},{"damage":19,"enemies":"Fading Forest","floor":16,"turns":11},{"damage":26,"enemies":"Chosen","floor":18,"turns":7},{"damage":10,"enemies":"3 Byrds","floor":20,"turns":6},{"damage":25,"enemies":"Snake Plant","floor":22,"turns":5},{"damage":64,"enemies":"Gremlin Leader","floor":23,"turns":6}],"seed_played":"6800469892435356909","potions_obtained":[{"floor":3,"key":"Fruit Juice"},{"floor":7,"key":"Fire Potion"},{"floor":11,"key":"SkillPotion"},{"floor":13,"key":"Adrenaline Potion"},{"floor":20,"key":"FearPotion"}],"is_trial":false,"path_per_floor":["M","?","M","?","M","E","M","E","T","$","M","R","M","E","R","B",null,"?","T","?","?","?","E"],"character_chosen":"DEFECT","items_purchased":["Cold Snap","Conserve Battery","Capacitor","Runic Capacitor","Matryoshka","Apotheosis","MerchantsRug"],"campfire_rested":1,"item_purchase_floors":[0,0,0,0,0,10,19],"current_hp_per_floor":[59,59,64,90,90,53,44,33,33,33,25,52,45,41,41,47,90,64,64,54,84,59,0,0],"gold":129,"neow_bonus":"","is_daily":false,"chose_seed":false,"campfire_upgraded":1,"win_rate":0.0,"timestamp":1611625605,"path_taken":["M","?","?","?","M","E","?","E","T","$","M","R","M","E","R","BOSS","?","T","?","?","?","E"],"items_purchased_type":["Card","Card","Card","Relic","Relic","Card","Relic"],"build_version":"2020-12-22","purchased_purges":1,"victory":false,"max_hp_per_floor":[75,75,80,90,90,90,90,90,90,90,90,90,90,90,90,90,90,90,90,90,90,90,90,90],"card_choices":[{"not_picked":["FTL","Sweeping Beam"],"picked":"BasicCrystalCard","floor":1},{"not_picked":["Conserve Battery","Stack","Go for the Eyes"],"picked":"SKIP","floor":3},{"not_picked":["Sweeping Beam","Conserve Battery"],"picked":"Chaos","floor":5},{"not_picked":["ReplayTheSpireMod:Reroute Power","FIFO Queue"],"picked":"Streamline","floor":6},{"not_picked":["Turbo","Doom and Gloom","BasicCrystalCard"],"picked":"SKIP","floor":7},{"not_picked":["Self Repair","Heatsinks"],"picked":"Crystallizer","floor":8},{"not_picked":["Rip and Tear","ReplayTheSpireMod:Reroute Power","ReplayTheSpireMod:System Scan"],"picked":"SKIP","floor":11},{"not_picked":["Beam Cell","Chaos"],"picked":"Turbo","floor":13},{"not_picked":["Darkness","ReplayGash","Force Field"],"picked":"SKIP","floor":14},{"not_picked":["Reboot","Hyperbeam"],"picked":"Echo Form","floor":16},{"not_picked":["Sweeping Beam+1","Gash","Go for the Eyes+1"],"picked":"SKIP","floor":18},{"not_picked":["Leap","ReplayTheSpireMod:Calculation Training","Panic Button+1"],"picked":"SKIP","floor":20},{"not_picked":["Compile Driver","Stack"],"picked":"Static Discharge+1","floor":22}],"player_experience":142708,"relics_obtained":[{"floor":6,"key":"Incense Burner"},{"floor":8,"key":"Replay:Bandana"},{"floor":9,"key":"Pantograph"},{"floor":9,"key":"Replay:Bottled Steam"},{"floor":14,"key":"Replay:Bottled Eggs"}],"event_choices":[{"damage_healed":0,"gold_gain":0,"player_choice":"Paid Gold","damage_taken":0,"relics_obtained":["StoneCalendar"],"max_hp_gain":0,"max_hp_loss":0,"event_name":"WeMeetAgain","floor":2,"gold_loss":75},{"cards_removed":["Poisoned Strike"],"damage_healed":16,"gold_gain":0,"player_choice":"Offered Rare","damage_taken":0,"max_hp_gain":10,"max_hp_loss":0,"event_name":"Bonfire Elementals","floor":4,"gold_loss":0},{"damage_healed":30,"gold_gain":0,"player_choice":"Heal","damage_taken":0,"max_hp_gain":0,"max_hp_loss":0,"event_name":"The Library","floor":21,"gold_loss":0}],"is_beta":false,"boss_relics":[{"not_picked":["Calling Bell","SlaversCollar"],"picked":"Painkiller Herb"}],"items_purged_floors":[0],"is_endless":false,"potions_floor_spawned":[3,7,11,13,20],"killed_by":"Gremlin Leader","ascension_level":3}}