{"host":"8fjsnt81u6xsmhji","time":1611654962,"event":{"mods":["BaseMod","Beaked The Cultist","Colored Powertips","Downfall","Glutton Mod","Hermit","Minty Spire (QoL Compilation)","Quick Restart","StSLib","The Bug Knight","The Forsaken","The Hierophant","The Runesmith"],"gold_per_floor":[99,116,128,143,243,243,243,276,22,22,38,51,51,51,65,167,167,67,77,87,107,107,107,107,107,107,107],"floor_reached":25,"language":"ENG","playtime":1659,"items_purged":[],"score":228,"play_id":"444658a8-205d-4d55-a6d7-8fe1e14c0418","local_time":"20210126035602","is_ascension_mode":false,"campfire_choices":[{"floor":1.0,"key":"RECALL"},{"floor":10.0,"key":"REST"},{"floor":13.0,"key":"REST"},{"data":"bronze:Return","floor":18.0,"key":"SMITH"}],"circlet_count":0,"master_deck":["bronze:Strike","bronze:Strike","bronze:Strike","bronze:Strike","bronze:Defend","bronze:Defend","bronze:Defend","bronze:Defend","bronze:Replicate","bronze:Goto","bronze:CutThrough","bronze:Overload","bronze:Return+1","bronze:Boost","bronze:Virus","bronze:OilSpill","bronze:HardenedForm","bronze:BronzeOrb","bronze:ChosenStrike"],"relics":["bronze:BronzeCore","Eternal Feather","downfall:HeartBlessingBlue","downfall:RedIOU","HollowMod:StagPassRelic"],"acts_visited":["Exordium","TheCity"],"potions_floor_usage":[21],"damage_taken":[{"damage":0.0,"enemies":"2 Louse","floor":2.0,"turns":3.0},{"damage":5.0,"enemies":"Jaw Worm","floor":3.0,"turns":4.0},{"damage":0.0,"enemies":"Small Slimes","floor":4.0,"turns":3.0},{"damage":30.0,"enemies":"3 Sentries","floor":8.0,"turns":10.0},{"damage":2.0,"enemies":"downfall:FleeingMerchant","floor":9.0,"turns":4.0},{"damage":18.0,"enemies":"Exordium Thugs","floor":11.0,"turns":3.0},{"damage":8.0,"enemies":"Red Slaver","floor":12.0,"turns":3.0},{"damage":0.0,"enemies":"Large Slime","floor":15.0,"turns":2.0},{"damage":38.0,"enemies":"WA_ARCHETYPE_RETAIN","floor":16.0,"turns":8.0},{"damage":33.0,"enemies":"3 Byrds","floor":19.0,"turns":6.0},{"damage":29.0,"enemies":"Centurion and Healer","floor":20.0,"turns":5.0},{"damage":22,"enemies":"Shelled Parasite and Fungi","floor":21,"turns":6},{"damage":0,"enemies":"Chosen and Byrds","floor":25,"turns":1}],"seed_played":"-4895484921477275661","potions_obtained":[{"floor":3.0,"key":"Ancient Potion"},{"floor":11.0,"key":"Weak Potion"},{"floor":16.0,"key":"DuplicationPotion"},{"floor":21,"key":"Regen Potion"}],"is_trial":false,"path_per_floor":["R","M","M","M","?","?","T","E","$","R","M","M","R","?","M","B",null,"R","M","M","M","?","?","T","M"],"character_chosen":"THE_AUTOMATON","items_purchased":["Eternal Feather"],"campfire_rested":2,"item_purchase_floors":[9],"current_hp_per_floor":[77,77,72,72,72,72,72,42,40,72,54,46,77,82,82,44,82,92,59,30,8,8,8,8,8,8,8],"gold":107,"neow_bonus":"TEN_PERCENT_HP_BONUS","is_daily":false,"chose_seed":false,"campfire_upgraded":1,"win_rate":0.0,"timestamp":1611654962,"path_taken":["R","M","M","M","?","?","T","E","$","R","M","?","R","?","M","BOSS","R","M","M","M","?","?","T","?"],"items_purchased_type":["Relic"],"build_version":"2020-12-22","purchased_purges":0,"victory":false,"max_hp_per_floor":[77,77,77,77,77,77,77,77,77,77,77,77,77,82,82,82,82,92,92,92,92,92,92,92,92,92,92],"card_choices":[{"not_picked":["bronze:Turbo","bronze:BitShift"],"picked":"bronze:CutThrough","floor":2.0},{"not_picked":["bronze:Branch","bronze:DelayedSlice"],"picked":"bronze:Overload","floor":3.0},{"not_picked":["bronze:BitShift","bronze:WildBeam"],"picked":"bronze:Return","floor":4.0},{"not_picked":["bronze:BitShift","bronze:WhirlingStrike"],"picked":"bronze:Boost","floor":8.0},{"not_picked":["bronze:CutThrough","bronze:Shield"],"picked":"bronze:Virus","floor":9.0},{"not_picked":["bronze:BugBarrage","bronze:BronzeArmor","bronze:WildBeam"],"picked":"SKIP","floor":11.0},{"not_picked":["bronze:Boost","bronze:DarkDash","bronze:Shield"],"picked":"SKIP","floor":12.0},{"not_picked":["bronze:Deprecate","bronze:ClassDefault"],"picked":"bronze:OilSpill","floor":15.0},{"not_picked":["bronze:Break","bronze:SpaghettiCode"],"picked":"bronze:HardenedForm","floor":16.0},{"not_picked":["bronze:DarkDash+1","bronze:FineTuning+1"],"picked":"bronze:BronzeOrb","floor":19.0},{"not_picked":["bronze:Boost","bronze:WildBeam+1"],"picked":"bronze:ChosenStrike","floor":20.0},{"not_picked":["bronze:BugBarrage","bronze:ThunderWave","bronze:CutThrough"],"picked":"SKIP","floor":21}],"player_experience":724546,"relics_obtained":[{"floor":8.0,"key":"Matryoshka"},{"floor":24,"key":"HollowMod:StagPassRelic"}],"event_choices":[{"damage_healed":0.0,"max_hp_gain":5.0,"max_hp_loss":0.0,"gold_gain":0.0,"event_name":"Big Fish","player_choice":"Donut","floor":14.0,"gold_loss":0.0,"damage_taken":0.0}],"is_beta":false,"boss_relics":[{"not_picked":["Runic Pyramid","Sozu","Fusion Hammer"]}],"items_purged_floors":[],"is_endless":false,"potions_floor_spawned":[3,11,16,21],"killed_by":"Chosen and Byrds","ascension_level":0}}