{"host":"52jmisti11ysmja4","time":1611705129,"event":{"mods":["Aspiration","BaseMod","Better Third Choice","Minty Spire (QoL Compilation)","Remove Card Discount Mod","StSLib","The Bug Knight","The Marked"],"gold_per_floor":[109,184,184,200,134,134,134,52,130,164,164,183,183,197,197,292,292,303,303,303,315,335,363,363,374,374,374,374],"floor_reached":27,"language":"ENG","playtime":950,"items_purged":["theMarked:Strike","theMarked:Strike","theMarked:Defend","theMarked:Defend","theMarked:Defend","theMarked:Strike","theMarked:Defend"],"score":256,"play_id":"a65b3fe4-47df-4b5c-9870-76f3493e0be5","local_time":"20210126155209","is_ascension_mode":false,"campfire_choices":[{"data":"theMarked:ComboAttacks","floor":7,"key":"SMITH"},{"data":"theMarked:EmpowerWeapon","floor":11,"key":"SMITH"},{"data":"theMarked:RogueSparks","floor":13,"key":"SMITH"},{"floor":15,"key":"REST"},{"data":"theMarked:Toughness","floor":24,"key":"SMITH"}],"circlet_count":0,"master_deck":["theMarked:Strike+1","theMarked:Strike","theMarked:SoldierOfQuellstein","theMarked:EmpowerWeapon+1","theMarked:ComboAttacks+1","theMarked:HeightenedSenses","theMarked:Abjuration","theMarked:EmpowerWeapon+1","theMarked:RogueSparks+1","theMarked:Frustration","theMarked:Toughness+1","theMarked:ResourceFulStrike+1"],"relics":["theMarked:ArtifactOfAir","NeowsBlessing","theMarked:DemonDagger","InkBottle","Mercury Hourglass","aspiration:RitualDagger","aspiration:RitualStick","Nunchaku","White Beast Statue"],"acts_visited":["Exordium","TheCity"],"potions_floor_usage":[16,23,25,25],"damage_taken":[{"damage":0,"enemies":"Cultist","floor":1,"turns":1},{"damage":0,"enemies":"Jaw Worm","floor":4,"turns":1},{"damage":0,"enemies":"Lagavulin","floor":10,"turns":1},{"damage":0,"enemies":"Small Slimes","floor":12,"turns":2},{"damage":7,"enemies":"Blue Slaver","floor":14,"turns":2},{"damage":36,"enemies":"Hexaghost","floor":16,"turns":5},{"damage":37,"enemies":"2 Thieves","floor":18,"turns":4},{"damage":19,"enemies":"Spheric Guardian","floor":21,"turns":3},{"damage":17,"enemies":"Snecko","floor":22,"turns":3},{"damage":24,"enemies":"HollowMod:Nosk","floor":23,"turns":3},{"damage":38,"enemies":"Shelled Parasite and Fungi","floor":25,"turns":3},{"damage":24,"enemies":"Snake Plant","floor":27,"turns":2}],"seed_played":"1338158258182486785","potions_obtained":[{"floor":10,"key":"Strength Potion"},{"floor":21,"key":"Regen Potion"},{"floor":22,"key":"Dexterity Potion"},{"floor":23,"key":"Explosive Potion"}],"is_trial":false,"path_per_floor":["M","?","?","M","$","?","R","$","T","E","R","M","R","M","R","B",null,"M","?","?","M","M","E","R","M","T","M"],"character_chosen":"THE_DEFAULT","items_purchased":["theMarked:HeightenedSenses","theMarked:Abjuration"],"campfire_rested":1,"item_purchase_floors":[5,8],"current_hp_per_floor":[70,59,52,52,52,38,38,38,38,38,38,38,38,31,52,16,70,33,33,19,70,60,50,50,18,18,0,0],"gold":374,"neow_bonus":"THREE_ENEMY_KILL","is_daily":false,"chose_seed":false,"campfire_upgraded":4,"win_rate":0.0,"timestamp":1611705129,"path_taken":["M","?","?","M","$","?","R","?","T","E","R","M","R","M","R","BOSS","M","?","?","M","M","E","R","M","T","M"],"items_purchased_type":["Card","Card"],"build_version":"2020-12-22","purchased_purges":7,"victory":false,"max_hp_per_floor":[70,70,70,70,70,70,70,70,70,70,70,70,70,70,70,70,70,70,70,70,70,70,70,70,70,70,70,70],"card_choices":[{"not_picked":["theMarked:Parkour","theMarked:Overthink"],"picked":"theMarked:EmpowerWeapon","floor":1},{"not_picked":["theMarked:BanishingWave","theMarked:Memento"],"picked":"theMarked:ComboAttacks","floor":4},{"not_picked":["theMarked:TakeCover","theMarked:Convert"],"picked":"theMarked:EmpowerWeapon","floor":10},{"not_picked":["theMarked:Seal","theMarked:EmpowerWeapon"],"picked":"theMarked:RogueSparks","floor":12},{"not_picked":["theMarked:HeightenedSenses","theMarked:ResourceFulStrike"],"picked":"theMarked:Frustration","floor":14},{"not_picked":["theMarked:Defy","theMarked:UnarmedFury"],"picked":"theMarked:Toughness","floor":16},{"not_picked":["theMarked:ChainLightning","theMarked:ElectricStrings+1","theMarked:WardOff"],"picked":"SKIP","floor":18},{"not_picked":["theMarked:Overthink","theMarked:Parkour"],"picked":"theMarked:ResourceFulStrike+1","floor":21},{"not_picked":["theMarked:Seal","theMarked:Frustration","theMarked:RepellingDischarge"],"picked":"SKIP","floor":22},{"not_picked":["theMarked:ShockingTouch+1","theMarked:Parkour","theMarked:WardOff+1"],"picked":"SKIP","floor":23},{"not_picked":["theMarked:KeepCalmAndFight","theMarked:ChainLightning","theMarked:PowerFlow+1"],"picked":"SKIP","floor":25}],"player_experience":587927,"relics_obtained":[{"floor":9,"key":"InkBottle"},{"floor":10,"key":"Mercury Hourglass"},{"floor":23,"key":"Nunchaku"},{"floor":26,"key":"White Beast Statue"}],"event_choices":[{"damage_healed":0,"gold_gain":75,"player_choice":"Gold","damage_taken":11,"max_hp_gain":0,"max_hp_loss":0,"event_name":"betterThird:BetterGoop","floor":2,"gold_loss":0},{"damage_healed":0,"gold_gain":0,"player_choice":"Relic ","damage_taken":7,"max_hp_gain":0,"max_hp_loss":0,"event_name":"betterThird:BetterScrap","floor":3,"gold_loss":0,"cards_obtained":["DevaForm"]},{"damage_healed":52,"gold_gain":0,"player_choice":"Upgrade","damage_taken":14,"max_hp_gain":0,"max_hp_loss":70,"event_name":"betterThird:BetterShining","floor":6,"gold_loss":0,"cards_upgraded":["theMarked:EmpowerWeapon","theMarked:Strike"]},{"damage_healed":0,"gold_gain":0,"player_choice":"Ignored","damage_taken":0,"max_hp_gain":0,"max_hp_loss":0,"event_name":"Ghosts","floor":19,"gold_loss":0}],"is_beta":false,"boss_relics":[{"not_picked":["Tiny House","Cursed Key"],"picked":"aspiration:RitualDagger"}],"items_purged_floors":[5,5,5,5,5,5,5],"is_endless":false,"potions_floor_spawned":[10,21,22,23],"killed_by":"Snake Plant","ascension_level":0}}