{"host":"k7udt7atmcuzf6l0","time":1611629705,"event":{"mods":["AchievementEnabler","BaseMod","Colored Map","Colored Powertips","Highlight Path","Minty Spire (QoL Compilation)","Quick Restart","Rare Cards Sparkle","StSLib","UnlockEverythingMod"],"gold_per_floor":[119,132,112,132,49,59,87,87,116,116,190,190,190,201,201,236,255,255,384,384,404,425,340,353,623,638,658,658,697,697,697,733,749,764,863,881,896,896,1016,1016,1029,1045,1378,1378,637,652,679,679,697,776,787,799,813,813,813],"floor_reached":54,"language":"ZHS","playtime":1629,"items_purged":["Defend_R"],"score":614,"play_id":"5f772a1d-937a-4f42-b8d5-31a655cf3c07","local_time":"20210126105505","is_ascension_mode":false,"campfire_choices":[{"data":"Armaments","floor":8.0,"key":"SMITH"},{"data":"Enlightenment","floor":10.0,"key":"SMITH"},{"data":"Spot Weakness","floor":13.0,"key":"SMITH"},{"data":"Flex","floor":18.0,"key":"SMITH"},{"data":"Limit Break","floor":28,"key":"SMITH"},{"data":"True Grit","floor":30,"key":"SMITH"},{"data":"Inflame","floor":38,"key":"SMITH"}],"circlet_count":0,"master_deck":["Strike_R","Strike_R","Strike_R","Strike_R","Defend_R","Bash","Armaments+1","Enlightenment+1","Rage","Spot Weakness+1","Pummel","True Grit+1","Headbutt","Flex+1","Immolate+1","Entrench+1","Shockwave+1","Twin Strike","Seeing Red","Whirlwind","Thunderclap","Blood for Blood+1","Anger+1","Inflame+1","Shrug It Off+1","Ghostly Armor+1","Warcry","Body Slam+1","Corruption","Combust+1","Sword Boomerang+1","Jack Of All Trades","Feel No Pain","Armaments+1","Brutality","Clash+1","Battle Trance","Disarm+1","Twin Strike+1","Heavy Blade"],"relics":["Burning Blood","NeowsBlessing","Akabeko","Unceasing Top","Ornamental Fan","Meat on the Bone","PreservedInsect","Astrolabe","Orichalcum","Lizard Tail","Tiny Chest","Blue Candle","Sozu","Paper Frog","Boot","HandDrill","Blood Vial","Sundial","InkBottle"],"acts_visited":["Exordium","TheCity","TheBeyond"],"potions_floor_usage":[19,19,26,29,39,39],"damage_taken":[{"damage":0.0,"enemies":"Small Slimes","floor":1.0,"turns":1.0},{"damage":0.0,"enemies":"Cultist","floor":2.0,"turns":1.0},{"damage":0.0,"enemies":"Jaw Worm","floor":4.0,"turns":1.0},{"damage":14.0,"enemies":"Blue Slaver","floor":6.0,"turns":3.0},{"damage":18.0,"enemies":"Gremlin Nob","floor":7.0,"turns":4.0},{"damage":33.0,"enemies":"3 Sentries","floor":9.0,"turns":10.0},{"damage":10.0,"enemies":"Red Slaver","floor":14.0,"turns":4.0},{"damage":22.0,"enemies":"Gremlin Nob","floor":16.0,"turns":4.0},{"damage":5.0,"enemies":"3 Louse","floor":17.0,"turns":3.0},{"damage":57,"enemies":"The Guardian","floor":19,"turns":9},{"damage":9,"enemies":"2 Thieves","floor":21,"turns":2},{"damage":6,"enemies":"Chosen","floor":22,"turns":3},{"damage":21,"enemies":"3 Cultists","floor":24,"turns":7},{"damage":8,"enemies":"Centurion and Healer","floor":26,"turns":5},{"damage":31,"enemies":"Snake Plant","floor":27,"turns":3},{"damage":21,"enemies":"Slavers","floor":29,"turns":3},{"damage":23,"enemies":"Book of Stabbing","floor":32,"turns":3},{"damage":0,"enemies":"Cultist and Chosen","floor":33,"turns":3},{"damage":9,"enemies":"Centurion and Healer","floor":34,"turns":4},{"damage":14,"enemies":"Snake Plant","floor":36,"turns":3},{"damage":19,"enemies":"Shelled Parasite and Fungi","floor":37,"turns":5},{"damage":100,"enemies":"Collector","floor":39,"turns":8},{"damage":7,"enemies":"Orb Walker","floor":41,"turns":4},{"damage":23,"enemies":"3 Darklings","floor":42,"turns":3},{"damage":0,"enemies":"Sphere and 2 Shapes","floor":46,"turns":2},{"damage":18,"enemies":"Reptomancer","floor":47,"turns":5},{"damage":14,"enemies":"Transient","floor":49,"turns":5},{"damage":10,"enemies":"Jaw Worm Horde","floor":51,"turns":3},{"damage":24,"enemies":"4 Shapes","floor":52,"turns":3},{"damage":0,"enemies":"Transient","floor":53,"turns":5}],"seed_played":"969474435311162287","potions_obtained":[{"floor":1.0,"key":"BloodPotion"},{"floor":2.0,"key":"BloodPotion"},{"floor":3.0,"key":"ColorlessPotion"},{"floor":4.0,"key":"CultistPotion"},{"floor":14.0,"key":"BloodPotion"},{"floor":16.0,"key":"SkillPotion"},{"floor":21,"key":"SmokeBomb"},{"floor":24,"key":"Block Potion"},{"floor":27,"key":"Regen Potion"},{"floor":29,"key":"DuplicationPotion"},{"floor":34,"key":"GamblersBrew"},{"floor":36,"key":"FairyPotion"}],"is_trial":false,"path_per_floor":["M","M","?","M","$","M","E","R","E","R","T","T","R","M","?","E","M","R","B",null,"M","M","?","M","?","M","M","R","E","R","T","E","M","M","?","M","M","R","B",null,"M","M","?","?","$","M","E","T","M","T","M","M","M","?"],"character_chosen":"IRONCLAD","items_purchased":["Enlightenment","Paper Frog","Boot","HandDrill","Jack Of All Trades","Feel No Pain"],"campfire_rested":0,"item_purchase_floors":[5,45,45,45,45,45],"current_hp_per_floor":[80,80,80,80,80,72,60,60,65,65,65,65,65,61,41,37,50,50,27,80,77,77,77,62,35,45,32,32,38,38,38,33,51,48,48,52,51,51,44,80,79,62,62,62,62,68,56,56,50,50,48,44,52,52,52],"gold":813,"neow_bonus":"THREE_ENEMY_KILL","is_daily":false,"chose_seed":false,"campfire_upgraded":7,"win_rate":0.0,"timestamp":1611629705,"path_taken":["M","M","?","M","$","M","E","R","E","R","T","T","R","?","?","E","M","R","BOSS","M","M","?","M","?","M","?","R","E","R","T","E","M","M","?","M","M","R","BOSS","M","M","?","?","$","M","E","?","M","T","?","M","M","?"],"items_purchased_type":["Card","Relic","Relic","Relic","Card","Card"],"build_version":"2020-12-22","purchased_purges":1,"victory":false,"max_hp_per_floor":[80,80,80,80,80,80,80,80,80,80,80,80,80,80,80,80,80,80,80,80,80,80,80,80,80,80,80,80,80,80,80,80,80,80,80,80,80,80,80,80,80,80,80,80,80,80,80,80,80,80,80,80,80,80,80],"card_choices":[{"not_picked":["Blood for Blood","Ghostly Armor","Metallicize"],"picked":"SKIP","floor":1.0},{"not_picked":["Iron Wave","Rage"],"picked":"Armaments","floor":4.0},{"not_picked":["Combust","Havoc"],"picked":"Rage","floor":6.0},{"not_picked":["Heavy Blade","Clothesline"],"picked":"Spot Weakness","floor":7.0},{"not_picked":["Feel No Pain","Combust"],"picked":"Pummel","floor":9.0},{"not_picked":["Hemokinesis","Sentinel"],"picked":"True Grit","floor":14.0},{"not_picked":["True Grit","Anger"],"picked":"Headbutt","floor":16.0},{"not_picked":["Sentinel","Sever Soul"],"picked":"Flex","floor":17.0},{"not_picked":["Corruption","Impervious"],"picked":"Limit Break","floor":19},{"not_picked":["Disarm","Body Slam"],"picked":"Twin Strike","floor":21},{"not_picked":["Evolve","Rampage"],"picked":"Seeing Red","floor":22},{"not_picked":["Spot Weakness","Body Slam"],"picked":"Whirlwind","floor":24},{"not_picked":["Flex","Shockwave"],"picked":"Thunderclap","floor":26},{"not_picked":["Heavy Blade","Ghostly Armor"],"picked":"Blood for Blood+1","floor":27},{"not_picked":["Pommel Strike","Blood for Blood"],"picked":"Anger+1","floor":29},{"not_picked":["Heavy Blade","Dual Wield"],"picked":"Inflame","floor":32},{"not_picked":["Clothesline","Havoc"],"picked":"Shrug It Off+1","floor":33},{"not_picked":["Flex","Combust"],"picked":"Ghostly Armor+1","floor":34},{"not_picked":["Reckless Charge","Anger+1"],"picked":"Warcry","floor":36},{"not_picked":["Pommel Strike","Demon Form"],"picked":"Body Slam+1","floor":37},{"not_picked":["Berserk","Impervious"],"picked":"Corruption","floor":39},{"not_picked":["Twin Strike+1","Shrug It Off+1"],"picked":"Combust+1","floor":41},{"not_picked":["Armaments+1","Battle Trance"],"picked":"Sword Boomerang+1","floor":42},{"not_picked":["Iron Wave+1","Twin Strike+1"],"picked":"Armaments+1","floor":46},{"not_picked":["Dropkick","Headbutt"],"picked":"Brutality","floor":47},{"not_picked":["Anger+1","Fiend Fire"],"picked":"Clash+1","floor":49},{"not_picked":["Feel No Pain+1","Iron Wave+1"],"picked":"Battle Trance","floor":51},{"not_picked":["True Grit","Pommel Strike"],"picked":"Disarm+1","floor":52},{"not_picked":["Headbutt","Bludgeon"],"picked":"Twin Strike+1","floor":53}],"player_experience":1354,"relics_obtained":[{"floor":7.0,"key":"Akabeko"},{"floor":9.0,"key":"Unceasing Top"},{"floor":11.0,"key":"Ornamental Fan"},{"floor":12.0,"key":"Meat on the Bone"},{"floor":16.0,"key":"PreservedInsect"},{"floor":29,"key":"Lizard Tail"},{"floor":31,"key":"Tiny Chest"},{"floor":32,"key":"Blue Candle"},{"floor":47,"key":"Blood Vial"},{"floor":48,"key":"Sundial"},{"floor":50,"key":"InkBottle"}],"event_choices":[{"damage_healed":0.0,"max_hp_gain":0.0,"max_hp_loss":0.0,"gold_gain":0.0,"event_name":"The Woman in Blue","player_choice":"Bought 1 Potion","floor":3.0,"gold_loss":0.0,"damage_taken":0.0},{"damage_healed":0.0,"max_hp_gain":0.0,"max_hp_loss":0.0,"gold_gain":0.0,"event_name":"Golden Idol","player_choice":"Take Damage","floor":15.0,"gold_loss":0.0,"damage_taken":20.0,"relics_obtained":["Golden Idol"]},{"damage_healed":0,"gold_gain":0,"player_choice":"Obtained Relic","damage_taken":0,"relics_obtained":["Orichalcum"],"max_hp_gain":0,"max_hp_loss":0,"event_name":"Addict","floor":23,"gold_loss":85},{"damage_healed":0,"gold_gain":270,"player_choice":"GOLD GOLD GOLD ","damage_taken":27,"max_hp_gain":0,"max_hp_loss":0,"event_name":"Knowing Skull","floor":25,"potions_obtained":[],"gold_loss":0,"cards_obtained":[]},{"damage_healed":0,"gold_gain":99,"player_choice":"Stole From Cult","damage_taken":0,"max_hp_gain":0,"max_hp_loss":0,"event_name":"Nest","floor":35,"gold_loss":0},{"damage_healed":0,"gold_gain":333,"player_choice":"Gave Idol","damage_taken":0,"max_hp_gain":0,"max_hp_loss":0,"event_name":"The Moai Head","floor":43,"relics_lost":["Golden Idol"],"gold_loss":0},{"damage_healed":0,"gold_gain":0,"player_choice":"Ignored","damage_taken":0,"max_hp_gain":0,"max_hp_loss":0,"event_name":"Tomb of Lord Red Mask","floor":44,"gold_loss":0},{"damage_healed":0,"gold_gain":0,"cards_transformed":["Limit Break"],"player_choice":"Transformed","damage_taken":0,"max_hp_gain":0,"max_hp_loss":0,"event_name":"Transmorgrifier","floor":54,"gold_loss":0,"cards_obtained":["Heavy Blade"]}],"is_beta":false,"boss_relics":[{"not_picked":["Ectoplasm","Cursed Key"],"picked":"Astrolabe"},{"not_picked":["Fusion Hammer","Busted Crown"],"picked":"Sozu"}],"items_purged_floors":[45],"is_endless":false,"potions_floor_spawned":[1,2,4,14,16,21,24,27,29,34,36,41,42,46,49],"ascension_level":0}}