{"host":"lte3xujvwediduij","time":1611682748,"event":{"mods":["Aspiration","BaseMod","Better-Laid Plans","BetterRewards","Challenge The Spire","Colored Map","Colored Powertips","Energized Spire","Minty Spire (QoL Compilation)","Permanent Neow","Replay The Spire","Spicy Shops","StSLib","The Runesmith","¡¾ÒÅÎï¿¨ÅÆ¡¿REMEMod","óô»ðÖ¸ÄÏ"],"gold_per_floor":[114,114,114,139,162,198,220,241,310,328,328,328],"floor_reached":11,"language":"ZHS","playtime":960,"items_purged":[],"score":77,"play_id":"1db79e4c-641d-4ed5-8846-783bbcb37c27","local_time":"20210127013908","is_ascension_mode":false,"campfire_choices":[],"circlet_count":0,"master_deck":["Runesmith:Strike_RS","Runesmith:Strike_RS","Runesmith:Strike_RS","Runesmith:Defend_RS","Runesmith:Defend_RS","Runesmith:Defend_RS","Runesmith:Defend_RS","Runesmith:CraftFirestone","Runesmith:Fortify","Runesmith:CraftMagma","REME_HeartOfCthun","Runesmith:PoweredAnvil","Runesmith:PoweredAnvil","Runesmith:HeatedChisel","Regret","Runesmith:HeatExchange","Runesmith:Supernova","Runesmith:UnlimitedPower","Runesmith:Discharge","Runesmith:Firewall","Runesmith:Firestorm","Runesmith:CraftProtectio"],"relics":["Runesmith:BrokenRuby","REME_ComplimentaryCards","Blue Doll","Replay:Bandana","Toy Ornithopter","Runesmith:AutoHammer","MealTicket"],"acts_visited":["Exordium"],"potions_floor_usage":[8,10],"damage_taken":[{"damage":4.0,"enemies":"Jaw Worm","floor":1.0,"turns":2.0},{"damage":5.0,"enemies":"Small Slimes","floor":4.0,"turns":3.0},{"damage":0.0,"enemies":"Cultist","floor":5.0,"turns":2.0},{"damage":24.0,"enemies":"Gremlin Nob","floor":6.0,"turns":5.0},{"damage":0.0,"enemies":"3 Louse","floor":7.0,"turns":1.0},{"damage":3,"enemies":"Looter","floor":8,"turns":4},{"damage":14,"enemies":"Large Slime","floor":10,"turns":4},{"damage":4,"enemies":"Lagavulin","floor":11,"turns":2}],"seed_played":"8577074528575517779","potions_obtained":[{"floor":1.0,"key":"BlessingOfTheForge"},{"floor":5.0,"key":"Adrenaline Potion"},{"floor":6.0,"key":"BlessingOfTheForge"},{"floor":10,"key":"Swift Potion"}],"is_trial":false,"path_per_floor":["M","?","?","M","M","E","M","M","T","M","E"],"character_chosen":"RUNESMITH_CLASS","items_purchased":["Runesmith:CraftMagma","Blue Doll","Replay:Bandana","REME_HeartOfCthun","Toy Ornithopter","Runesmith:PoweredAnvil"],"campfire_rested":0,"item_purchase_floors":[0,0,0,0,0,0],"current_hp_per_floor":[34,34,34,29,29,10,10,12,12,3,0,0],"gold":328,"neow_bonus":"","is_daily":false,"chose_seed":false,"campfire_upgraded":0,"win_rate":0.0,"timestamp":1611682748,"path_taken":["M","?","?","M","M","E","M","M","T","M","E"],"items_purchased_type":["Card","Relic","Relic","Card","Relic","Card"],"build_version":"2020-12-22","purchased_purges":0,"victory":false,"max_hp_per_floor":[70,70,70,70,70,70,70,70,70,70,70,70],"card_choices":[{"not_picked":["Runesmith:NanitesCloud","Runesmith:EnergizedChisel"],"picked":"Runesmith:HeatedChisel","floor":1.0},{"not_picked":["Runesmith:CraftMagma","Runesmith:Firewall"],"picked":"Runesmith:HeatExchange","floor":4.0},{"not_picked":["Runesmith:StaticCage","Runesmith:EnergizedChisel"],"picked":"Runesmith:UnlimitedPower","floor":5.0},{"not_picked":["Runesmith:CraftVitae","Runesmith:OneForEveryone"],"picked":"Runesmith:Discharge","floor":6.0},{"not_picked":["Runesmith:Overpower","Runesmith:HammerThrow"],"picked":"Runesmith:Firewall","floor":7.0},{"not_picked":["Runesmith:NanitesCloud","Runesmith:Retool"],"picked":"Runesmith:Firestorm","floor":8},{"not_picked":["Runesmith:ShiftingStrike","Runesmith:Electrocute"],"picked":"Runesmith:CraftProtectio","floor":10}],"player_experience":82253,"relics_obtained":[{"floor":6.0,"key":"MealTicket"}],"event_choices":[{"damage_healed":0.0,"max_hp_gain":0.0,"max_hp_loss":0.0,"gold_gain":0.0,"event_name":"Big Fish","player_choice":"Box","floor":2.0,"gold_loss":0.0,"damage_taken":0.0,"relics_obtained":["Runesmith:AutoHammer"],"cards_obtained":["Regret"]}],"is_beta":false,"boss_relics":[],"items_purged_floors":[],"is_endless":false,"potions_floor_spawned":[1,5,6,10],"killed_by":"Lagavulin","ascension_level":0}}