{"host":"deirlxtsw53uoa9y","time":1611676657,"event":{"mods":["AchievementEnabler","BaseMod","DeckTracker","Lobotomy","Minty Spire (QoL Compilation)","Permanent Neow","Rare Cards Sparkle","StSLib","everything is the same but u backflip on backflip"],"gold_per_floor":[115,215,50,12,12,38,38,38,38],"floor_reached":8,"language":"KOR","playtime":209,"items_purged":[],"score":54,"play_id":"5912dcd3-f67e-4f85-bcc4-84c3ff84eaca","local_time":"20210127005737","is_ascension_mode":false,"campfire_choices":[],"circlet_count":0,"master_deck":["Strike_G","Strike_G","Strike_G","Strike_G","Strike_G","Defend_G","Defend_G","Defend_G","Defend_G","Defend_G","Survivor","Neutralize","BigBird","Flechettes","Sadistic Nature","Accuracy","VoidDream","Storm of Steel","Wellcheers","Finisher"],"relics":["Ring of the Snake","CogitoBucket","Kunai"],"acts_visited":["Exordium"],"potions_floor_usage":[6,8],"damage_taken":[{"damage":0,"enemies":"Small Slimes","floor":1,"turns":3},{"damage":36,"enemies":"Lagavulin","floor":6,"turns":6},{"damage":0,"enemies":"Cultist","floor":7,"turns":3},{"damage":37,"enemies":"3 Sentries","floor":8,"turns":6}],"seed_played":"3935769521060775258","potions_obtained":[{"floor":1,"key":"CultistPotion"},{"floor":7,"key":"Poison Potion"}],"is_trial":false,"path_per_floor":["M","?","$","$","?","E","M","E"],"character_chosen":"THE_SILENT","items_purchased":["Sadistic Nature","Accuracy"],"campfire_rested":0,"item_purchase_floors":[3,4],"current_hp_per_floor":[70,70,70,70,70,34,34,0,0],"gold":38,"neow_bonus":"","is_daily":false,"chose_seed":false,"campfire_upgraded":0,"win_rate":0.0,"timestamp":1611676657,"path_taken":["M","?","?","$","?","E","M","E"],"items_purchased_type":["Card","Card"],"build_version":"2020-12-22","purchased_purges":0,"victory":false,"max_hp_per_floor":[70,70,70,70,70,70,70,70,70],"card_choices":[{"not_picked":["SpiderBud","CherryBlossoms","UniverseFragment"],"picked":"Singing Bowl","floor":1},{"not_picked":["Freischutz","BeautyBeast"],"picked":"BigBird","floor":1},{"not_picked":["Dodge and Roll","Deflect"],"picked":"Flechettes","floor":1},{"not_picked":["Freischutz","UniverseFragment"],"picked":"VoidDream","floor":6},{"not_picked":["Terror","Dagger Throw"],"picked":"Storm of Steel","floor":6},{"not_picked":["Murderer","FairyFestival","SpiderBud"],"picked":"Singing Bowl","floor":7},{"not_picked":["QueenBee","CherryBlossoms"],"picked":"Wellcheers","floor":7},{"not_picked":["Flying Knee","Sucker Punch"],"picked":"Finisher","floor":7}],"player_experience":62976,"relics_obtained":[{"floor":6,"key":"Kunai"}],"event_choices":[{"damage_healed":0,"gold_gain":100,"player_choice":"Pray","damage_taken":0,"max_hp_gain":0,"max_hp_loss":0,"event_name":"Golden Shrine","floor":2,"gold_loss":0},{"damage_healed":0,"gold_gain":0,"player_choice":"Ignored","damage_taken":0,"max_hp_gain":0,"max_hp_loss":0,"event_name":"Liars Game","floor":5,"gold_loss":0}],"is_beta":false,"boss_relics":[],"items_purged_floors":[],"is_endless":false,"potions_floor_spawned":[1,7],"killed_by":"3 Sentries","ascension_level":0}}