{"host":"usru02jcpe2a942d","time":1611649011,"event":{"mods":["Act Like it!","BaseMod","Colored Powertips","GifTheSpireLib","Highlight Path","Hubris","Minty Spire (QoL Compilation)","MostiFishMod","Quick Restart","Relic Filter Mod","Relic Stats","RumiaBox-露米娅的神秘盒子","StSLib","The Poker Player","noobMod","【遗物卡牌】REMEMod","篝火指南"],"gold_per_floor":[118,128,228,247,247,273,283,283,283,300,300,320,89,148,148,249,249,262,262,262,262,262,275,275,275,275,293,313,313,328,30,30,126,126,141,141,141,141,153,153,173,184,184,184,184,184],"floor_reached":44,"language":"ZHS","playtime":2317,"items_purged":["PokerPlayerMod:Diamond1"],"score":608,"play_id":"16dba754-2660-4ff1-9a35-824c6bb03827","local_time":"20210126161651","is_ascension_mode":false,"metric_token":1110,"campfire_choices":[{"data":"PokerPlayerMod:WasteCollection","floor":11.0,"key":"SMITH"},{"data":"PokerPlayerMod:Mulligan","floor":15.0,"key":"SMITH"},{"data":"PokerPlayerMod:TheDieIsCast","floor":24.0,"key":"SMITH"},{"data":"PokerPlayerMod:ChangeRules","floor":29.0,"key":"SMITH"},{"data":"PokerPlayerMod:HotShotCut","floor":32.0,"key":"SMITH"},{"data":"MostiFishMod:DustFall","floor":40.0,"key":"SMITH"}],"circlet_count":0,"master_deck":["PokerPlayerMod:Diamond4","PokerPlayerMod:Diamond5","PokerPlayerMod:Spade1","PokerPlayerMod:Spade2","PokerPlayerMod:Spade3","PokerPlayerMod:Spade4","PokerPlayerMod:Club1","PokerPlayerMod:Club2","PokerPlayerMod:TrumpStrike","PokerPlayerMod:BadJoker","PokerPlayerMod:Mulligan+1","MostiFishMod:DustFall+1","PokerPlayerMod:Trickery","PokerPlayerMod:CardPrinter","PokerPlayerMod:Fold","PokerPlayerMod:WasteCollection+1","PokerPlayerMod:Spade6","PokerPlayerMod:ChangeRules+1","PokerPlayerMod:Club3","PokerPlayerMod:Fold","PokerPlayerMod:RiskyBet","PokerPlayerMod:TheDieIsCast+1","PokerPlayerMod:Spade5","Necronomicurse","PokerPlayerMod:RoyalStrike","PokerPlayerMod:Club10+","PokerPlayerMod:HotShotCut+1","PokerPlayerMod:ThinkingTime","PokerPlayerMod:Spade5","PokerPlayerMod:Configure+1","PokerPlayerMod:Extraction+1","PokerPlayerMod:ChangeRules","PokerPlayerMod:FillThePot","PokerPlayerMod:FillThePot","PokerPlayerMod:Diamond4","PokerPlayerMod:Club5","Parasite","PokerPlayerMod:Heart1"],"relics":["PokerPlayerMod:DeckCase","DaveBox","ice","REME_ComplimentaryCards","BirthdayGift-Tetrahedron","SynthV:TestCard","Eternal Feather","hubris:CrystalStatue","Odd Mushroom","Lee\u0027s Waffle","PokerPlayerMod:CoolBox","GreenFoldingFan","hubris:Towel","Necronomicon","hubris:TenFootPole","SynthV","REME_PuzzleBoxRelic","HaiYi:Twilight","hubris:Icosahedron","GodSword6","Potion Belt"],"acts_visited":["Exordium","TheCity","TheBeyond"],"potions_floor_usage":[],"damage_taken":[{"damage":2.0,"enemies":"2 Louse","floor":1.0,"turns":2.0},{"damage":2.0,"enemies":"Cultist","floor":2.0,"turns":2.0},{"damage":12.0,"enemies":"Jaw Worm","floor":4.0,"turns":2.0},{"damage":6.0,"enemies":"3 Sentries","floor":6.0,"turns":4.0},{"damage":4.0,"enemies":"3 Louse","floor":7.0,"turns":2.0},{"damage":3.0,"enemies":"Gremlin Gang","floor":10.0,"turns":2.0},{"damage":20.0,"enemies":"The Mushroom Lair","floor":12.0,"turns":3.0},{"damage":4.0,"enemies":"Lagavulin Event","floor":14.0,"turns":3.0},{"damage":5.0,"enemies":"Slime Boss","floor":16.0,"turns":3.0},{"damage":11.0,"enemies":"Shell Parasite","floor":18.0,"turns":3.0},{"damage":6.0,"enemies":"3 Byrds","floor":23.0,"turns":2.0},{"damage":10.0,"enemies":"Sentry and Sphere","floor":27.0,"turns":3.0},{"damage":10.0,"enemies":"Snecko","floor":28.0,"turns":3.0},{"damage":7.0,"enemies":"Chosen and Byrds","floor":30.0,"turns":2.0},{"damage":10.0,"enemies":"Collector","floor":33.0,"turns":3.0},{"damage":2.0,"enemies":"Orb Walker","floor":35.0,"turns":1.0},{"damage":6.0,"enemies":"3 Darklings","floor":39.0,"turns":2.0},{"damage":6.0,"enemies":"4 Shapes","floor":41.0,"turns":2.0},{"damage":6.0,"enemies":"Writhing Mass","floor":42.0,"turns":2.0},{"damage":2,"enemies":"Sphere and 2 Shapes","floor":44,"turns":1}],"seed_played":"-2270972395049432388","potions_obtained":[{"floor":4.0,"key":"LiquidMemories"},{"floor":6.0,"key":"SpeedPotion"},{"floor":12.0,"key":"GamblersBrew"},{"floor":41.0,"key":"PowerPotion"}],"is_trial":false,"path_per_floor":["M","M","?","M","$","E","M","?","T","M","R","?","$","?","R","B",null,"M","?","?","?","?","M","R","?","T","M","M","R","M","$","R","B",null,"M","?","?","T","M","R","M","M","T","M"],"character_chosen":"THE_POKER_PLAYER","items_purchased":["Lee\u0027s Waffle","SynthV","REME_PuzzleBoxRelic"],"campfire_rested":0,"item_purchase_floors":[13,31,31],"current_hp_per_floor":[57,55,55,45,45,39,35,35,35,32,44,24,64,60,64,59,64,63,63,63,47,47,51,64,64,64,64,64,64,64,64,64,64,64,64,64,64,64,64,64,64,64,64,62,62,62],"gold":184,"neow_bonus":"TEN_PERCENT_HP_BONUS","is_daily":false,"chose_seed":false,"campfire_upgraded":6,"win_rate":0.0,"timestamp":1611649011,"path_taken":["M","M","?","?","?","E","M","?","T","?","R","?","$","?","R","BOSS","M","?","?","?","?","M","R","?","T","M","M","R","M","$","R","BOSS","M","?","?","?","M","R","?","M","T","M"],"items_purchased_type":["Relic","Relic","Relic"],"build_version":"2020-12-22","purchased_purges":1,"victory":false,"max_hp_per_floor":[57,57,57,57,57,57,57,57,57,57,57,57,64,64,64,64,64,64,64,64,64,64,64,64,64,64,64,64,64,64,64,64,64,64,64,64,64,64,64,64,64,64,64,64,64,64],"relic_stats":{"Lee\u0027s Waffle":40,"counters":[20,47],"Eternal Feather":29,"Necronomicon":[7],"obtain_stats":[{"Potion Belt":43,"Lee\u0027s Waffle":13,"hubris:CrystalStatue":9,"DaveBox":0,"SynthV":31,"Eternal Feather":6,"ice":0,"Odd Mushroom":12,"hubris:Towel":20,"GreenFoldingFan":17,"PokerPlayerMod:DeckCase":0,"SynthV:TestCard":1,"hubris:Icosahedron":36,"HaiYi:Twilight":34,"Necronomicon":21,"hubris:TenFootPole":26,"GodSword6":38,"REME_PuzzleBoxRelic":31,"BirthdayGift-Tetrahedron":0,"REME_ComplimentaryCards":0,"PokerPlayerMod:CoolBox":14},{"Potion Belt":19,"Lee\u0027s Waffle":7,"hubris:CrystalStatue":5,"DaveBox":0,"SynthV":14,"Eternal Feather":4,"ice":0,"Odd Mushroom":7,"hubris:Towel":10,"GreenFoldingFan":9,"PokerPlayerMod:DeckCase":0,"SynthV:TestCard":1,"hubris:Icosahedron":16,"HaiYi:Twilight":15,"Necronomicon":10,"hubris:TenFootPole":11,"GodSword6":16,"REME_PuzzleBoxRelic":14,"BirthdayGift-Tetrahedron":0,"REME_ComplimentaryCards":0,"PokerPlayerMod:CoolBox":8},{"Potion Belt":46,"Lee\u0027s Waffle":17,"hubris:CrystalStatue":12,"DaveBox":0,"SynthV":36,"Eternal Feather":10,"ice":0,"Odd Mushroom":17,"hubris:Towel":26,"GreenFoldingFan":23,"PokerPlayerMod:DeckCase":0,"SynthV:TestCard":2,"hubris:Icosahedron":40,"HaiYi:Twilight":39,"Necronomicon":26,"hubris:TenFootPole":28,"GodSword6":40,"REME_PuzzleBoxRelic":36,"BirthdayGift-Tetrahedron":0,"REME_ComplimentaryCards":0,"PokerPlayerMod:CoolBox":20}]},"card_choices":[{"not_picked":["PokerPlayerMod:HeartStrike","PokerPlayerMod:Diamond1"],"picked":"PokerPlayerMod:Trickery","floor":1.0},{"not_picked":["PokerPlayerMod:Spade4","PokerPlayerMod:MagicTrick","PokerPlayerMod:Trickery","PokerPlayerMod:Diamond2"],"picked":"PokerPlayerMod:CardPrinter","floor":2.0},{"not_picked":["PokerPlayerMod:Diamond1","PokerPlayerMod:Diamond6","PokerPlayerMod:Spade1","PokerPlayerMod:Heart3"],"picked":"PokerPlayerMod:Fold","floor":4.0},{"not_picked":["PokerPlayerMod:Spade8","PokerPlayerMod:Heart8","PokerPlayerMod:SpadeStrike","PokerPlayerMod:ClubsClub"],"picked":"PokerPlayerMod:WasteCollection","floor":6.0},{"not_picked":["PokerPlayerMod:Club2","PokerPlayerMod:Spade1","PokerPlayerMod:Diamond3","PokerPlayerMod:Diamond4"],"picked":"PokerPlayerMod:Spade6","floor":7.0},{"not_picked":["PokerPlayerMod:Diamond4","PokerPlayerMod:Spade3","PokerPlayerMod:SpadeStrike","PokerPlayerMod:Spade2"],"picked":"PokerPlayerMod:Club3","floor":10.0},{"not_picked":["PokerPlayerMod:Diamond1","PokerPlayerMod:Diamond2","PokerPlayerMod:Diamond4","PokerPlayerMod:MagicTrick"],"picked":"PokerPlayerMod:Fold","floor":12.0},{"not_picked":["PokerPlayerMod:Spade5","PokerPlayerMod:Club5","PokerPlayerMod:DartThrow","PokerPlayerMod:Diamond1"],"picked":"PokerPlayerMod:RiskyBet","floor":14.0},{"not_picked":["PokerPlayerMod:Club8","PokerPlayerMod:Spade9","PokerPlayerMod:Duplicate","PokerPlayerMod:VarietyAttack"],"picked":"PokerPlayerMod:TheDieIsCast","floor":16.0},{"not_picked":["PokerPlayerMod:Spade1","PokerPlayerMod:Spade4","PokerPlayerMod:Spade3","PokerPlayerMod:Spade2"],"picked":"PokerPlayerMod:Spade5","floor":18.0},{"not_picked":["PokerPlayerMod:Spade2","PokerPlayerMod:Heart4","PokerPlayerMod:Diamond4","PokerPlayerMod:FillThePot"],"picked":"PokerPlayerMod:HotShotCut","floor":23.0},{"not_picked":["PokerPlayerMod:Club3","PokerPlayerMod:Diamond4","PokerPlayerMod:GamblerForm","PokerPlayerMod:Manipulation"],"picked":"PokerPlayerMod:Spade5","floor":27.0},{"not_picked":["PokerPlayerMod:Diamond4","PokerPlayerMod:Club3","PokerPlayerMod:SpadeStrike","PokerPlayerMod:Sharpen"],"picked":"PokerPlayerMod:Configure+1","floor":28.0},{"not_picked":["PokerPlayerMod:Diamond4","PokerPlayerMod:ClubDance+1","PokerPlayerMod:Configure","PokerPlayerMod:VarietyAttack"],"picked":"PokerPlayerMod:Extraction+1","floor":30.0},{"not_picked":["PokerPlayerMod:GamblerForm","PokerPlayerMod:WildCard","PokerPlayerMod:Duplicate","PokerPlayerMod:Diamond9"],"picked":"PokerPlayerMod:ChangeRules","floor":33.0},{"not_picked":["PokerPlayerMod:Diamond3","PokerPlayerMod:Diamond2","PokerPlayerMod:Spade1","PokerPlayerMod:Sharpen+1"],"picked":"PokerPlayerMod:FillThePot","floor":35.0},{"not_picked":["PokerPlayerMod:Spade2","PokerPlayerMod:Fold","PokerPlayerMod:Diamond2","PokerPlayerMod:RoyalStrike"],"picked":"PokerPlayerMod:Diamond4","floor":39.0},{"not_picked":["PokerPlayerMod:DartThrow+1","PokerPlayerMod:Spade2","PokerPlayerMod:Diamond2","PokerPlayerMod:MagicTrick"],"picked":"PokerPlayerMod:Club5","floor":41.0},{"not_picked":["PokerPlayerMod:Spade1","PokerPlayerMod:ClubsClub+1","PokerPlayerMod:Club4","PokerPlayerMod:Diamond2"],"picked":"PokerPlayerMod:Heart1","floor":42.0}],"player_experience":225487,"relics_obtained":[{"floor":1.0,"key":"SynthV:TestCard"},{"floor":6.0,"key":"Eternal Feather"},{"floor":9.0,"key":"hubris:CrystalStatue"},{"floor":12.0,"key":"Odd Mushroom"},{"floor":14.0,"key":"PokerPlayerMod:CoolBox"},{"floor":21.0,"key":"Necronomicon"},{"floor":26.0,"key":"hubris:TenFootPole"},{"floor":38.0,"key":"GodSword6"},{"floor":43.0,"key":"Potion Belt"}],"event_choices":[{"damage_healed":0.0,"max_hp_gain":0.0,"max_hp_loss":0.0,"gold_gain":100.0,"event_name":"Wheel of Change","player_choice":"Gold","floor":3.0,"gold_loss":0.0,"damage_taken":0.0},{"damage_healed":0.0,"max_hp_gain":0.0,"max_hp_loss":0.0,"gold_gain":0.0,"cards_transformed":["PokerPlayerMod:Heart2"],"event_name":"Transmorgrifier","player_choice":"Transformed","floor":8.0,"gold_loss":0.0,"damage_taken":0.0,"cards_obtained":["PokerPlayerMod:ChangeRules"]},{"damage_healed":0.0,"max_hp_gain":0.0,"max_hp_loss":0.0,"gold_gain":0.0,"event_name":"Mushrooms","player_choice":"Fought Mushrooms","floor":12.0,"gold_loss":0.0,"damage_taken":0.0},{"damage_healed":0.0,"max_hp_gain":0.0,"max_hp_loss":0.0,"gold_gain":0.0,"event_name":"Dead Adventurer","player_choice":"Searched \u00271\u0027 times","floor":14.0,"gold_loss":0.0,"damage_taken":0.0},{"damage_healed":0.0,"max_hp_gain":0.0,"max_hp_loss":0.0,"gold_gain":0.0,"event_name":"Ghosts","player_choice":"Ignored","floor":19.0,"gold_loss":0.0,"damage_taken":0.0},{"damage_healed":0.0,"max_hp_gain":0.0,"max_hp_loss":0.0,"gold_gain":0.0,"event_name":"Cursed Tome","player_choice":"Obtained Book","floor":21.0,"gold_loss":0.0,"damage_taken":16.0},{"damage_healed":0.0,"max_hp_gain":0.0,"max_hp_loss":0.0,"gold_gain":0.0,"cards_transformed":["PokerPlayerMod:Diamond2","PokerPlayerMod:Diamond3"],"event_name":"Drug Dealer","player_choice":"Became Test Subject","floor":22.0,"gold_loss":0.0,"damage_taken":0.0,"cards_obtained":["PokerPlayerMod:RoyalStrike","PokerPlayerMod:Club10"]},{"damage_healed":0.0,"max_hp_gain":0.0,"max_hp_loss":0.0,"gold_gain":0.0,"event_name":"PokerPlayerMod:Vampires","player_choice":"Think Hard","floor":25.0,"gold_loss":0.0,"damage_taken":0.0,"cards_obtained":["PokerPlayerMod:ThinkingTime"]}],"is_beta":false,"boss_relics":[{"not_picked":["PokerPlayerMod:AceCard","SlaversCollar"],"picked":"GreenFoldingFan"},{"not_picked":["Tiny House","ChiXiaoBlade"],"picked":"HaiYi:Twilight"}],"items_purged_floors":[13],"is_endless":false,"potions_floor_spawned":[4,6,12,16,27,33,39,41,42],"killed_by":"Sphere and 2 Shapes","ascension_level":0}}