{"host":"jumrmhf584hajrnz","time":1611659255,"event":{"mods":["BaseMod","Duelist Mod","GifTheSpireLib","Minty Spire (QoL Compilation)","Quick Restart","Replay The Spire","StSLib"],"gold_per_floor":[137,62,62,62,62,91,108,237,285,285,296,330,87,87,87,166,166,185,160,176,194,210,210,210],"floor_reached":23,"language":"ENG","playtime":1543,"items_purged":["Normality"],"score":472,"play_id":"1318184b-3e82-4116-ab72-b129970d22dc","local_time":"20210126120735","is_ascension_mode":true,"campfire_choices":[{"floor":10,"key":"REST"},{"floor":15,"key":"RECALL"}],"circlet_count":0,"master_deck":["AscendersBane","theDuelist:CastleWalls","theDuelist:CastleWalls","theDuelist:DarkMagician","theDuelist:MysticalElf","theDuelist:MysticalElf","theDuelist:NeoMagic","theDuelist:NeoMagic","theDuelist:Sparks","theDuelist:Sparks","theDuelist:Sparks","theDuelist:RainbowMagician+1","theDuelist:IrisEarthMother","theDuelist:ApprenticeIllusionMagician","theDuelist:DarkMagician","theDuelist:GeminiElf","theDuelist:SangaEarth","theDuelist:ApprenticeIllusionMagician","theDuelist:ApprenticeIllusionMagician","Parasite","theDuelist:IrisEarthMother","theDuelist:StatueAnguishPattern","theDuelist:RainbowMagician+1","theDuelist:Wiretap+1","theDuelist:FrontierWiseman"],"relics":["theDuelist:MillenniumPuzzle","theDuelist:CardPoolRelic","theDuelist:CardPoolBasicRelic","theDuelist:BoosterPackPoolRelic","theDuelist:CardPoolAddRelic","theDuelist:CardPoolMinusRelic","theDuelist:CardPoolSaveRelic","theDuelist:CardPoolOptionsRelic","Divine Protection","Strawberry","theDuelist:MillenniumCoin","Red Skull","Replay:Rubber Ducky","Painkiller Herb"],"acts_visited":["Exordium","TheCity"],"potions_floor_usage":[12,19,21],"damage_taken":[{"damage":4,"enemies":"Small Slimes","floor":1,"turns":3},{"damage":0,"enemies":"Lagavulin","floor":6,"turns":7},{"damage":0,"enemies":"Jaw Worm","floor":7,"turns":2},{"damage":50,"enemies":"3 Sentries","floor":8,"turns":14},{"damage":0,"enemies":"2 Louse","floor":11,"turns":2},{"damage":17,"enemies":"Lagavulin","floor":12,"turns":5},{"damage":31,"enemies":"Slime Boss","floor":16,"turns":12},{"damage":5,"enemies":"Spheric Guardian","floor":18,"turns":5},{"damage":17,"enemies":"2 Thieves","floor":19,"turns":4},{"damage":8,"enemies":"3 Cultists","floor":20,"turns":5},{"damage":0,"enemies":"Centurion and Healer","floor":21,"turns":5},{"damage":7,"enemies":"Sentry and Sphere","floor":22,"turns":6},{"damage":24,"enemies":"Book of Stabbing","floor":23,"turns":3}],"seed_played":"-2687944949586570047","potions_obtained":[{"floor":1,"key":"theDuelist:BarricadePotion"},{"floor":6,"key":"theDuelist:BurningPotion"},{"floor":18,"key":"theDuelist:WhiteBottle"},{"floor":20,"key":"DistilledChaos"},{"floor":22,"key":"theDuelist:TokenPotionB"}],"is_trial":false,"path_per_floor":["M","$","?","T","?","E","M","E","T","R","M","E","$","?","R","B",null,"?","?","?","?","?","E"],"character_chosen":"THE_DUELIST","items_purchased":["Replay:Rubber Ducky","theDuelist:ApprenticeIllusionMagician"],"campfire_rested":1,"item_purchase_floors":[13,13],"current_hp_per_floor":[59,59,59,59,59,66,66,16,16,39,39,22,22,41,41,10,60,55,38,30,30,23,0,0],"gold":210,"neow_bonus":"THREE_RARE_CARDS","is_daily":false,"chose_seed":false,"campfire_upgraded":0,"win_rate":0.0,"timestamp":1611659255,"path_taken":["M","$","?","?","?","E","?","E","T","R","M","E","$","?","R","BOSS","?","?","?","?","?","E"],"items_purchased_type":["Relic","Card"],"build_version":"2020-12-22","purchased_purges":1,"victory":false,"max_hp_per_floor":[70,70,70,70,70,77,77,77,77,77,77,77,77,77,77,77,77,77,77,77,77,77,77,77],"card_choices":[{"not_picked":["theDuelist:SwordsBurning","theDuelist:GrandSpellbookTower"],"picked":"theDuelist:RainbowMagician","floor":0},{"not_picked":["theDuelist:RainbowDarkDragon","theDuelist:RainbowMagician","theDuelist:RainbowKuriboh","theDuelist:RainbowOverdragon"],"picked":"theDuelist:IrisEarthMother","floor":1},{"not_picked":["theDuelist:LegendaryFlameLord","theDuelist:LegendaryExodia","theDuelist:SangaEarth","theDuelist:GateGuardian"],"picked":"theDuelist:ApprenticeIllusionMagician","floor":6},{"not_picked":["theDuelist:SpellShatteringArrow","theDuelist:BlizzardWarrior","theDuelist:SangaThunder","theDuelist:ExodiaRA"],"picked":"theDuelist:DarkMagician","floor":7},{"not_picked":["theDuelist:BlizzardWarrior","theDuelist:ThousandEyesIdol","theDuelist:BlueDragonSummoner","theDuelist:PowerKaishin"],"picked":"theDuelist:GeminiElf","floor":8},{"not_picked":["theDuelist:SangaThunder","theDuelist:Illusionist","theDuelist:NeoMagic","theDuelist:WhiteMagicalHat"],"picked":"theDuelist:SangaEarth","floor":11},{"not_picked":["theDuelist:SkilledDarkMagician","theDuelist:FrontierWiseman","theDuelist:TimeWizard","theDuelist:GuardianAngel"],"picked":"theDuelist:ApprenticeIllusionMagician","floor":12},{"not_picked":["theDuelist:ExodiaNecross","theDuelist:SwordsRevealing","theDuelist:IceQueen","theDuelist:SwordsBurning"],"picked":"theDuelist:IrisEarthMother","floor":16},{"not_picked":["theDuelist:BlizzardWarrior","theDuelist:CallAtlanteans","theDuelist:ExodiaLL","theDuelist:DarkMagician"],"picked":"theDuelist:StatueAnguishPattern","floor":18},{"not_picked":["theDuelist:LegendaryExodia","theDuelist:GateGuardian"],"picked":"theDuelist:RainbowMagician+1","floor":19},{"not_picked":["theDuelist:ExodiaHead","theDuelist:VampireFamiliar+1"],"picked":"SKIP","floor":20},{"not_picked":["theDuelist:AttackTheMoon","theDuelist:DestroyerGolem","theDuelist:DokiDoki","theDuelist:GraniteLoyalist"],"picked":"theDuelist:Wiretap+1","floor":21},{"not_picked":["theDuelist:LegendaryExodia","theDuelist:GuardianAngel","theDuelist:WhiteMagicalHat","theDuelist:ExodiaRL"],"picked":"theDuelist:FrontierWiseman","floor":22}],"player_experience":1540443,"relics_obtained":[{"floor":4,"key":"Divine Protection"},{"floor":6,"key":"Strawberry"},{"floor":8,"key":"theDuelist:MillenniumCoin"},{"floor":12,"key":"Red Skull"}],"event_choices":[{"damage_healed":0,"gold_gain":0,"player_choice":"Leave","duelist":true,"damage_taken":0,"max_hp_gain":0,"max_hp_loss":0,"event_name":"Tomb of the Nameless","floor":3,"gold_loss":0},{"damage_healed":0,"gold_gain":0,"player_choice":"Upgraded","damage_taken":0,"max_hp_gain":0,"max_hp_loss":0,"event_name":"Upgrade Shrine","floor":5,"gold_loss":0,"cards_upgraded":["theDuelist:RainbowMagician"]},{"damage_healed":19,"gold_gain":0,"player_choice":"Healed and dodged fight","damage_taken":0,"max_hp_gain":0,"max_hp_loss":0,"event_name":"Mushrooms","floor":14,"gold_loss":0,"cards_obtained":["Parasite"]}],"is_beta":false,"boss_relics":[{"not_picked":["SlaversCollar","Ring of Chaos"],"picked":"Painkiller Herb"}],"items_purged_floors":[2],"is_endless":false,"potions_floor_spawned":[1,6,7,18,20,22],"killed_by":"Book of Stabbing","ascension_level":20}}