{"host":"32a9wachbac5d9yp","time":1611621984,"event":{"mods":["BaseMod","Better Note","Faster Ascension Climbing","Minty Spire (QoL Compilation)","Permanent Neow","Quick Restart","StSLib"],"gold_per_floor":[14,14,14,27,46,85,99,132,132,132,181,181,214,9,9,138,138,152,171,186,286,305,343,343,379,379,379,379,379,478,133,133,259,259,274,289,350,374,374,414,747,758,758,787,800,452,452,469,469,469,469,469,113,142,142],"floor_reached":56,"language":"ENG","playtime":2495,"items_purged":["Writhe","Strike_G","Strike_G"],"score":1970,"play_id":"39e0394a-976a-422b-b73f-4d34bb479360","local_time":"20210126014624","is_ascension_mode":true,"campfire_choices":[{"data":"Accuracy","floor":10,"key":"SMITH"},{"data":"Backstab","floor":12,"key":"SMITH"},{"data":"Blade Dance","floor":15,"key":"SMITH"},{"data":"Burst","floor":24,"key":"SMITH"},{"data":"Cloak And Dagger","floor":27,"key":"SMITH"},{"data":"Accuracy","floor":32,"key":"SMITH"},{"floor":47,"key":"RECALL"},{"data":"Envenom","floor":49,"key":"SMITH"},{"data":"Survivor","floor":52,"key":"SMITH"}],"circlet_count":0,"master_deck":["AscendersBane","Strike_G","Strike_G+1","Strike_G+1","Defend_G","Defend_G","Defend_G","Defend_G","Defend_G","Survivor+1","Neutralize","Blade Dance","Backstab+1","Blade Dance+1","Burst+1","Accuracy+1","Calculated Gamble","Blade Dance","Corpse Explosion","Escape Plan","Cloak And Dagger+1","Crippling Poison","Deflect+1","Accuracy+1","Venomology","CurseOfTheBell","Accuracy+1","Envenom+1"],"relics":["Ring of the Snake","Pocketwatch","Shuriken","Bronze Scales","Juzu Bracelet","MealTicket","Letter Opener","Vajra","Coffee Dripper","Darkstone Periapt","Smiling Mask","Calipers","Blood Vial","Potion Belt","Calling Bell","Dream Catcher","Singing Bowl","Lizard Tail","FossilizedHelix","Kunai","Meat on the Bone","Toy Ornithopter","Lee\u0027s Waffle","Nunchaku","Whetstone","Centennial Puzzle"],"acts_visited":["Exordium","TheCity","TheBeyond","TheEnding"],"potions_floor_usage":[7,16,23,25,36,40,42,45,48,50,54,54,55,55,55,55,55],"damage_taken":[{"damage":0,"enemies":"Small Slimes","floor":1,"turns":3},{"damage":7,"enemies":"Jaw Worm","floor":4,"turns":4},{"damage":1,"enemies":"Cultist","floor":5,"turns":3},{"damage":9,"enemies":"3 Sentries","floor":6,"turns":8},{"damage":0,"enemies":"Gremlin Gang","floor":7,"turns":2},{"damage":10,"enemies":"Lagavulin","floor":8,"turns":4},{"damage":12,"enemies":"3 Sentries","floor":13,"turns":5},{"damage":0,"enemies":"Slime Boss","floor":16,"turns":4},{"damage":0,"enemies":"3 Byrds","floor":18,"turns":2},{"damage":2,"enemies":"Shell Parasite","floor":19,"turns":2},{"damage":0,"enemies":"Cultist and Chosen","floor":20,"turns":3},{"damage":0,"enemies":"Chosen and Byrds","floor":22,"turns":2},{"damage":17,"enemies":"Slavers","floor":23,"turns":3},{"damage":24,"enemies":"Book of Stabbing","floor":25,"turns":4},{"damage":6,"enemies":"Automaton","floor":33,"turns":4},{"damage":0,"enemies":"3 Shapes","floor":35,"turns":4},{"damage":12,"enemies":"3 Darklings","floor":36,"turns":4},{"damage":24,"enemies":"2 Orb Walkers","floor":37,"turns":3},{"damage":0,"enemies":"Sphere and 2 Shapes","floor":38,"turns":3},{"damage":7,"enemies":"Nemesis","floor":40,"turns":3},{"damage":13,"enemies":"Maw","floor":42,"turns":6},{"damage":7,"enemies":"Reptomancer","floor":44,"turns":5},{"damage":3,"enemies":"Jaw Worm Horde","floor":45,"turns":4},{"damage":0,"enemies":"Sphere and 2 Shapes","floor":48,"turns":6},{"damage":67,"enemies":"Awakened One","floor":50,"turns":8},{"damage":2,"enemies":"Shield and Spear","floor":54,"turns":2},{"damage":151,"enemies":"The Heart","floor":55,"turns":8}],"seed_played":"-6714887038402829215","potions_obtained":[{"floor":4,"key":"AttackPotion"},{"floor":6,"key":"DuplicationPotion"},{"floor":8,"key":"Fire Potion"},{"floor":19,"key":"Weak Potion"},{"floor":22,"key":"DuplicationPotion"},{"floor":25,"key":"SmokeBomb"},{"floor":35,"key":"CultistPotion"},{"floor":44,"key":"GhostInAJar"},{"floor":54,"key":"ColorlessPotion"}],"is_trial":false,"path_per_floor":["M","?","$","M","M","E","M","E","T","R","T","R","E","$","R","B",null,"M","M","M","?","M","E","R","E","T","R","?","?","?","$","R","B",null,"M","M","?","M","?","E","?","M","T","E","M","$","R","M","R","B",null,"R","$","E","B",null],"character_chosen":"THE_SILENT","items_purchased":["Blade Dance","Vajra","Accuracy","Potion Belt","Regen Potion","Toy Ornithopter","Lee\u0027s Waffle","Nunchaku","Whetstone"],"campfire_rested":0,"item_purchase_floors":[14,14,31,31,31,46,46,53,53],"current_hp_per_floor":[63,63,63,56,55,46,46,36,36,36,36,36,24,39,39,39,59,59,57,57,57,57,40,40,16,16,16,16,22,22,37,37,33,68,70,71,51,55,55,59,59,50,50,47,48,92,92,94,94,39,80,80,94,96,25],"gold":142,"neow_bonus":"ONE_RARE_RELIC","is_daily":false,"chose_seed":false,"campfire_upgraded":8,"win_rate":0.0,"timestamp":1611621984,"path_taken":["M","?","$","M","M","E","M","E","T","R","?","R","E","$","R","BOSS","M","M","M","?","M","E","R","E","T","R","?","?","?","?","R","BOSS","M","M","?","M","?","E","?","M","T","E","M","$","R","M","R","BOSS","R","$","E","BOSS"],"items_purchased_type":["Card","Relic","Card","Relic","Potion","Relic","Relic","Relic","Relic"],"build_version":"2020-12-22","purchased_purges":3,"victory":true,"max_hp_per_floor":[70,65,65,65,65,65,65,65,65,65,65,65,65,65,65,65,65,65,65,65,65,65,65,65,65,65,65,65,71,71,71,71,71,77,77,79,81,83,79,79,79,81,81,83,85,92,92,94,94,94,94,94,94,96,96],"card_choices":[{"not_picked":["Cloak And Dagger","Heel Hook"],"picked":"Blade Dance","floor":1},{"not_picked":["Endless Agony","Blur"],"picked":"Backstab","floor":4},{"not_picked":["Dagger Throw","Infinite Blades"],"picked":"Blade Dance","floor":5},{"not_picked":["Tactician","Infinite Blades"],"picked":"Burst","floor":6},{"not_picked":["Backflip","Dagger Throw"],"picked":"Accuracy","floor":7},{"not_picked":["Endless Agony","Poisoned Stab"],"picked":"Calculated Gamble","floor":8},{"not_picked":["Noxious Fumes","Storm of Steel","Outmaneuver"],"picked":"SKIP","floor":13},{"not_picked":["Unload","Night Terror"],"picked":"Corpse Explosion","floor":16},{"not_picked":["Prepared","Dagger Throw+1"],"picked":"Escape Plan","floor":18},{"not_picked":["Sucker Punch","Acrobatics"],"picked":"Cloak And Dagger","floor":19},{"not_picked":["Prepared","Noxious Fumes+1","Bane+1"],"picked":"SKIP","floor":20},{"not_picked":["Distraction","Skewer"],"picked":"Crippling Poison","floor":22},{"not_picked":["Backstab","Prepared","Flying Knee"],"picked":"SKIP","floor":23},{"not_picked":["Skewer","Caltrops"],"picked":"Deflect+1","floor":25},{"not_picked":["Tools of the Trade","A Thousand Cuts"],"picked":"Venomology","floor":33},{"not_picked":["Poisoned Stab+1","Backflip"],"picked":"Accuracy+1","floor":35},{"not_picked":["Escape Plan+1","Acrobatics+1","Poisoned Stab"],"picked":"Singing Bowl","floor":36},{"not_picked":["Acrobatics+1","Bane+1","Calculated Gamble"],"picked":"Singing Bowl","floor":37},{"not_picked":["Outmaneuver","Bane","Deflect+1"],"picked":"Singing Bowl","floor":38},{"not_picked":["Infinite Blades","All Out Attack"],"picked":"Envenom","floor":40},{"not_picked":["Distraction","Sucker Punch+1","Poisoned Stab"],"picked":"Singing Bowl","floor":42},{"not_picked":["Dodge and Roll+1","Setup+1","Deadly Poison"],"picked":"Singing Bowl","floor":44},{"not_picked":["Underhanded Strike","Riddle With Holes+1","Sucker Punch"],"picked":"Singing Bowl","floor":45},{"not_picked":["Flechettes+1","Blur","PiercingWail"],"picked":"Singing Bowl","floor":48},{"not_picked":["Catalyst","Footwork+1","Concentrate"],"picked":"Singing Bowl","floor":54}],"player_experience":135939,"relics_obtained":[{"floor":6,"key":"Shuriken"},{"floor":8,"key":"Bronze Scales"},{"floor":9,"key":"Juzu Bracelet"},{"floor":11,"key":"MealTicket"},{"floor":13,"key":"Letter Opener"},{"floor":23,"key":"Darkstone Periapt"},{"floor":25,"key":"Smiling Mask"},{"floor":26,"key":"Calipers"},{"floor":34,"key":"Dream Catcher"},{"floor":34,"key":"Singing Bowl"},{"floor":34,"key":"Lizard Tail"},{"floor":37,"key":"FossilizedHelix"},{"floor":40,"key":"Kunai"},{"floor":44,"key":"Meat on the Bone"},{"floor":54,"key":"Centennial Puzzle"}],"event_choices":[{"damage_healed":0,"gold_gain":0,"player_choice":"Lose Max HP","damage_taken":0,"relics_obtained":["Golden Idol"],"max_hp_gain":0,"max_hp_loss":5,"event_name":"Golden Idol","floor":2,"gold_loss":0},{"damage_healed":0,"gold_gain":100,"player_choice":"Pray","damage_taken":0,"max_hp_gain":0,"max_hp_loss":0,"event_name":"Golden Shrine","floor":21,"gold_loss":0},{"cards_removed":["Strike_G"],"damage_healed":0,"gold_gain":0,"player_choice":"Give","damage_taken":0,"max_hp_gain":0,"max_hp_loss":0,"event_name":"betterNote:BetterNote","floor":28,"gold_loss":0,"cards_obtained":["Strike_R"]},{"damage_healed":0,"gold_gain":0,"player_choice":"Opened","damage_taken":0,"relics_obtained":["Blood Vial"],"max_hp_gain":0,"max_hp_loss":0,"event_name":"The Mausoleum","floor":29,"gold_loss":0,"cards_obtained":["Writhe"]},{"damage_healed":0,"gold_gain":99,"player_choice":"Stole From Cult","damage_taken":0,"max_hp_gain":0,"max_hp_loss":0,"event_name":"Nest","floor":30,"gold_loss":0},{"damage_healed":0,"gold_gain":0,"player_choice":"Fight","damage_taken":0,"max_hp_gain":0,"max_hp_loss":0,"event_name":"Mysterious Sphere","floor":37,"gold_loss":0},{"damage_healed":0,"gold_gain":0,"player_choice":"Max HP","damage_taken":0,"max_hp_gain":0,"max_hp_loss":4,"event_name":"Winding Halls","floor":39,"gold_loss":0},{"damage_healed":0,"gold_gain":333,"player_choice":"Gave Idol","damage_taken":0,"max_hp_gain":0,"max_hp_loss":0,"event_name":"The Moai Head","floor":41,"relics_lost":["Golden Idol"],"gold_loss":0}],"is_beta":false,"boss_relics":[{"not_picked":["Pandora\u0027s Box","Ring of the Serpent"],"picked":"Coffee Dripper"},{"not_picked":["Empty Cage","Busted Crown"],"picked":"Calling Bell"}],"items_purged_floors":[31,46,53],"is_endless":false,"potions_floor_spawned":[4,6,8,19,22,25,35,36,38,44,54],"ascension_level":11}}