{"host":"a4ifeplrx8vfq4u5","time":1611699757,"event":{"mods":["BaseMod","Beaked The Cultist","Better Third Choice","Colored Map","Conspire","Downfall","Marisa????????","Minty Spire (QoL Compilation)","Random Character Button","Rare Cards Sparkle","Replay The Spire","StSLib","The Servant 0.9.4"],"gold_per_floor":[110,124,124,49,66,66,66,85,153,153,153,153,172,182,182,279,279,293,303,52,52,65,65,93,93,120,120,149,149,164,182,182,284,334,348,368,368,368,168,168,239,239,239,0,0,34,110,162,162,189,189],"floor_reached":50,"language":"ENG","playtime":4719,"items_purged":["Strike_R","Strike_R"],"score":602,"play_id":"ae2ae3e6-13bc-4999-9fba-c3cb0a4cd03b","local_time":"20210126222237","is_ascension_mode":false,"campfire_choices":[{"data":"Pommel Strike","floor":6,"key":"SMITH"},{"data":"Bash","floor":12,"key":"SMITH"},{"data":"Rampage","floor":15,"key":"SMITH"},{"data":"Defend_R","floor":23,"key":"SMITH"},{"data":"Defend_R","floor":25,"key":"SMITH"},{"data":"ReplayTheSpireMod:Strike From Hell","floor":27,"key":"SMITH"},{"data":"ReplayTheSpireMod:Strike From Hell","floor":29,"key":"SMITH"},{"data":"Strike_G","floor":32,"key":"SMITH"},{"data":"Juggernaut","floor":40,"key":"SMITH"},{"data":"conspire:SpireCoStock","floor":42,"key":"SMITH"},{"data":"True Grit","floor":49,"key":"SMITH"}],"circlet_count":0,"master_deck":["Defend_R+1","Defend_R+1","Bash+1","ReplayReversal+1","ReplayTheSpireMod:Strike From Hell+1","Disarm+1","Pommel Strike+1","Strike_G+1","ReplayTheSpireMod:Strike From Hell+1","Rampage+1","True Grit+1","Burning Pact+1","Bloodletting+1","Juggernaut+1","conspire:SpireCoStock+1","conspire:SpireCoStock","conspire:SpireCoStock","conspire:SpireCoStock","True Grit+1"],"relics":["Burning Blood","conspire:DecoderRing","Garlic","Replay:Grab Bag","Coffee Dripper","Sozu","Runic Pyramid","Guide Book","Red Skull","PreservedInsect","Bottled Lightning","Tiny House","Incense Burner","Red Mask","Blue Candle"],"acts_visited":["Exordium","TheCity","TheBeyond"],"potions_floor_usage":[16,47,50],"damage_taken":[{"damage":1,"enemies":"Jaw Worm","floor":1,"turns":4},{"damage":8,"enemies":"2 Louse","floor":2,"turns":3},{"damage":0,"enemies":"Cultist","floor":5,"turns":3},{"damage":5,"enemies":"Blue Slaver","floor":8,"turns":5},{"damage":3,"enemies":"conspire:2 RoseBushes","floor":13,"turns":7},{"damage":0,"enemies":"2 Fungi Beasts","floor":14,"turns":3},{"damage":49,"enemies":"The Guardian","floor":16,"turns":9},{"damage":16,"enemies":"2 Thieves","floor":18,"turns":4},{"damage":0,"enemies":"Spheric Guardian","floor":19,"turns":3},{"damage":3,"enemies":"Snake Plant","floor":22,"turns":3},{"damage":0,"enemies":"Book of Stabbing","floor":24,"turns":5},{"damage":2,"enemies":"conspire:SneckoGhost","floor":28,"turns":4},{"damage":4,"enemies":"3 Cultists","floor":30,"turns":4},{"damage":0,"enemies":"Cultist and Chosen","floor":31,"turns":4},{"damage":12,"enemies":"Collector","floor":33,"turns":8},{"damage":5,"enemies":"Orb Walker","floor":35,"turns":4},{"damage":6,"enemies":"3 Shapes","floor":36,"turns":4},{"damage":18,"enemies":"Writhing Mass","floor":41,"turns":6},{"damage":53,"enemies":"Reptomancer","floor":46,"turns":5},{"damage":3,"enemies":"3 Darklings","floor":47,"turns":6},{"damage":0,"enemies":"Transient","floor":48,"turns":5},{"damage":37,"enemies":"Donu and Deca","floor":50,"turns":5}],"seed_played":"-344116344485876449","potions_obtained":[{"floor":1,"key":"Doom Potion"},{"floor":5,"key":"HeartOfIron"},{"floor":14,"key":"AttackPotion"}],"is_trial":false,"path_per_floor":["M","M","?","$","M","R","?","M","T","?","T","R","M","M","R","B",null,"M","M","$","?","M","R","E","R","T","R","E","R","M","M","R","B",null,"M","M","?","?","?","R","M","R","T","?","$","E","M","M","R","B"],"character_chosen":"IRONCLAD","items_purchased":["Guide Book"],"campfire_rested":0,"item_purchase_floors":[20],"current_hp_per_floor":[61,59,52,52,58,58,58,59,59,59,59,59,62,68,68,25,80,70,76,76,70,73,73,79,79,79,79,80,80,80,80,80,74,85,85,85,81,81,81,81,69,69,69,69,69,22,25,31,31,0,0],"gold":189,"neow_bonus":"TRANSFORM_TWO_CARDS","is_daily":false,"chose_seed":false,"campfire_upgraded":11,"win_rate":0.0,"timestamp":1611699757,"path_taken":["M","M","?","$","M","R","?","?","T","?","?","R","M","M","R","BOSS","M","M","$","?","M","R","E","R","T","R","E","R","M","?","R","BOSS","M","M","?","?","?","R","M","R","T","?","$","E","M","M","R","BOSS"],"items_purchased_type":["Relic"],"build_version":"2020-12-22","purchased_purges":2,"victory":false,"max_hp_per_floor":[80,80,80,80,80,80,80,80,80,80,80,80,80,80,80,80,80,80,80,80,80,80,80,80,80,80,80,80,80,80,80,80,80,85,85,85,81,81,81,81,81,81,81,81,81,81,81,81,81,81,81],"card_choices":[{"not_picked":["Second Wind","Twin Strike","Run Through"],"picked":"SKIP","floor":1},{"not_picked":["Hemokinesis","Twin Strike"],"picked":"Disarm","floor":2},{"not_picked":["Sword Boomerang","Reckless Charge"],"picked":"Pommel Strike","floor":5},{"not_picked":["Carnage","Clothesline","Iron Wave"],"picked":"SKIP","floor":8},{"not_picked":["Havoc","Flex"],"picked":"ReplayTheSpireMod:Strike From Hell","floor":13},{"not_picked":["Perfected Strike","Demonic Infusion"],"picked":"Rampage","floor":14},{"not_picked":["Sword Boomerang","Iron Wave","Wild Strike+1"],"picked":"SKIP","floor":18},{"not_picked":["Body Slam","Warcry+1"],"picked":"True Grit+1","floor":19},{"not_picked":["Sever Soul+1","Warcry+1","Wild Strike"],"picked":"SKIP","floor":22},{"not_picked":["ReplayTheSpireMod:LeadingStrike","Thunderclap"],"picked":"Burning Pact","floor":24},{"not_picked":["Massacre","Reaper","Warcry"],"picked":"SKIP","floor":28},{"not_picked":["Life Link+1","Sword Boomerang","Flex"],"picked":"SKIP","floor":30},{"not_picked":["Shrug It Off","Run Through"],"picked":"Bloodletting+1","floor":31},{"not_picked":["Demonic Infusion","Fiend Fire"],"picked":"Juggernaut","floor":33},{"not_picked":["Warcry+1","ReplayTheSpireMod:Corrosion Curse","Reckless Charge"],"picked":"SKIP","floor":35},{"not_picked":["Pummel+1","Life Link+1","Whirlwind"],"picked":"SKIP","floor":36},{"not_picked":["Anger","Thunderclap+1","Wild Strike+1"],"picked":"SKIP","floor":41},{"not_picked":["Clothesline+1","Thunderclap","Corruption"],"picked":"SKIP","floor":46},{"not_picked":["Burning Pact","Flex","Shrug It Off"],"picked":"SKIP","floor":47},{"not_picked":["Hemokinesis+1","Shrug It Off"],"picked":"True Grit","floor":48}],"player_experience":407622,"relics_obtained":[{"floor":9,"key":"conspire:DecoderRing"},{"floor":11,"key":"Garlic"},{"floor":24,"key":"Red Skull"},{"floor":26,"key":"PreservedInsect"},{"floor":28,"key":"Bottled Lightning"},{"floor":43,"key":"Incense Burner"},{"floor":46,"key":"Blue Candle"}],"event_choices":[{"cards_removed":["Strike_R"],"damage_healed":0,"gold_gain":0,"player_choice":"Card Removal","damage_taken":7,"max_hp_gain":0,"max_hp_loss":0,"event_name":"Golden Wing","floor":3,"gold_loss":0},{"cards_removed":["Strike_R"],"damage_healed":0,"gold_gain":0,"player_choice":"Took Card","damage_taken":0,"max_hp_gain":0,"max_hp_loss":0,"event_name":"NoteForYourself","floor":7,"gold_loss":0,"cards_obtained":["Strike_G"]},{"cards_removed":["Defend_R"],"damage_healed":0,"gold_gain":0,"player_choice":"Forget","damage_taken":0,"max_hp_gain":0,"max_hp_loss":0,"event_name":"Living Wall","floor":10,"gold_loss":0},{"damage_healed":0,"gold_gain":0,"player_choice":"","damage_taken":6,"max_hp_gain":0,"max_hp_loss":0,"event_name":"Knowing Skull","floor":21,"potions_obtained":[],"gold_loss":0,"cards_obtained":[]},{"damage_healed":0,"gold_gain":0,"player_choice":"Max HP","damage_taken":0,"max_hp_gain":0,"max_hp_loss":4,"event_name":"Winding Halls","floor":37,"gold_loss":0},{"damage_healed":0,"gold_gain":0,"player_choice":"Invest 4","damage_taken":0,"max_hp_gain":0,"max_hp_loss":0,"event_name":"conspire:Investor","floor":39,"gold_loss":0},{"damage_healed":0,"gold_gain":0,"player_choice":"Paid","damage_taken":0,"relics_obtained":["Red Mask"],"max_hp_gain":0,"max_hp_loss":0,"event_name":"Tomb of Lord Red Mask","floor":44,"gold_loss":239}],"is_beta":false,"boss_relics":[{"not_picked":["Pandora\u0027s Box","Snecko Eye"],"picked":"Replay:Grab Bag"},{"not_picked":["Cursed Key","Replay:Wanted Poster"],"picked":"Coffee Dripper"},{"not_picked":["bronze:MakeshiftBattery","conspire:RoyalGoblet"],"picked":"Sozu"},{"not_picked":["Calling Bell","Kintsugi"],"picked":"Runic Pyramid"},{"not_picked":["Replay:Ancient Bell","beaked:MawFillet"],"picked":"Tiny House"}],"items_purged_floors":[4,20],"is_endless":false,"potions_floor_spawned":[1,5,14,22,28,30,31,36,41],"killed_by":"Donu and Deca","ascension_level":0}}