{"host":"e4udrxcgdvpx3wcj","time":1611686800,"event":{"mods":["Act Like it!","Aspiration","Astrologer","BaseMod","Downfall","Gensokyo","Highlight Path","Infinite Spire","Koishi","Marisa????????","Minty Spire (QoL Compilation)","Replay The Spire","StSLib","SuperFastMode","The Bug Knight","The Construct","The Jungle","The Runesmith","The Servant 0.9.4","TheBandit"],"gold_per_floor":[109,109,109,124,142,142,142,169,192,192,192,192,224,224,239,251,251,356,356,376,390,390,390,390],"floor_reached":22,"language":"ENG","playtime":1545,"items_purged":[],"score":290,"play_id":"7808aa9c-fa17-4d0e-a6a4-93dd2e02b43e","local_time":"20210126134640","is_ascension_mode":true,"campfire_choices":[{"data":"wariomod:Step","floor":6,"key":"SMITH"},{"data":"wariomod:Strike","floor":10,"key":"SMITH"},{"data":"wariomod:Bombshield","floor":14,"key":"SMITH"},{"floor":17,"key":"REST"}],"circlet_count":0,"master_deck":["AscendersBane","wariomod:Strike","wariomod:Strike","wariomod:Strike","wariomod:Strike+1","wariomod:Defend","wariomod:Defend","wariomod:Defend","wariomod:Step+1","wariomod:Leap","wariomod:ThatsNotAll","wariomod:Bombshield+1","Injury","wariomod:DoubleDash","wariomod:ImFeelingLucky","wariomod:SmallSprint","wariomod:PoisonBombs","wariomod:GreaterGuard","wariomod:Bomblaster"],"relics":["wariomod:TheHat","Regal Pillow","PreservedInsect","Bottled Lightning","Coffee Dripper"],"acts_visited":["Gensokyo:Gensokyo","TheCity"],"potions_floor_usage":[13,18],"damage_taken":[{"damage":3,"enemies":"Gensokyo:2_Kodama","floor":1,"turns":2},{"damage":2,"enemies":"Gensokyo:Python","floor":4,"turns":4},{"damage":0,"enemies":"Gensokyo:3_Fairies","floor":5,"turns":5},{"damage":15,"enemies":"Gensokyo:Cirno","floor":8,"turns":5},{"damage":26,"enemies":"Gensokyo:Aya","floor":13,"turns":6},{"damage":0,"enemies":"Gensokyo:LivingMonolith","floor":15,"turns":3},{"damage":2,"enemies":"Gensokyo:VengefulSpirit","floor":16,"turns":5},{"damage":26,"enemies":"Gensokyo:Reimu","floor":18,"turns":10},{"damage":0,"enemies":"Chosen","floor":20,"turns":4},{"damage":46,"enemies":"Snake Plant","floor":21,"turns":5},{"damage":31,"enemies":"Snecko","floor":22,"turns":3}],"seed_played":"-5440962536006174561","potions_obtained":[{"floor":4,"key":"AttackPotion"},{"floor":5,"key":"Energy Potion"},{"floor":8,"key":"champ:CounterPotion"},{"floor":16,"key":"SkillPotion"},{"floor":18,"key":"SpeedPotion"}],"is_trial":false,"path_per_floor":["M","?","?","M","M","R","?","E","T","R","PTL","PTL","E","R","M","M","R","B",null,"M","M","M"],"character_chosen":"THE_BANDIT","items_purchased":[],"campfire_rested":1,"item_purchase_floors":[],"current_hp_per_floor":[69,69,77,75,75,75,75,60,60,60,60,60,34,34,34,32,71,45,71,71,25,0,0,0],"gold":390,"neow_bonus":"TRANSFORM_CARD","is_daily":false,"chose_seed":false,"campfire_upgraded":3,"win_rate":0.0,"timestamp":1611686800,"path_taken":["M","?","?","M","?","R","?","E","T","R","PTL","PTL","E","R","?","M","R","BOSS","M","M","M"],"items_purchased_type":[],"build_version":"2020-12-22","purchased_purges":0,"victory":false,"max_hp_per_floor":[80,80,80,80,80,80,80,80,80,80,80,80,80,80,80,80,80,80,80,80,80,80,80,80],"card_choices":[{"not_picked":["wariomod:Smackflip","wariomod:DoubleDash"],"picked":"wariomod:Bombshield","floor":1},{"not_picked":["wariomod:SpikeSlash","wariomod:ChargeForth"],"picked":"wariomod:DoubleDash","floor":4},{"not_picked":["wariomod:AwfulLook","wariomod:Boomsmack","wariomod:HastyRush"],"picked":"SKIP","floor":5},{"not_picked":["wariomod:Smackflip","wariomod:ChargeForth","wariomod:DisarmingMoves"],"picked":"SKIP","floor":8},{"not_picked":["wariomod:Game","wariomod:BoomBoom"],"picked":"wariomod:ImFeelingLucky","floor":13},{"not_picked":["wariomod:SpikeSlash","wariomod:NullJump","wariomod:ChargeForth"],"picked":"SKIP","floor":15},{"not_picked":["wariomod:ThatsNotAll","wariomod:Goblast"],"picked":"wariomod:SmallSprint","floor":16},{"not_picked":["wariomod:KeyFinisher","wariomod:FabulousPrizes"],"picked":"wariomod:PoisonBombs","floor":18},{"not_picked":["wariomod:Smackflip","wariomod:DoubleDash"],"picked":"wariomod:GreaterGuard","floor":20},{"not_picked":["wariomod:Leapslam","wariomod:Sidestep"],"picked":"wariomod:Bomblaster","floor":21}],"player_experience":2489214,"relics_obtained":[{"floor":8,"key":"PreservedInsect"},{"floor":13,"key":"Bottled Lightning"}],"event_choices":[],"is_beta":false,"boss_relics":[{"not_picked":["Pandora\u0027s Box","aspiration:RitualDagger"],"picked":"Coffee Dripper"}],"items_purged_floors":[],"is_endless":false,"potions_floor_spawned":[4,5,8,16,18],"killed_by":"Snecko","ascension_level":11}}