{"host":"hfxp6ue4pvwo3fit","time":1611658053,"event":{"mods":["AchievementEnabler","BaseMod","Colored Map","Colored Powertips","Highlight Path","Minty Spire (QoL Compilation)","Relic Stats","StSLib","SuperFastMode"],"gold_per_floor":[117,117,132,132,143,170,170,198,198,211,222,222,235,248,248,323,323,336,251,268,268,12,41,41,41,67,95,95,113,113,132,132,210,210,229,242,293,293,115,147,147,165,190,190,190,190,190,217,217,217,217],"floor_reached":52,"language":"ENG","playtime":2672,"items_purged":["Strike_R","Writhe"],"score":2066,"play_id":"26ec2f7d-8712-456c-8539-0ec6a72eb17a","local_time":"20210126044733","is_ascension_mode":true,"campfire_choices":[{"data":"Uppercut","floor":7,"key":"SMITH"},{"floor":12,"key":"REST"},{"data":"Bash","floor":15,"key":"SMITH"},{"data":"Feed","floor":24,"key":"SMITH"},{"data":"Clothesline","floor":28,"key":"SMITH"},{"floor":30,"key":"REST"},{"data":"Inflame","floor":32,"key":"SMITH"},{"data":"Clothesline","floor":41,"key":"SMITH"},{"data":"Reaper","floor":44,"key":"SMITH"},{"data":"Dropkick","floor":47,"key":"SMITH"},{"data":"Defend_R","floor":49,"key":"SMITH"}],"circlet_count":0,"master_deck":["AscendersBane","Strike_R","Strike_R","Strike_R","Strike_R","Defend_R","Defend_R","Defend_R+1","Bash+1","Clothesline+1","Inflame+1","Impervious+1","Uppercut+1","Clothesline+1","Corruption","Dual Wield+1","Dropkick+1","Battle Trance+1","Feed+1","True Grit+1","Reaper+1","Armaments+1","True Grit+1","Disarm+1","Shrug It Off+1","Limit Break+1","Shrug It Off+1","Spot Weakness+1","Dual Wield+1","Injury"],"relics":["Snecko Eye","Toxic Egg 2","Kunai","Juzu Bracelet","Sundial","Cursed Key","Centennial Puzzle","MutagenicStrength","Bag of Preparation","Anchor","Frozen Egg 2","SlaversCollar","Magic Flower","Matryoshka","Happy Flower","Akabeko","MealTicket"],"acts_visited":["Exordium","TheCity","TheBeyond"],"potions_floor_usage":[6,8,16,16,33,37,37,48,50,51],"damage_taken":[{"damage":2,"enemies":"Cultist","floor":1,"turns":4},{"damage":14,"enemies":"Small Slimes","floor":3,"turns":3},{"damage":0,"enemies":"2 Louse","floor":5,"turns":2},{"damage":25,"enemies":"3 Sentries","floor":6,"turns":9},{"damage":3,"enemies":"Lagavulin","floor":8,"turns":6},{"damage":0,"enemies":"2 Fungi Beasts","floor":10,"turns":2},{"damage":9,"enemies":"Blue Slaver","floor":11,"turns":3},{"damage":7,"enemies":"Gremlin Gang","floor":13,"turns":5},{"damage":3,"enemies":"Looter","floor":14,"turns":4},{"damage":12,"enemies":"Hexaghost","floor":16,"turns":5},{"damage":10,"enemies":"Shell Parasite","floor":18,"turns":4},{"damage":2,"enemies":"Spheric Guardian","floor":20,"turns":4},{"damage":48,"enemies":"Slavers","floor":23,"turns":5},{"damage":0,"enemies":"Book of Stabbing","floor":27,"turns":4},{"damage":7,"enemies":"Shelled Parasite and Fungi","floor":29,"turns":4},{"damage":0,"enemies":"Snecko","floor":31,"turns":4},{"damage":19,"enemies":"Champ","floor":33,"turns":16},{"damage":7,"enemies":"3 Darklings","floor":35,"turns":6},{"damage":0,"enemies":"3 Shapes","floor":36,"turns":9},{"damage":7,"enemies":"2 Orb Walkers","floor":37,"turns":5},{"damage":0,"enemies":"Giant Head","floor":40,"turns":5},{"damage":18,"enemies":"Writhing Mass","floor":42,"turns":5},{"damage":11,"enemies":"Nemesis","floor":48,"turns":5},{"damage":108,"enemies":"Time Eater","floor":50,"turns":12},{"damage":101,"enemies":"Awakened One","floor":51,"turns":15}],"seed_played":"8489342739774330336","potions_obtained":[{"floor":1,"key":"AttackPotion"},{"floor":3,"key":"ColorlessPotion"},{"floor":6,"key":"ColorlessPotion"},{"floor":8,"key":"Strength Potion"},{"floor":14,"key":"LiquidBronze"},{"floor":16,"key":"CultistPotion"},{"floor":27,"key":"PowerPotion"},{"floor":33,"key":"ColorlessPotion"},{"floor":38,"key":"SkillPotion"},{"floor":38,"key":"Block Potion"},{"floor":48,"key":"Swift Potion"}],"is_trial":false,"path_per_floor":["M","?","M","?","M","E","R","E","T","M","M","R","M","M","R","B",null,"M","?","M","?","$","E","R","?","T","E","R","M","R","M","R","B",null,"M","M","?","?","$","E","R","M","T","R","?","?","R","E","R","B","B",null],"character_chosen":"IRONCLAD","items_purchased":["Reaper","Armaments+1","Spot Weakness+1"],"campfire_rested":2,"item_purchase_floors":[22,22,39],"current_hp_per_floor":[66,71,57,57,57,32,32,29,29,29,20,44,37,34,34,22,66,59,59,60,60,60,52,52,52,52,66,66,63,92,102,102,87,101,110,110,107,107,107,114,114,114,114,114,108,108,108,108,108,81,112],"gold":217,"neow_bonus":"BOSS_RELIC","is_daily":false,"chose_seed":false,"campfire_upgraded":9,"win_rate":0.0,"timestamp":1611658053,"path_taken":["M","?","M","?","?","E","R","E","T","M","M","R","M","M","R","BOSS","M","?","M","?","$","E","R","?","T","E","R","M","R","M","R","BOSS","M","M","?","?","$","E","R","M","T","R","?","?","R","E","R","BOSS","BOSS"],"items_purchased_type":["Card","Card","Card"],"build_version":"2020-12-22","purchased_purges":2,"victory":true,"max_hp_per_floor":[75,80,80,80,80,80,80,80,80,80,80,80,80,80,80,80,80,83,83,86,86,86,90,90,90,90,94,94,98,98,102,102,106,106,110,110,114,114,114,114,114,114,114,114,108,108,108,108,108,112,112],"relic_stats":{"Centennial Puzzle":[30],"Happy Flower":[10],"counters":[25,146],"Sundial":[26],"Snecko Eye":[279,280,298,295],"Magic Flower":[26],"MealTicket":0,"Juzu Bracelet":2,"Bag of Preparation":[24],"Kunai":[35],"Cursed Key":2,"obtain_stats":[{"Happy Flower":43,"Magic Flower":37,"Juzu Bracelet":8,"Bag of Preparation":23,"Frozen Egg 2":27,"Cursed Key":17,"Burning Blood":0,"Akabeko":43,"SlaversCollar":34,"Centennial Puzzle":19,"Anchor":26,"Matryoshka":40,"Sundial":9,"MutagenicStrength":21,"Snecko Eye":0,"MealTicket":48,"Kunai":6,"Toxic Egg 2":4},{"Happy Flower":22,"Magic Flower":20,"Juzu Bracelet":5,"Bag of Preparation":13,"Frozen Egg 2":14,"Cursed Key":10,"Burning Blood":0,"Akabeko":22,"SlaversCollar":17,"Centennial Puzzle":11,"Anchor":13,"Matryoshka":21,"Sundial":5,"MutagenicStrength":12,"Snecko Eye":0,"MealTicket":23,"Kunai":4,"Toxic Egg 2":2},{"Happy Flower":114,"Magic Flower":104,"Juzu Bracelet":24,"Bag of Preparation":56,"Frozen Egg 2":60,"Cursed Key":43,"Burning Blood":0,"Akabeko":114,"SlaversCollar":84,"Centennial Puzzle":47,"Anchor":56,"Matryoshka":109,"Sundial":24,"MutagenicStrength":51,"Snecko Eye":0,"MealTicket":119,"Kunai":18,"Toxic Egg 2":7}]},"card_choices":[{"not_picked":["Fire Breathing","Rage"],"picked":"Clothesline","floor":1},{"not_picked":["Thunderclap","Blood for Blood"],"picked":"Inflame","floor":3},{"not_picked":["Cleave","Sword Boomerang"],"picked":"Impervious+1","floor":5},{"not_picked":["Perfected Strike","Thunderclap"],"picked":"Uppercut","floor":6},{"not_picked":["Heavy Blade","Pommel Strike"],"picked":"Clothesline","floor":8},{"not_picked":["Body Slam","Clash"],"picked":"Corruption","floor":10},{"not_picked":["Pommel Strike","Warcry+1"],"picked":"Dual Wield+1","floor":11},{"not_picked":["Combust","Twin Strike"],"picked":"Dropkick","floor":13},{"not_picked":["Warcry+1","Whirlwind"],"picked":"Battle Trance+1","floor":14},{"not_picked":["Brutality","Fiend Fire"],"picked":"Feed","floor":16},{"not_picked":["Searing Blow","Body Slam","Headbutt"],"picked":"SKIP","floor":18},{"not_picked":["Twin Strike","Thunderclap"],"picked":"True Grit+1","floor":20},{"not_picked":["Battle Trance+1","Cleave"],"picked":"True Grit+1","floor":23},{"not_picked":["Whirlwind","Searing Blow"],"picked":"Disarm+1","floor":27},{"not_picked":["Clash","Carnage"],"picked":"Shrug It Off+1","floor":29},{"not_picked":["Pummel","Armaments+1","Havoc+1"],"picked":"SKIP","floor":31},{"not_picked":["Immolate","Reaper"],"picked":"Limit Break+1","floor":33},{"not_picked":["Sword Boomerang","Perfected Strike"],"picked":"Shrug It Off+1","floor":35},{"not_picked":["Iron Wave","Flex+1","Twin Strike"],"picked":"SKIP","floor":36},{"not_picked":["Fire Breathing+1","Exhume+1","Corruption+1"],"picked":"SKIP","floor":40},{"not_picked":["Second Wind+1","Clash"],"picked":"Dual Wield+1","floor":42},{"not_picked":["Cleave+1","Havoc+1","Headbutt+1"],"picked":"SKIP","floor":48}],"player_experience":511308,"relics_obtained":[{"floor":6,"key":"Kunai"},{"floor":8,"key":"Juzu Bracelet"},{"floor":9,"key":"Sundial"},{"floor":23,"key":"Bag of Preparation"},{"floor":26,"key":"Anchor"},{"floor":27,"key":"Frozen Egg 2"},{"floor":37,"key":"Magic Flower"},{"floor":40,"key":"Matryoshka"},{"floor":43,"key":"Happy Flower"},{"floor":43,"key":"Akabeko"},{"floor":48,"key":"MealTicket"}],"event_choices":[{"damage_healed":0,"gold_gain":0,"player_choice":"Donut","damage_taken":0,"max_hp_gain":5,"max_hp_loss":0,"event_name":"Big Fish","floor":2,"gold_loss":0},{"damage_healed":0,"gold_gain":0,"player_choice":"Gave Potion","damage_taken":0,"relics_obtained":["Toxic Egg 2"],"max_hp_gain":0,"max_hp_loss":0,"event_name":"WeMeetAgain","floor":4,"gold_loss":0},{"damage_healed":0,"gold_gain":0,"player_choice":"Obtained Relic","damage_taken":0,"relics_obtained":["Centennial Puzzle"],"max_hp_gain":0,"max_hp_loss":0,"event_name":"Addict","floor":19,"gold_loss":85},{"damage_healed":0,"gold_gain":0,"player_choice":"Inject Mutagens","damage_taken":0,"relics_obtained":["MutagenicStrength"],"max_hp_gain":0,"max_hp_loss":0,"event_name":"Drug Dealer","floor":21,"gold_loss":0},{"damage_healed":0,"gold_gain":0,"player_choice":"Ignored","damage_taken":0,"max_hp_gain":0,"max_hp_loss":0,"event_name":"Ghosts","floor":25,"gold_loss":0},{"damage_healed":0,"gold_gain":0,"player_choice":"Fight","damage_taken":0,"max_hp_gain":0,"max_hp_loss":0,"event_name":"Mysterious Sphere","floor":37,"gold_loss":0},{"damage_healed":0,"gold_gain":0,"player_choice":"Got Potions","damage_taken":0,"max_hp_gain":0,"max_hp_loss":0,"event_name":"Lab","floor":38,"gold_loss":0},{"damage_healed":0,"gold_gain":0,"player_choice":"Max HP","damage_taken":0,"max_hp_gain":0,"max_hp_loss":6,"event_name":"Winding Halls","floor":45,"gold_loss":0},{"cards_removed":["Defend_R"],"damage_healed":0,"gold_gain":0,"player_choice":"Removed Skill","damage_taken":0,"max_hp_gain":0,"max_hp_loss":0,"event_name":"Falling","floor":46,"gold_loss":0}],"is_beta":false,"boss_relics":[{"not_picked":["Empty Cage","Black Star"],"picked":"Cursed Key"},{"not_picked":["Astrolabe","Tiny House"],"picked":"SlaversCollar"}],"items_purged_floors":[22,39],"is_endless":false,"potions_floor_spawned":[1,3,6,8,14,16,27,29,31,33,36,42,48],"ascension_level":20}}