{"host":"l84l8xigz5v5foa2","time":1611644351,"event":{"mods":["2.2 Compatiblity","AchievementEnabler","BaseMod","Better Note","Better Vampires","Card Filter","Colored Map","DeckTracker","Downfall","Gremlin Skip","Highlight Path","Keyboard Shortcuts","Minty Spire (QoL Compilation)","Permanent Neow","Quick Restart","Relic Filter","Relic Stats","StSLib","SuperFastMode","Transform Curses","Unknown Chances"],"gold_per_floor":[349,365,376,35,55,80,80,80,99,9,9,42,55,155,173,173,173,173],"floor_reached":16,"language":"ENG","playtime":652,"items_purged":[],"score":224,"play_id":"110f2618-b07e-4c24-826c-9d31d1a645da","local_time":"20210126155911","is_ascension_mode":true,"campfire_choices":[{"data":"hexamod:Float","floor":1.0,"key":"SMITH"},{"data":"hexamod:InspiringFlames","floor":8,"key":"SMITH"}],"circlet_count":0,"master_deck":["AscendersBane","hexamod:Strike","hexamod:Strike","hexamod:Strike","hexamod:Strike","hexamod:Defend","hexamod:Defend","hexamod:Defend","hexamod:Defend","hexamod:Sear","hexamod:Float+1","hexamod:SpectersWail","hexamod:InspiringFlames+1","hexamod:SwordOfDarkness","hexamod:GiftsFromTheDead","hexamod:NightmareGuise+1","hexamod:GhostShield+1","hexamod:PowerFromBeyond+1","Pain","hexamod:Hexaguard+1","hexamod:NecessarySacrifice+1","downfall:Icky","hexamod:AdvancingGuard+1"],"relics":["hexamod:SpiritBrand","Gambling Chip","Orichalcum","Toxic Egg 2","WarpedTongs","hexamod:CandleOfCauterizing"],"acts_visited":["Exordium"],"potions_floor_usage":[12],"damage_taken":[{"damage":0.0,"enemies":"Cultist","floor":2.0,"turns":3.0},{"damage":0.0,"enemies":"Small Slimes","floor":3.0,"turns":3.0},{"damage":0.0,"enemies":"downfall:FleeingMerchant","floor":4.0,"turns":4.0},{"damage":0.0,"enemies":"2 Louse","floor":5.0,"turns":3.0},{"damage":4,"enemies":"Gremlin Nob","floor":6,"turns":3},{"damage":0,"enemies":"2 Fungi Beasts","floor":9,"turns":3},{"damage":0,"enemies":"downfall:FleeingMerchant","floor":10,"turns":4},{"damage":9,"enemies":"3 Sentries","floor":12,"turns":10},{"damage":2,"enemies":"Lots of Slimes","floor":13,"turns":4},{"damage":10,"enemies":"Large Slime","floor":15,"turns":3},{"damage":43,"enemies":"IC_STATUS_ARCHETYPE","floor":16,"turns":8}],"seed_played":"-2597905391119509513","potions_obtained":[{"floor":3.0,"key":"Block Potion"},{"floor":6,"key":"SpeedPotion"}],"is_trial":false,"path_per_floor":["R","M","M","$","M","E","T","R","M","$","?","E","M","?","M","B"],"character_chosen":"THE_SPIRIT","items_purchased":["Gambling Chip","hexamod:PowerFromBeyond+1"],"campfire_rested":0,"item_purchase_floors":[4,10],"current_hp_per_floor":[57,57,57,57,57,53,53,53,53,53,53,44,42,42,32,0,0,0],"gold":173,"neow_bonus":"TWO_FIFTY_GOLD","is_daily":false,"chose_seed":false,"campfire_upgraded":2,"win_rate":0.0,"timestamp":1611644351,"path_taken":["R","M","M","$","M","E","T","R","M","$","?","E","?","?","M","BOSS"],"items_purchased_type":["Relic","Card"],"build_version":"2020-12-22","purchased_purges":0,"victory":false,"max_hp_per_floor":[57,57,57,57,57,57,57,57,57,57,57,57,57,57,57,57,57,57],"relic_stats":{"counters":[11,48],"Gambling Chip":[25],"Orichalcum":[30],"obtain_stats":[{"hexamod:CandleOfCauterizing":12,"Gambling Chip":4,"Orichalcum":6,"Toxic Egg 2":7,"hexamod:SpiritBrand":0,"WarpedTongs":11},{"hexamod:CandleOfCauterizing":8,"Gambling Chip":3,"Orichalcum":5,"Toxic Egg 2":5,"hexamod:SpiritBrand":0,"WarpedTongs":7},{"hexamod:CandleOfCauterizing":33,"Gambling Chip":10,"Orichalcum":16,"Toxic Egg 2":16,"hexamod:SpiritBrand":0,"WarpedTongs":23}],"WarpedTongs":[20]},"card_choices":[{"not_picked":["hexamod:BurningTouch","hexamod:EtherealExpedition","hexamod:AdvancingGuard"],"picked":"SKIP","floor":2.0},{"not_picked":["hexamod:NightmareStrike","hexamod:BacktrackSmack"],"picked":"hexamod:SpectersWail","floor":3.0},{"not_picked":["hexamod:GhostLash","hexamod:GhostShield"],"picked":"hexamod:InspiringFlames","floor":4.0},{"not_picked":["hexamod:InspiringFlames","hexamod:GhostflameBarrier"],"picked":"hexamod:SwordOfDarkness","floor":5.0},{"not_picked":["hexamod:RecurringNightmare","hexamod:Incineration"],"picked":"hexamod:GiftsFromTheDead","floor":6},{"not_picked":["hexamod:SuperheatedStrike","hexamod:RainOfEmbers"],"picked":"hexamod:NightmareGuise+1","floor":9},{"not_picked":["hexamod:SuperheatedStrike","hexamod:HauntingEcho"],"picked":"hexamod:GhostShield+1","floor":10},{"not_picked":["hexamod:HeatMetal","hexamod:SuperheatedStrike"],"picked":"hexamod:Hexaguard+1","floor":12},{"not_picked":["hexamod:HeatCrush","hexamod:Again+1"],"picked":"hexamod:NecessarySacrifice+1","floor":13},{"not_picked":["hexamod:HeatCrush","hexamod:EmpoweredFlame"],"picked":"hexamod:AdvancingGuard+1","floor":15}],"player_experience":3415467,"relics_obtained":[{"floor":6,"key":"Orichalcum"},{"floor":7,"key":"Toxic Egg 2"},{"floor":12,"key":"hexamod:CandleOfCauterizing"}],"event_choices":[{"damage_healed":0,"gold_gain":0,"player_choice":"Rummage","damage_taken":0,"relics_obtained":["WarpedTongs"],"max_hp_gain":0,"max_hp_loss":0,"event_name":"Accursed Blacksmith","floor":11,"gold_loss":0,"cards_obtained":["Pain"]}],"is_beta":false,"boss_relics":[],"items_purged_floors":[],"is_endless":false,"potions_floor_spawned":[3,6],"killed_by":"IC_STATUS_ARCHETYPE","ascension_level":20}}