{"host":"0wyb53dmxrug75t7","time":1611681127,"event":{"mods":["BaseMod","Colored Powertips","Hubris","Minty Spire (QoL Compilation)","Quick Restart","Shop Mod","StSLib","The Animator"],"gold_per_floor":[131,206,225,73,105,105,105,105,105,36,61,93,105,122,122,217,217,227,227,227,244,130,162,162,162,162,162,162],"floor_reached":27,"language":"ENG","playtime":3007,"items_purged":[],"score":254,"play_id":"472f9f79-79c0-42ec-8be7-c69045397e2b","local_time":"20210126111207","is_ascension_mode":true,"campfire_choices":[{"data":"animator:Kuribayashi","floor":6.0,"key":"SMITH"},{"floor":8.0,"key":"REST"},{"floor":15.0,"key":"REST"},{"floor":24.0,"key":"REST"}],"circlet_count":0,"master_deck":["animator:Strike_GATE","animator:Defend_GATE","animator:Strike","animator:Strike","animator:Strike","animator:Defend","animator:Defend","animator:TukaLunaMarceau","animator:Kuribayashi+1","animator:Emonzaemon","animator:OrikoMikuni","Pain","animator:Shichika","animator:YaoHaDucy","animator:HomuraAkemi","animator:Cocytus","animator:Hitei","animator:Ainz","animator:PandorasActor","animator:RoryMercury","animator:Aqua"],"relics":["animator:LivingPicture","animator:TheMissingPiece","NeowsBlessing","MerchantsRug","WarpedTongs","Meat on the Bone","animator:WornHelmet","SlaversCollar","hubris:Towel","animator:HallowedScabbard","Sundial"],"acts_visited":["Exordium","TheCity"],"potions_floor_usage":[27],"damage_taken":[{"damage":0.0,"enemies":"2 Louse","floor":1.0,"turns":1.0},{"damage":0.0,"enemies":"Small Slimes","floor":3.0,"turns":1.0},{"damage":0.0,"enemies":"Cultist","floor":5.0,"turns":1.0},{"damage":12.0,"enemies":"2 Fungi Beasts","floor":11.0,"turns":4.0},{"damage":45.0,"enemies":"Lagavulin","floor":12.0,"turns":8.0},{"damage":15.0,"enemies":"Exordium Wildlife","floor":13.0,"turns":5.0},{"damage":3.0,"enemies":"Blue Slaver","floor":14.0,"turns":3.0},{"damage":35.0,"enemies":"Slime Boss","floor":16.0,"turns":9.0},{"damage":25.0,"enemies":"Shell Parasite","floor":18.0,"turns":8.0},{"damage":6.0,"enemies":"Chosen","floor":21.0,"turns":5.0},{"damage":30.0,"enemies":"Book of Stabbing","floor":23.0,"turns":6.0},{"damage":39,"enemies":"Shelled Parasite and Fungi","floor":27,"turns":7}],"seed_played":"1695150619160688059","potions_obtained":[{"floor":11.0,"key":"PowerPotion"},{"floor":13.0,"key":"PowerPotion"},{"floor":14.0,"key":"BlessingOfTheForge"},{"floor":16.0,"key":"EntropicBrew"}],"is_trial":false,"path_per_floor":["M","?","M","$","M","R","?","R","T","$","M","E","M","M","R","B",null,"M","?","T","M","$","E","R","?","T","M"],"character_chosen":"THE_ANIMATOR","items_purchased":["MerchantsRug","animator:Shichika","animator:RoryMercury","animator:Aqua"],"campfire_rested":3,"item_purchase_floors":[4,10,22,22],"current_hp_per_floor":[66,55,55,55,55,55,55,66,66,66,54,22,19,29,49,26,68,43,43,43,37,37,21,41,41,41,13,13],"gold":162,"neow_bonus":"THREE_ENEMY_KILL","is_daily":false,"chose_seed":false,"campfire_upgraded":1,"win_rate":0.0,"timestamp":1611681127,"path_taken":["M","?","M","$","M","R","?","R","T","$","?","E","M","M","R","BOSS","M","?","?","M","$","E","R","?","T","M"],"items_purchased_type":["Relic","Card","Card","Card"],"build_version":"2020-12-22","purchased_purges":0,"victory":false,"max_hp_per_floor":[66,66,66,66,66,66,66,66,66,66,66,67,67,68,68,68,68,68,68,68,68,68,68,68,68,68,68,68],"card_choices":[{"not_picked":["animator:Mikaela","animator:Evileye"],"picked":"animator:Emonzaemon","floor":1.0},{"not_picked":["animator:Shigure","animator:Kazuma","animator:Azekura"],"picked":"SKIP","floor":3.0},{"not_picked":["animator:Priestess","animator:Mitsuba"],"picked":"animator:OrikoMikuni","floor":5.0},{"not_picked":["animator:Kuribayashi","animator:TukaLunaMarceau"],"picked":"animator:YaoHaDucy","floor":11.0},{"not_picked":["animator:Hitei","animator:Vanir"],"picked":"animator:HomuraAkemi","floor":12.0},{"not_picked":["animator:Entoma","animator:ZankiKiguchi"],"picked":"animator:Cocytus","floor":13.0},{"not_picked":["animator:Shinoa","animator:LeleiLaLalena"],"picked":"animator:Hitei","floor":14.0},{"not_picked":["animator:Hans","animator:GoblinSlayer"],"picked":"animator:Ainz","floor":16.0},{"not_picked":["animator:Entoma","animator:NarberalGamma"],"picked":"animator:PandorasActor","floor":18.0},{"not_picked":["animator:PandorasActor","animator:Verdia","animator:ZankiKiguchi+1"],"picked":"SKIP","floor":21.0},{"not_picked":["animator:NarberalGamma","animator:Emonzaemon+1","animator:Shigure+1"],"picked":"SKIP","floor":23.0}],"player_experience":314738,"relics_obtained":[{"floor":9.0,"key":"Meat on the Bone"},{"floor":12.0,"key":"animator:WornHelmet"},{"floor":23.0,"key":"animator:HallowedScabbard"},{"floor":26.0,"key":"Sundial"}],"event_choices":[{"damage_healed":0.0,"max_hp_gain":0.0,"max_hp_loss":0.0,"gold_gain":75.0,"event_name":"World of Goop","player_choice":"Gather Gold","floor":2.0,"gold_loss":0.0,"damage_taken":11.0},{"damage_healed":0.0,"max_hp_gain":0.0,"max_hp_loss":0.0,"gold_gain":0.0,"event_name":"Accursed Blacksmith","player_choice":"Rummage","floor":7.0,"gold_loss":0.0,"damage_taken":0.0,"relics_obtained":["WarpedTongs"],"cards_obtained":["Pain"]},{"cards_removed":["animator:Defend"],"damage_healed":0.0,"max_hp_gain":0.0,"max_hp_loss":0.0,"gold_gain":0.0,"event_name":"Purifier","player_choice":"Purged","floor":25.0,"gold_loss":0.0,"damage_taken":0.0}],"is_beta":false,"boss_relics":[{"not_picked":["Coffee Dripper","hubris:TerracottaHorce"],"picked":"SlaversCollar"}],"items_purged_floors":[],"is_endless":false,"potions_floor_spawned":[11,13,14,16],"killed_by":"Shelled Parasite and Fungi","ascension_level":2}}