{"host":"aqym1xxr3lb31d9m","time":1611690188,"event":{"mods":["BaseMod","Block Reminder","Colored Map","Colored Powertips","DeckTracker","Highlight Path","Minty Spire (QoL Compilation)","Quick Restart","Random Character Button","StSLib","SuperFastMode","UnlockEverythingMod"],"gold_per_floor":[119,91,166,166,191,191,232,232,232,256,256,256,290,240,240,335,335,354,354,354,8,24,24,40,40,89,11,45,45,63,93,93,171,171,184,184,184],"floor_reached":36,"language":"JPN","playtime":1241,"items_purged":["Strike_B","Defend_B","Defend_B"],"score":862,"play_id":"2acc9387-a390-4332-9bc2-1fc3922eac80","local_time":"20210127044308","is_ascension_mode":true,"campfire_choices":[{"data":"Beam Cell","floor":6.0,"key":"SMITH"},{"data":"Rip and Tear","floor":8.0,"key":"SMITH"},{"data":"Zap","floor":11.0,"key":"SMITH"},{"data":"Sunder","floor":15.0,"key":"SMITH"},{"data":"Dualcast","floor":23.0,"key":"SMITH"},{"data":"Coolheaded","floor":25.0,"key":"SMITH"},{"data":"Echo Form","floor":29.0,"key":"SMITH"},{"floor":32.0,"key":"REST"}],"circlet_count":0,"master_deck":["AscendersBane","Defend_B","Defend_B","Zap+1","Dualcast+1","Beam Cell+1","Sweeping Beam","Rip and Tear+1","BootSequence","Compile Driver","Sunder+1","All For One","Echo Form+1","Beam Cell+1","FTL","Coolheaded+1","Impatience","Steam","Turbo","Redo","All For One","Machine Learning","Force Field"],"relics":["Cracked Core","NeowsBlessing","Bloody Idol","Torii","Smiling Mask","Potion Belt","Empty Cage","Pen Nib","Regal Pillow","Juzu Bracelet","PreservedInsect","Coffee Dripper"],"acts_visited":["Exordium","TheCity","TheBeyond"],"potions_floor_usage":[36],"damage_taken":[{"damage":0.0,"enemies":"2 Louse","floor":1.0,"turns":1.0},{"damage":0.0,"enemies":"Jaw Worm","floor":5.0,"turns":1.0},{"damage":0.0,"enemies":"Lagavulin","floor":7.0,"turns":1.0},{"damage":1.0,"enemies":"Small Slimes","floor":10.0,"turns":3.0},{"damage":22.0,"enemies":"3 Sentries","floor":13.0,"turns":5.0},{"damage":20.0,"enemies":"Hexaghost","floor":16.0,"turns":6.0},{"damage":13.0,"enemies":"2 Thieves","floor":18.0,"turns":3.0},{"damage":17.0,"enemies":"Spheric Guardian","floor":22.0,"turns":4.0},{"damage":15.0,"enemies":"Chosen and Byrds","floor":24.0,"turns":5.0},{"damage":1.0,"enemies":"Gremlin Leader","floor":28.0,"turns":4.0},{"damage":1.0,"enemies":"Centurion and Healer","floor":30.0,"turns":3.0},{"damage":22.0,"enemies":"Book of Stabbing","floor":31.0,"turns":3.0},{"damage":72.0,"enemies":"Automaton","floor":33.0,"turns":7.0},{"damage":0,"enemies":"3 Shapes","floor":35,"turns":7},{"damage":76,"enemies":"2 Orb Walkers","floor":36,"turns":4}],"seed_played":"5767709930573457633","potions_obtained":[{"floor":7.0,"key":"FairyPotion"},{"floor":13.0,"key":"DuplicationPotion"},{"floor":16.0,"key":"DuplicationPotion"},{"floor":18.0,"key":"SpeedPotion"},{"floor":28.0,"key":"SpeedPotion"},{"floor":33.0,"key":"PowerPotion"}],"is_trial":false,"path_per_floor":["M","$","?","?","M","R","E","R","T","M","R","?","E","$","R","B",null,"M","?","?","$","M","R","M","R","T","$","E","R","M","E","R","B",null,"M","?"],"character_chosen":"DEFECT","items_purchased":["Sweeping Beam","Pen Nib","Coolheaded","Impatience","Steam"],"campfire_rested":1,"item_purchase_floors":[2,21,21,21,27],"current_hp_per_floor":[64,64,53,53,53,53,53,53,53,52,52,52,30,30,30,10,51,38,38,38,38,26,26,16,16,21,21,25,25,29,12,46,24,54,59,0,0],"gold":184,"neow_bonus":"THREE_ENEMY_KILL","is_daily":false,"chose_seed":false,"campfire_upgraded":7,"win_rate":0.0,"timestamp":1611690188,"path_taken":["M","$","?","?","?","R","E","R","T","M","R","?","E","$","R","BOSS","M","?","?","$","?","R","M","R","T","$","E","R","M","E","R","BOSS","M","?"],"items_purchased_type":["Card","Relic","Card","Card","Card"],"build_version":"2020-12-22","purchased_purges":3,"victory":false,"max_hp_per_floor":[71,71,71,64,64,64,64,64,64,64,64,64,64,64,64,64,64,64,64,64,64,64,64,64,64,64,64,64,64,64,64,64,64,64,64,64,64],"card_choices":[{"not_picked":["Rebound","Leap"],"picked":"Beam Cell","floor":1.0},{"not_picked":["Recycle","Coolheaded"],"picked":"Rip and Tear","floor":5.0},{"not_picked":["Rebound","Aggregate"],"picked":"BootSequence","floor":7.0},{"not_picked":["Sweeping Beam","Barrage"],"picked":"Compile Driver","floor":10.0},{"not_picked":["Compile Driver","Fission"],"picked":"All For One","floor":13.0},{"not_picked":["Fission","Reboot"],"picked":"Echo Form","floor":16.0},{"not_picked":["Barrage","Loop"],"picked":"Beam Cell+1","floor":18.0},{"not_picked":["Coolheaded","Lockon","Streamline"],"picked":"SKIP","floor":22.0},{"not_picked":["Tempest","Static Discharge","Sweeping Beam"],"picked":"SKIP","floor":24.0},{"not_picked":["Stack","Chaos"],"picked":"Turbo","floor":28.0},{"not_picked":["Sweeping Beam","Conserve Battery"],"picked":"Redo","floor":30.0},{"not_picked":["Turbo","Barrage"],"picked":"All For One","floor":31.0},{"not_picked":["Amplify","Hyperbeam"],"picked":"Machine Learning","floor":33.0},{"not_picked":["Streamline","Lockon+1"],"picked":"Force Field","floor":35}],"player_experience":4096324,"relics_obtained":[{"floor":7.0,"key":"Torii"},{"floor":9.0,"key":"Smiling Mask"},{"floor":13.0,"key":"Potion Belt"},{"floor":26.0,"key":"Regal Pillow"},{"floor":28.0,"key":"Juzu Bracelet"},{"floor":31.0,"key":"PreservedInsect"}],"event_choices":[{"damage_healed":0.0,"max_hp_gain":0.0,"max_hp_loss":0.0,"gold_gain":75.0,"event_name":"World of Goop","player_choice":"Gather Gold","floor":3.0,"gold_loss":0.0,"damage_taken":11.0},{"damage_healed":0.0,"max_hp_gain":0.0,"max_hp_loss":7.0,"gold_gain":0.0,"event_name":"Golden Idol","player_choice":"Lose Max HP","floor":4.0,"gold_loss":0.0,"damage_taken":0.0,"relics_obtained":["Golden Idol"]},{"damage_healed":0.0,"max_hp_gain":0.0,"max_hp_loss":0.0,"gold_gain":0.0,"cards_transformed":["Strike_B"],"event_name":"Transmorgrifier","player_choice":"Transformed","floor":12.0,"gold_loss":0.0,"damage_taken":0.0,"cards_obtained":["Sunder"]},{"damage_healed":0.0,"max_hp_gain":0.0,"max_hp_loss":0.0,"gold_gain":0.0,"event_name":"The Library","player_choice":"Read","floor":19.0,"gold_loss":0.0,"damage_taken":0.0,"cards_obtained":["FTL"]},{"damage_healed":0.0,"max_hp_gain":0.0,"max_hp_loss":0.0,"gold_gain":0.0,"event_name":"Forgotten Altar","player_choice":"Gave Idol","floor":20.0,"relics_lost":["Golden Idol"],"gold_loss":0.0,"damage_taken":0.0,"relics_obtained":["Bloody Idol"]},{"damage_healed":0,"gold_gain":0,"player_choice":"Fight","damage_taken":0,"max_hp_gain":0,"max_hp_loss":0,"event_name":"Mysterious Sphere","floor":36,"gold_loss":0}],"is_beta":false,"boss_relics":[{"not_picked":["Busted Crown","Tiny House"],"picked":"Empty Cage"},{"not_picked":["SacredBark","Pandora\u0027s Box"],"picked":"Coffee Dripper"}],"items_purged_floors":[14,21,27],"is_endless":false,"potions_floor_spawned":[7,13,16,18,28,30,31,33],"killed_by":"2 Orb Walkers","ascension_level":20}}