{"host":"qxeepl7ydvsgmfdb","time":1611671594,"event":{"mods":["AchievementEnabler","BaseMod","Colored Powertips","Minty Spire (QoL Compilation)","Quick Restart","slay the spire mod where everything is the same but ironclad has a cowboy hat"],"gold_per_floor":[116,116,127,127,52,87,87,97,122,122,152,327,30,40,40,141,141,160,160,179,4,22,22,38,38,117,147,0,0,30,48,48,48,48],"floor_reached":33,"language":"ENG","playtime":1026,"items_purged":["Regret"],"score":518,"play_id":"7315b5b6-5b73-4850-8be5-d99d7c914e21","local_time":"20210126093314","is_ascension_mode":true,"campfire_choices":[{"data":"Deadly Poison","floor":7.0,"key":"SMITH"},{"floor":15.0,"key":"REST"},{"floor":23.0,"key":"REST"},{"floor":25.0,"key":"REST"},{"floor":32.0,"key":"REST"}],"circlet_count":0,"master_deck":["AscendersBane","Strike_G","Strike_G","Defend_G","Defend_G","Defend_G","Defend_G","Survivor","Neutralize","Deadly Poison+1","Cloak And Dagger","Dagger Spray","Blade Dance","Deadly Poison","Noxious Fumes","Dagger Spray","Malaise+1","Quick Slash+1","Prepared+1","Blade Dance","Poisoned Stab","Distraction","Deflect","Poisoned Stab"],"relics":["Ring of the Snake","NeowsBlessing","Nunchaku","Sundial","Blood Vial","Pocketwatch","PreservedInsect","Anchor","Astrolabe","Pear","Oddly Smooth Stone","Vajra","Strawberry"],"acts_visited":["Exordium","TheCity"],"potions_floor_usage":[33],"damage_taken":[{"damage":0.0,"enemies":"Jaw Worm","floor":1.0,"turns":1.0},{"damage":0.0,"enemies":"Small Slimes","floor":3.0,"turns":1.0},{"damage":0.0,"enemies":"Lagavulin","floor":6.0,"turns":1.0},{"damage":0.0,"enemies":"2 Louse","floor":8.0,"turns":2.0},{"damage":43.0,"enemies":"Gremlin Nob","floor":11.0,"turns":5.0},{"damage":2.0,"enemies":"Exordium Wildlife","floor":14.0,"turns":5.0},{"damage":16.0,"enemies":"The Guardian","floor":16.0,"turns":9.0},{"damage":0.0,"enemies":"Chosen","floor":18.0,"turns":4.0},{"damage":2.0,"enemies":"2 Thieves","floor":20.0,"turns":4.0},{"damage":26.0,"enemies":"Chosen and Byrds","floor":22.0,"turns":6.0},{"damage":28.0,"enemies":"Snake Plant","floor":24.0,"turns":5.0},{"damage":16.0,"enemies":"Slavers","floor":27.0,"turns":4.0},{"damage":18.0,"enemies":"Gremlin Leader","floor":30.0,"turns":5.0},{"damage":18.0,"enemies":"Snecko","floor":31.0,"turns":5.0},{"damage":71,"enemies":"Automaton","floor":33,"turns":6}],"seed_played":"-7946499169740716010","potions_obtained":[{"floor":6.0,"key":"SkillPotion"},{"floor":14.0,"key":"Fire Potion"},{"floor":18.0,"key":"Fire Potion"},{"floor":20.0,"key":"SpeedPotion"},{"floor":24.0,"key":"SmokeBomb"}],"is_trial":false,"path_per_floor":["M","?","M","?","$","E","R","M","T","?","E","?","$","M","R","B",null,"M","?","M","$","M","R","M","R","T","E","$","?","E","M","R","B"],"character_chosen":"THE_SILENT","items_purchased":["Dagger Spray","SteroidPotion","Anchor","Noxious Fumes","Fruit Juice","Distraction","Vajra"],"campfire_rested":4,"item_purchase_floors":[5,5,13,13,21,21,28],"current_hp_per_floor":[63,56,56,53,53,53,53,53,53,53,12,12,12,12,33,19,57,59,59,59,64,40,62,36,58,68,54,54,54,45,29,56,0,0],"gold":48,"neow_bonus":"THREE_ENEMY_KILL","is_daily":false,"chose_seed":false,"campfire_upgraded":1,"win_rate":0.0,"timestamp":1611671594,"path_taken":["M","?","M","?","$","E","R","?","T","?","E","?","?","M","R","BOSS","M","?","M","?","?","R","M","R","T","E","$","?","E","M","R","BOSS"],"items_purchased_type":["Card","Potion","Relic","Card","Potion","Card","Relic"],"build_version":"2020-12-22","purchased_purges":1,"victory":false,"max_hp_per_floor":[70,70,70,70,70,70,70,70,70,70,70,70,70,70,70,70,70,70,70,70,75,75,75,75,75,85,85,85,85,92,92,92,92,92],"card_choices":[{"not_picked":["Prepared","Underhanded Strike"],"picked":"Deadly Poison","floor":1.0},{"not_picked":["Slice","Deadly Poison"],"picked":"Cloak And Dagger","floor":3.0},{"not_picked":["Grand Finale","Underhanded Strike","Heel Hook"],"picked":"SKIP","floor":6.0},{"not_picked":["All Out Attack","Bouncing Flask"],"picked":"Blade Dance","floor":8.0},{"not_picked":["Prepared","Footwork"],"picked":"Deadly Poison","floor":11.0},{"not_picked":["Dagger Throw","Leg Sweep"],"picked":"Dagger Spray","floor":14.0},{"not_picked":["Dash+1","PiercingWail"],"picked":"Blade Dance","floor":18.0},{"not_picked":["Deflect+1","All Out Attack"],"picked":"Poisoned Stab","floor":20.0},{"not_picked":["Deadly Poison","Expertise+1"],"picked":"Deflect","floor":22.0},{"not_picked":["Deadly Poison","Dodge and Roll"],"picked":"Poisoned Stab","floor":24.0},{"not_picked":["Noxious Fumes","Flechettes","Leg Sweep"],"picked":"SKIP","floor":27.0},{"not_picked":["Underhanded Strike","Bane","Quick Slash+1"],"picked":"SKIP","floor":30.0},{"not_picked":["PiercingWail","Deadly Poison+1","Concentrate+1"],"picked":"SKIP","floor":31.0}],"player_experience":220696,"relics_obtained":[{"floor":6.0,"key":"Sundial"},{"floor":9.0,"key":"Blood Vial"},{"floor":11.0,"key":"PreservedInsect"},{"floor":26.0,"key":"Pear"},{"floor":27.0,"key":"Oddly Smooth Stone"},{"floor":30.0,"key":"Strawberry"}],"event_choices":[{"cards_removed":["Strike_G"],"damage_healed":0.0,"max_hp_gain":0.0,"max_hp_loss":0.0,"gold_gain":0.0,"event_name":"Golden Wing","player_choice":"Card Removal","floor":2.0,"gold_loss":0.0,"damage_taken":7.0},{"damage_healed":0.0,"max_hp_gain":0.0,"max_hp_loss":0.0,"gold_gain":0.0,"event_name":"Scrap Ooze","player_choice":"Success","floor":4.0,"gold_loss":0.0,"damage_taken":3.0,"relics_obtained":["Nunchaku"]},{"damage_healed":0.0,"max_hp_gain":0.0,"max_hp_loss":0.0,"gold_gain":0.0,"event_name":"Big Fish","player_choice":"Box","floor":10.0,"gold_loss":0.0,"damage_taken":0.0,"relics_obtained":["Pocketwatch"],"cards_obtained":["Regret"]},{"damage_healed":0.0,"max_hp_gain":0.0,"max_hp_loss":0.0,"gold_gain":175.0,"event_name":"Liars Game","player_choice":"AGREE","floor":12.0,"gold_loss":0.0,"damage_taken":0.0,"cards_obtained":["Doubt"]},{"cards_removed":["Doubt"],"damage_healed":0.0,"max_hp_gain":0.0,"max_hp_loss":0.0,"gold_gain":0.0,"event_name":"Fountain of Cleansing","player_choice":"Removed Curses","floor":19.0,"gold_loss":0.0,"damage_taken":0.0}],"is_beta":false,"boss_relics":[{"not_picked":["Ring of the Serpent","SlaversCollar"],"picked":"Astrolabe"}],"items_purged_floors":[13],"is_endless":false,"potions_floor_spawned":[6,14,18,20,24,31],"killed_by":"Automaton","ascension_level":11}}