{"host":"khoyd8a1tvki7k1f","time":1611681307,"event":{"mods":["AchievementEnabler","BaseMod","Colored Powertips","Curses Come First","Downfall","Googly Eyes","Hermit","Highlight Path","Minty Spire (QoL Compilation)","Quick Restart","Relic Sorter","Robot Space Explorer","Shop Mod","StSLib","Synergy Search","The Bug Knight","The Cursed","The Disciple","The Hierophant","The Marked","The Necromancer","The Poker Player","The Runesmith","slay the spire mod where everything is the same but ironclad has a cowboy hat"],"gold_per_floor":[114,124,124,138,138,138,171,171,171,171,196,216,145,70,70,173,173,187,17,31,42,42,83,95,142,154,186,198,241,253,290,302,409,421,452,1463,961,976,986,1013,1013,1013,1036,1036,1068,643,661,695,695,695],"floor_reached":51,"language":"ENG","playtime":3643,"items_purged":["Runesmith:Strike_RS","Runesmith:Strike_RS","Normality","Normality"],"score":1089,"play_id":"f8399d61-6b2f-4f11-ab32-e38f02bccca1","local_time":"20210126111507","is_ascension_mode":true,"campfire_choices":[{"data":"Runesmith:UnlimitedPower","floor":6,"key":"SMITH"},{"data":"Runesmith:CraftFirestone","floor":10,"key":"SMITH"},{"floor":15,"key":"REST"},{"data":"Runesmith:MetallurgicalResearch","floor":24,"key":"SMITH"},{"floor":30,"key":"REST"},{"floor":32,"key":"REST"},{"data":"Runesmith:RunicBlueprint","floor":42,"key":"SMITH"},{"data":"Runesmith:Permafrost","floor":44,"key":"SMITH"},{"data":"Runesmith:DuctTape","floor":49,"key":"SMITH"}],"circlet_count":0,"master_deck":["Runesmith:Strike_RS","Runesmith:Defend_RS","Runesmith:Defend_RS","Runesmith:Defend_RS","Runesmith:Defend_RS","Runesmith:CraftFirestone+1","Runesmith:Fortify","Runesmith:EarthShield","Runesmith:UnlimitedPower+1","Runesmith:CraftProtectio","Runesmith:RunicBlueprint+1","Runesmith:Permafrost+1","Runesmith:Terraform","Runesmith:CraftIndustria","Runesmith:RuneHurl","Runesmith:MetallurgicalResearch+1","Runesmith:CraftMagma+1","CurseOfTheBell","CurseOfTheBell","Doubt","Runesmith:Supernova","Runesmith:Terraform","Regret","Runesmith:FissionHammer","Runesmith:ChaoticBlast+1","Runesmith:RunicBlueprint+1","Pain","Runesmith:DuctTape+1"],"relics":["Runesmith:BrokenRuby","Bronze Scales","Ginger","InkBottle","Boot","Cursed Key","downfall:ExtraCursedBell","MawBank","Blue Candle","FossilizedHelix","Eternal Feather","HollowMod:StagPassRelic","Runesmith:EmergencyProvisions","Singing Bowl","SacredBark","Orichalcum","Happy Flower","Centennial Puzzle","Pantograph","Bottled Tornado","MerchantsRug","PreservedInsect"],"acts_visited":["Exordium","TheCity","TheBeyond"],"potions_floor_usage":[16,29,29,50],"damage_taken":[{"damage":2,"enemies":"Cultist","floor":1,"turns":4},{"damage":0,"enemies":"Jaw Worm","floor":2,"turns":5},{"damage":5,"enemies":"Small Slimes","floor":4,"turns":4},{"damage":4,"enemies":"HollowMod:MossKnight","floor":7,"turns":8},{"damage":16,"enemies":"Gremlin Nob","floor":11,"turns":5},{"damage":13,"enemies":"Exordium Thugs","floor":12,"turns":5},{"damage":10,"enemies":"The Guardian","floor":16,"turns":14},{"damage":0,"enemies":"3 Byrds","floor":18,"turns":2},{"damage":0,"enemies":"Spheric Guardian","floor":20,"turns":5},{"damage":7,"enemies":"Chosen and Byrds","floor":21,"turns":6},{"damage":6,"enemies":"Gremlin Leader","floor":23,"turns":8},{"damage":22,"enemies":"Slavers","floor":25,"turns":6},{"damage":33,"enemies":"3 Cultists","floor":27,"turns":7},{"damage":0,"enemies":"Book of Stabbing","floor":29,"turns":7},{"damage":25,"enemies":"Slavers","floor":31,"turns":7},{"damage":0,"enemies":"Champ","floor":33,"turns":19},{"damage":24,"enemies":"3 Darklings","floor":35,"turns":5},{"damage":8,"enemies":"3 Shapes","floor":38,"turns":4},{"damage":1,"enemies":"Maw","floor":39,"turns":8},{"damage":35,"enemies":"Nemesis","floor":40,"turns":5},{"damage":7,"enemies":"HollowMod:StalkingDevout","floor":45,"turns":8},{"damage":14,"enemies":"Jaw Worm Horde","floor":47,"turns":6},{"damage":0,"enemies":"Giant Head","floor":48,"turns":12},{"damage":14,"enemies":"Time Eater","floor":50,"turns":13}],"seed_played":"-4719028666201839868","potions_obtained":[{"floor":2,"key":"PowerPotion"},{"floor":11,"key":"Dexterity Potion"},{"floor":16,"key":"FearPotion"},{"floor":18,"key":"Dexterity Potion"},{"floor":29,"key":"DuplicationPotion"},{"floor":45,"key":"Strength Potion"},{"floor":47,"key":"FairyPotion"}],"is_trial":false,"path_per_floor":["M","M","?","M","?","R","E","?","T","R","E","M","$","$","R","B",null,"M","$","M","M","?","E","R","E","T","M","?","E","R","E","R","B",null,"M","?","$","M","M","E","?","R","T","R","E","$","M","E","R","B",null],"character_chosen":"RUNESMITH_CLASS","items_purchased":["Runesmith:Terraform","Runesmith:MetallurgicalResearch","Matryoshka","Orichalcum","Bottled Tornado","MerchantsRug","LiquidMemories","GamblersBrew"],"campfire_rested":3,"item_purchase_floors":[13,19,37,37,46,46,46,46],"current_hp_per_floor":[68,68,68,63,56,56,52,52,52,52,36,23,23,23,44,34,70,70,70,70,63,63,57,69,47,47,14,14,16,49,26,60,60,74,50,50,50,42,43,10,68,68,74,74,67,67,55,57,72,64],"gold":695,"neow_bonus":"RANDOM_COMMON_RELIC","is_daily":false,"chose_seed":false,"campfire_upgraded":6,"win_rate":0.0,"timestamp":1611681307,"path_taken":["M","M","?","M","?","R","E","?","T","R","E","?","?","$","R","BOSS","M","?","M","M","?","E","R","E","T","?","?","E","R","E","R","BOSS","M","?","$","M","M","E","?","R","T","R","E","$","M","E","R","BOSS"],"items_purchased_type":["Card","Card","Relic","Relic","Relic","Relic","Potion","Potion"],"build_version":"2020-12-22","purchased_purges":4,"victory":true,"max_hp_per_floor":[70,70,70,70,70,70,70,70,70,70,70,70,70,70,70,70,70,70,70,70,70,70,70,70,70,70,70,70,72,72,74,74,74,74,74,74,74,74,76,78,68,68,74,74,74,74,76,78,78,78],"card_choices":[{"not_picked":["Runesmith:CraftProtectio","Runesmith:UnstableHammer"],"picked":"Runesmith:EarthShield","floor":1},{"not_picked":["Runesmith:CraftProtectio","Runesmith:Refine"],"picked":"Runesmith:UnlimitedPower","floor":2},{"not_picked":["Runesmith:Overpower","Runesmith:GoWithTheFlow"],"picked":"Runesmith:CraftProtectio","floor":4},{"not_picked":["Runesmith:HammerTime","Runesmith:EarthShield","Runesmith:HeatedChisel"],"picked":"SKIP","floor":7},{"not_picked":["Runesmith:HammerThrow","Runesmith:CraftIndustria"],"picked":"Runesmith:RunicBlueprint","floor":11},{"not_picked":["Runesmith:NanitesCloud","Runesmith:Superposition"],"picked":"Runesmith:Permafrost","floor":12},{"not_picked":["Runesmith:UnlimitedPower","Runesmith:GrandSlam"],"picked":"Runesmith:CraftIndustria","floor":16},{"not_picked":["Runesmith:FrozenChisel","Runesmith:Terraform+1"],"picked":"Runesmith:RuneHurl","floor":18},{"not_picked":["Runesmith:HeatExchange+1","Runesmith:HeatedChisel+1"],"picked":"Runesmith:CraftMagma+1","floor":20},{"not_picked":["Runesmith:ChiselStab","Runesmith:Grindstone","Runesmith:HammerThrow"],"picked":"SKIP","floor":21},{"not_picked":["Runesmith:DuctTape","Runesmith:BackupBattery"],"picked":"Runesmith:Terraform","floor":23},{"not_picked":["Runesmith:Prism","Runesmith:PoweredAnvil","Runesmith:PerfectChisel+1"],"picked":"SKIP","floor":25},{"not_picked":["Runesmith:MakeshiftArmor","Runesmith:NanitesCloud","Runesmith:BackupBattery"],"picked":"SKIP","floor":27},{"not_picked":["Runesmith:FieryHammer","Runesmith:Electrocute","Runesmith:Grindstone"],"picked":"Singing Bowl","floor":29},{"not_picked":["Runesmith:StaticCage+1","Runesmith:Repurpose+1","Runesmith:BackupBattery"],"picked":"Singing Bowl","floor":31},{"not_picked":["Runesmith:ReplicatingBarrier","Runesmith:CraftMedicinae"],"picked":"Runesmith:FissionHammer","floor":33},{"not_picked":["Runesmith:Empowerment+1","Runesmith:Prism+1"],"picked":"Runesmith:ChaoticBlast+1","floor":35},{"not_picked":["Runesmith:MakeshiftArmor+1","Runesmith:BackupBattery"],"picked":"Runesmith:RunicBlueprint+1","floor":38},{"not_picked":["Runesmith:Refine","Runesmith:Overpower+1","Runesmith:HeatedChisel"],"picked":"Singing Bowl","floor":39},{"not_picked":["Runesmith:Repurpose+1","Runesmith:CraftProtectio","Runesmith:PoweredAnvil"],"picked":"Singing Bowl","floor":40},{"not_picked":["Runesmith:Empowerment","Runesmith:ChiselStab+1"],"picked":"Runesmith:DuctTape","floor":45},{"not_picked":["Runesmith:ShiftingStrike","Runesmith:Repurpose","Runesmith:UnstableHammer"],"picked":"Singing Bowl","floor":47},{"not_picked":["Runesmith:Empowerment+1","Runesmith:DuctTape","Runesmith:CraftMagma"],"picked":"Singing Bowl","floor":48}],"player_experience":345933,"relics_obtained":[{"floor":7,"key":"InkBottle"},{"floor":9,"key":"Runesmith:Locket"},{"floor":11,"key":"Boot"},{"floor":22,"key":"MawBank"},{"floor":22,"key":"Blue Candle"},{"floor":22,"key":"FossilizedHelix"},{"floor":23,"key":"Eternal Feather"},{"floor":25,"key":"HollowMod:StagPassRelic"},{"floor":26,"key":"Runesmith:EmergencyProvisions"},{"floor":29,"key":"Singing Bowl"},{"floor":31,"key":"HollowMod:PaleOreRelic"},{"floor":40,"key":"Darkstone Periapt"},{"floor":43,"key":"Happy Flower"},{"floor":43,"key":"Centennial Puzzle"},{"floor":45,"key":"Pantograph"},{"floor":48,"key":"PreservedInsect"}],"event_choices":[{"damage_healed":0,"gold_gain":0,"player_choice":"Box","damage_taken":0,"relics_obtained":["Ginger"],"max_hp_gain":0,"max_hp_loss":0,"event_name":"Big Fish","floor":3,"gold_loss":0,"cards_obtained":["Regret"]},{"cards_removed":["Regret"],"damage_healed":0,"gold_gain":0,"player_choice":"Card Removal","damage_taken":7,"max_hp_gain":0,"max_hp_loss":0,"event_name":"Golden Wing","floor":5,"gold_loss":0},{"cards_removed":["Runesmith:Strike_RS"],"damage_healed":0,"gold_gain":0,"player_choice":"Offered Basic","damage_taken":0,"max_hp_gain":0,"max_hp_loss":0,"event_name":"Bonfire Elementals","floor":8,"gold_loss":0},{"damage_healed":0,"gold_gain":999,"player_choice":"Gold","damage_taken":0,"max_hp_gain":0,"max_hp_loss":0,"event_name":"MindBloom","floor":36,"gold_loss":0,"cards_obtained":["Normality","Normality"]},{"damage_healed":68,"gold_gain":0,"player_choice":"Heal","damage_taken":0,"max_hp_gain":0,"max_hp_loss":10,"event_name":"The Moai Head","floor":41,"gold_loss":0}],"is_beta":false,"boss_relics":[{"not_picked":["Busted Crown","Black Star"],"picked":"Cursed Key"},{"not_picked":["Velvet Choker","Runesmith:PocketReactor"],"picked":"SacredBark"}],"items_purged_floors":[14,19,37,46],"is_endless":false,"potions_floor_spawned":[2,11,16,18,21,25,29,45,47,48],"ascension_level":1}}