{"host":"dxb4eoww080epc4n","time":1611681557,"event":{"mods":["AchievementEnabler","BaseMod","Better Note","BetterRewards","Colored Powertips","Conspire","Energized Spire","GifTheSpireLib","Gremlin Skip","Hubris","KinomotoSakuraMod(????)","Minty Spire (QoL Compilation)","Permanent Neow","Quick Restart","Rare Cards Sparkle","Relic Sorter","Replay The Spire","Shop Mod","Spikes Relics","StSLib","The Animator"],"gold_per_floor":[116,142,65,78,78,110,110,155,284,316,8,8,39,85,85,205,155,207,217,28,52,142,142,142,172,250,278,278,278,306,16,16,136,136,173,210,210,245,49,49,103,130,155,195,247,293,293,3,3,17,17],"floor_reached":50,"language":"ENG","playtime":6748,"items_purged":["hubris:Envy","animator:Curse_Nutcracker"],"score":790,"play_id":"6cf22ef5-74fa-47ff-b29a-c7e54f0c4b0f","local_time":"20210126181917","is_ascension_mode":false,"campfire_choices":[{"floor":7,"key":"RECALL"},{"data":"animator:Aqua","floor":15,"key":"SMITH"},{"floor":23,"key":"REST"},{"floor":28,"key":"REST"},{"floor":32,"key":"REST"},{"floor":40,"key":"REST"},{"floor":49,"key":"REST"}],"circlet_count":0,"master_deck":["animator:Strike_Konosuba","animator:Defend_Konosuba","animator:Strike","animator:Strike","animator:Defend","animator:Defend","animator:Defend","animator:Kazuma","animator:Aqua+1","animator:Shiro","animator:Bozes","animator:YunYun","animator:NarberalGamma","animator:CowGirl","animator:Chris","animator:Ainz","Languid","animator:Darkness+1","animator:PandorasActor+1","animator:DolaStephanie","animator:Wiz+1","animator:Strike","animator:Tyuule","animator:Vanir","animator:Nanami","conspire:NecroticWound","animator:Mitsurugi","animator:Albedo+1","Delirium","animator:Verdia","animator:Eris+1","animator:Megumin+4","animator:CowGirl+1","animator:FielNirvalen+1","ReplayTheSpireMod:Splinters","animator:GuildGirl","animator:Tet+1","animator:Sebas","Doubt","animator:Evileye+1"],"relics":["animator:LivingPicture","hubris:Icosahedron","animator:TheMissingPiece","ReplayTheSpireMod:Ring of Collecting","Ring of Searing","conspire:Dentures","Odd Mushroom","Ring of Greed","Blue Doll","Golden Egg","hubris:BottledRain","MerchantsRug","Bag of Marbles","energizedSpire:HugeHouse","conspire:BottledYoYo","Spirit Poop","Ring of Fury","Bag of Preparation","Happy Flower","Replay:Bandana","Ring of Chaos","Membership Card","RollingBoulder","Ring of Fangs","Juzu Bracelet","conspire:TopHat","CherryCoatedStake","hubris:SlimyHat"],"acts_visited":["Exordium","TheCity","TheBeyond"],"potions_floor_usage":[41,44,45,46,47,50],"damage_taken":[{"damage":5,"enemies":"Cultist","floor":1,"turns":7},{"damage":0,"enemies":"2 Louse","floor":2,"turns":3},{"damage":4,"enemies":"Jaw Worm","floor":4,"turns":4},{"damage":19,"enemies":"3 Sentries","floor":6,"turns":5},{"damage":4,"enemies":"The Mushroom Lair","floor":8,"turns":3},{"damage":6,"enemies":"Large Slime","floor":10,"turns":4},{"damage":0,"enemies":"Exordium Wildlife","floor":13,"turns":3},{"damage":20,"enemies":"Lagavulin","floor":14,"turns":6},{"damage":0,"enemies":"Hexaghost","floor":16,"turns":11},{"damage":22,"enemies":"Shell Parasite","floor":18,"turns":6},{"damage":7,"enemies":"Spheric Guardian","floor":19,"turns":4},{"damage":8,"enemies":"3 Cultists","floor":21,"turns":5},{"damage":7,"enemies":"Shelled Parasite and Fungi","floor":25,"turns":8},{"damage":14,"enemies":"Snecko","floor":27,"turns":6},{"damage":51,"enemies":"3 Cultists","floor":30,"turns":5},{"damage":35,"enemies":"Automaton","floor":33,"turns":10},{"damage":35,"enemies":"Orb Walker","floor":35,"turns":4},{"damage":14,"enemies":"3 Darklings","floor":36,"turns":5},{"damage":16,"enemies":"Maw","floor":38,"turns":8},{"damage":44,"enemies":"Reptomancer","floor":41,"turns":5},{"damage":8,"enemies":"Jaw Worm Horde","floor":42,"turns":3},{"damage":11,"enemies":"Writhing Mass","floor":44,"turns":6},{"damage":27,"enemies":"3 Darklings","floor":45,"turns":5},{"damage":0,"enemies":"R_Hoarder","floor":46,"turns":6},{"damage":0,"enemies":"Maw","floor":47,"turns":1},{"damage":53,"enemies":"Time Eater","floor":50,"turns":7}],"seed_played":"3997426944416049830","potions_obtained":[{"floor":4,"key":"GamblersBrew"},{"floor":6,"key":"Swift Potion"},{"floor":10,"key":"GamblersBrew"},{"floor":21,"key":"DuplicationPotion"},{"floor":33,"key":"DistilledChaos"},{"floor":41,"key":"Explosive Potion"},{"floor":42,"key":"Adrenaline Potion"},{"floor":45,"key":"AttackPotion"},{"floor":46,"key":"SmokeBomb"}],"is_trial":false,"path_per_floor":["M","M","$","M","?","E","R","?","T","M","$","?","M","E","R","B",null,"M","M","$","M","?","R","?","M","T","M","R","?","M","$","R","B",null,"M","M","?","M","$","R","E","M","T","M","M","E","M","$","R","B"],"character_chosen":"THE_ANIMATOR","items_purchased":["animator:NarberalGamma","MerchantsRug","animator:Darkness","animator:PandorasActor","conspire:BottledYoYo","Happy Flower","Replay:Bandana","Membership Card","animator:CowGirl","CherryCoatedStake","hubris:SlimyHat","Adrenaline Potion"],"campfire_rested":5,"item_purchase_floors":[3,11,11,11,20,31,31,39,39,48,48,48],"current_hp_per_floor":[61,63,63,61,61,45,45,43,43,39,39,39,41,23,23,27,63,44,40,40,35,23,41,41,39,39,37,56,56,19,19,38,13,66,40,35,35,40,40,59,31,26,26,30,6,10,19,19,39,0,0],"gold":17,"neow_bonus":"TRANSFORM_CARD","is_daily":false,"chose_seed":false,"campfire_upgraded":1,"win_rate":0.0,"timestamp":1611681557,"path_taken":["M","M","$","M","?","E","R","?","T","M","$","?","M","E","R","BOSS","M","M","$","M","?","R","?","M","T","M","R","?","M","$","R","BOSS","M","M","?","M","$","R","E","M","T","M","M","E","M","$","R","BOSS"],"items_purchased_type":["Card","Relic","Card","Card","Relic","Relic","Relic","Relic","Card","Relic","Relic","Potion"],"build_version":"2020-12-22","purchased_purges":2,"victory":false,"max_hp_per_floor":[66,66,66,66,66,67,67,67,67,67,67,67,67,67,67,68,63,63,63,63,63,63,63,63,65,65,65,65,65,65,65,65,66,66,66,66,66,66,66,66,67,67,67,67,67,68,68,68,68,68,68],"card_choices":[{"not_picked":["animator:Genos","animator:YaoHaDucy"],"picked":"animator:Bozes","floor":1},{"not_picked":["animator:Tet","animator:DwarfShaman"],"picked":"animator:YunYun","floor":2},{"not_picked":["animator:SilverFang","animator:Jibril"],"picked":"animator:CowGirl","floor":4},{"not_picked":["animator:Megumin","animator:Mitsurugi"],"picked":"animator:Chris","floor":6},{"not_picked":["animator:Chris","animator:IzunaHatsuse"],"picked":"animator:Ainz","floor":8},{"not_picked":["animator:Tet","animator:ZankiKiguchi"],"picked":"animator:Vanir","floor":10},{"not_picked":["animator:YaoHaDucy","animator:MetalKnight"],"picked":"animator:DolaStephanie","floor":13},{"not_picked":["animator:Melzalgald","animator:Spearman","animator:Saitama"],"picked":"SKIP","floor":14},{"not_picked":["animator:Boros","animator:SwordMaiden"],"picked":"animator:Wiz","floor":16},{"not_picked":["animator:Darkness","animator:Verdia"],"picked":"animator:Vanir","floor":18},{"not_picked":["animator:MumenRider","animator:LeleiLaLalena","animator:Azekura"],"picked":"SKIP","floor":19},{"not_picked":["animator:Spearman+1","animator:Sebas"],"picked":"animator:Nanami","floor":21},{"not_picked":["animator:HighElfArcher","animator:Sonic"],"picked":"animator:Eris","floor":25},{"not_picked":["animator:Kazuma","animator:Verdia"],"picked":"animator:Mitsurugi","floor":27},{"not_picked":["animator:ItamiYouji","animator:Azekura","animator:Emonzaemon"],"picked":"SKIP","floor":30},{"not_picked":["animator:Boros","animator:Shiro"],"picked":"animator:Albedo","floor":33},{"not_picked":["animator:Arpeggio","animator:Azekura+1","animator:Genos"],"picked":"SKIP","floor":35},{"not_picked":["animator:Priestess","animator:DolaSchwi+1"],"picked":"animator:Verdia","floor":36},{"not_picked":["animator:Mitsurugi","animator:Verdia"],"picked":"animator:Megumin","floor":38},{"not_picked":["animator:Melzalgald+1","animator:Genos+1"],"picked":"animator:FielNirvalen+1","floor":41},{"not_picked":["animator:Togame","animator:Tyuule+1"],"picked":"animator:GuildGirl","floor":42},{"not_picked":["animator:Tyuule+1","animator:DolaCouronne"],"picked":"animator:Tet+1","floor":44},{"not_picked":["animator:NarberalGamma","animator:Entoma"],"picked":"animator:Sebas","floor":45},{"not_picked":["animator:Albedo","animator:Azekura"],"picked":"animator:Evileye+1","floor":46}],"player_experience":146416,"relics_obtained":[{"floor":5,"key":"ReplayTheSpireMod:Ring of Collecting"},{"floor":5,"key":"Ring of Searing"},{"floor":6,"key":"conspire:Dentures"},{"floor":8,"key":"Odd Mushroom"},{"floor":9,"key":"Ring of Greed"},{"floor":9,"key":"Blue Doll"},{"floor":9,"key":"Golden Egg"},{"floor":9,"key":"hubris:BottledRain"},{"floor":14,"key":"Bag of Marbles"},{"floor":26,"key":"Ring of Fury"},{"floor":41,"key":"RollingBoulder"},{"floor":43,"key":"Ring of Fangs"},{"floor":43,"key":"Juzu Bracelet"},{"floor":46,"key":"conspire:TopHat"}],"event_choices":[{"damage_healed":0,"gold_gain":0,"player_choice":"Fought Mushrooms","damage_taken":0,"max_hp_gain":0,"max_hp_loss":0,"event_name":"Mushrooms","floor":8,"gold_loss":0},{"damage_healed":0,"gold_gain":90,"player_choice":"GOLD ","damage_taken":12,"max_hp_gain":0,"max_hp_loss":0,"event_name":"Knowing Skull","floor":22,"potions_obtained":[],"gold_loss":0,"cards_obtained":[]},{"cards_removed":["hubris:Despair"],"damage_healed":0,"gold_gain":0,"player_choice":"Offered Curse","damage_taken":0,"relics_obtained":["Spirit Poop"],"max_hp_gain":0,"max_hp_loss":0,"event_name":"Bonfire Elementals","floor":24,"gold_loss":0},{"damage_healed":0,"gold_gain":0,"player_choice":"Gave Potion","damage_taken":0,"relics_obtained":["Bag of Preparation"],"max_hp_gain":0,"max_hp_loss":0,"event_name":"WeMeetAgain","floor":29,"gold_loss":0},{"damage_healed":0,"gold_gain":0,"player_choice":"Copied","damage_taken":0,"max_hp_gain":0,"max_hp_loss":0,"event_name":"Duplicator","floor":37,"gold_loss":0,"cards_obtained":["animator:Eris"]}],"is_beta":false,"boss_relics":[{"not_picked":["hubris:GrandSneckoEye","Velvet Choker"],"picked":"energizedSpire:HugeHouse"},{"not_picked":["energizedSpire:DeadBattery","Honey Jar"],"picked":"Ring of Chaos"}],"items_purged_floors":[11,48],"is_endless":false,"potions_floor_spawned":[4,6,10,13,14,21,33,41,42,45,46],"killed_by":"Time Eater","ascension_level":0}}