{"host":"ft78nznc4009qqbv","time":1611633265,"event":{"mods":["BaseMod","Minty Spire (QoL Compilation)","Quick Restart","StSLib","SuperFastMode"],"gold_per_floor":[111,129,57,67,84,84,84,103,137,137,153,180,198,198,230,8,18,18,18,123,123,137,155,8,28,40,40,40,40,40,67,86,117,132,56,75,75,173,173,195,207,219],"floor_reached":43,"language":"ZHS","playtime":1391,"items_purged":[],"score":804,"play_id":"7fa34017-7875-4673-8cac-a13d7ba41319","local_time":"20210126115425","is_ascension_mode":true,"campfire_choices":[{"data":"Deadly Poison","floor":7.0,"key":"SMITH"},{"floor":10.0,"key":"REST"},{"floor":18.0,"key":"REST"},{"data":"Catalyst","floor":19.0,"key":"SMITH"},{"floor":28.0,"key":"REST"},{"floor":37.0,"key":"REST"}],"circlet_count":0,"master_deck":["Strike_G","Strike_G","Strike_G","Strike_G","Defend_G","Defend_G","Defend_G","Defend_G","Defend_G","Survivor","Neutralize","Deadly Poison+1","Expertise","Crippling Poison","Backflip","Acrobatics+1","Catalyst+1","Deflect","Backflip","Catalyst+1","Deflect","Prepared","Deadly Poison","Bouncing Flask+1","Writhe","Expertise","Bouncing Flask+1","Outmaneuver","Noxious Fumes","Calculated Gamble","CurseOfTheBell"],"relics":["Ring of the Snake","NeowsBlessing","Boot","War Paint","Vajra","Ancient Tea Set","MealTicket","Bronze Scales","Philosopher\u0027s Stone","Art of War","Unceasing Top","Bag of Preparation","Happy Flower","Calling Bell","MawBank","Ornamental Fan","Lizard Tail"],"acts_visited":["Exordium","TheCity","TheBeyond"],"potions_floor_usage":[],"damage_taken":[{"damage":0.0,"enemies":"2 Louse","floor":1.0,"turns":1.0},{"damage":0.0,"enemies":"Cultist","floor":2.0,"turns":1.0},{"damage":0.0,"enemies":"Jaw Worm","floor":4.0,"turns":1.0},{"damage":13.0,"enemies":"Blue Slaver","floor":5.0,"turns":4.0},{"damage":7.0,"enemies":"3 Louse","floor":8.0,"turns":3.0},{"damage":20.0,"enemies":"Gremlin Nob","floor":9.0,"turns":4.0},{"damage":3.0,"enemies":"Looter","floor":11.0,"turns":2.0},{"damage":0.0,"enemies":"Blue Slaver","floor":13.0,"turns":3.0},{"damage":13.0,"enemies":"3 Sentries","floor":15.0,"turns":12.0},{"damage":0.0,"enemies":"Red Slaver","floor":17.0,"turns":4.0},{"damage":12.0,"enemies":"The Guardian","floor":20.0,"turns":4.0},{"damage":13.0,"enemies":"2 Thieves","floor":22.0,"turns":4.0},{"damage":9.0,"enemies":"Chosen","floor":23.0,"turns":3.0},{"damage":0.0,"enemies":"Snake Plant","floor":25.0,"turns":2.0},{"damage":20.0,"enemies":"Shelled Parasite and Fungi","floor":26.0,"turns":3.0},{"damage":0.0,"enemies":"Snecko","floor":32.0,"turns":1.0},{"damage":26.0,"enemies":"Slavers","floor":33.0,"turns":6.0},{"damage":16.0,"enemies":"Centurion and Healer","floor":34.0,"turns":3.0},{"damage":22.0,"enemies":"Snake Plant","floor":36.0,"turns":2.0},{"damage":23.0,"enemies":"Champ","floor":38.0,"turns":4.0},{"damage":24.0,"enemies":"3 Shapes","floor":40.0,"turns":4.0},{"damage":240,"enemies":"Time Eater","floor":42,"turns":14}],"seed_played":"8056741206855494105","potions_obtained":[{"floor":4.0,"key":"Swift Potion"},{"floor":11.0,"key":"Fire Potion"},{"floor":13.0,"key":"Energy Potion"},{"floor":15.0,"key":"CunningPotion"},{"floor":17.0,"key":"Poison Potion"},{"floor":33.0,"key":"Poison Potion"},{"floor":34.0,"key":"Fire Potion"},{"floor":36.0,"key":"Strength Potion"}],"is_trial":false,"path_per_floor":["M","M","$","M","M","?","R","M","E","R","M","T","M","?","E","$","M","R","R","B",null,"M","M","$","M","M","?","R","?","?","T","M","E","M","$","M","R","B",null,"M","?","B",null],"character_chosen":"THE_SILENT","items_purchased":["Crippling Poison","Bronze Scales","Deflect","Prepared","Art of War","Noxious Fumes"],"campfire_rested":4,"item_purchase_floors":[3,16,16,16,24,35],"current_hp_per_floor":[70,70,70,70,57,57,57,50,30,51,48,48,48,41,28,43,43,64,64,52,70,57,48,63,63,43,43,64,64,64,64,64,38,22,37,15,36,13,70,46,46,70],"gold":231,"neow_bonus":"THREE_ENEMY_KILL","is_daily":false,"chose_seed":false,"campfire_upgraded":2,"win_rate":0.0,"timestamp":1611633265,"path_taken":["M","M","$","M","M","?","R","M","E","R","M","T","?","?","E","$","M","R","R","BOSS","M","M","$","M","M","?","R","?","?","T","M","E","M","?","M","R","BOSS","M","?","BOSS"],"items_purchased_type":["Card","Relic","Card","Card","Relic","Card"],"build_version":"2020-12-22","purchased_purges":0,"victory":true,"max_hp_per_floor":[70,70,70,70,70,70,70,70,70,70,70,70,70,70,70,70,70,70,70,70,70,70,70,70,70,70,70,70,70,70,70,70,70,70,70,70,70,70,70,70,70,70],"card_choices":[{"not_picked":["Quick Slash","Accuracy"],"picked":"Deadly Poison","floor":1.0},{"not_picked":["Footwork","Predator"],"picked":"Expertise","floor":2.0},{"not_picked":["Underhanded Strike","Acrobatics"],"picked":"Backflip","floor":4.0},{"not_picked":["All Out Attack","Flying Knee"],"picked":"Acrobatics","floor":5.0},{"not_picked":["Deadly Poison","Cloak And Dagger"],"picked":"Catalyst","floor":8.0},{"not_picked":["Glass Knife","Footwork"],"picked":"Deflect","floor":9.0},{"not_picked":["Dagger Throw","Slice","Cloak And Dagger"],"picked":"SKIP","floor":11.0},{"not_picked":["Dagger Throw","Well Laid Plans"],"picked":"Backflip","floor":13.0},{"not_picked":["Noxious Fumes","Endless Agony"],"picked":"Catalyst","floor":15.0},{"not_picked":["Bane","Acrobatics"],"picked":"Deadly Poison","floor":17.0},{"not_picked":["Underhanded Strike","Choke","Bane+1"],"picked":"SKIP","floor":22.0},{"not_picked":["Flying Knee","Accuracy","All Out Attack"],"picked":"SKIP","floor":23.0},{"not_picked":["Sucker Punch","Deadly Poison+1"],"picked":"Bouncing Flask+1","floor":25.0},{"not_picked":["Setup+1","Choke","Heel Hook"],"picked":"SKIP","floor":26.0},{"not_picked":["Sucker Punch+1","Riddle With Holes","Well Laid Plans"],"picked":"SKIP","floor":32.0},{"not_picked":["Endless Agony","Riddle With Holes"],"picked":"Bouncing Flask+1","floor":33.0},{"not_picked":["Backflip","Acrobatics"],"picked":"Outmaneuver","floor":34.0},{"not_picked":["Slice+1","Endless Agony"],"picked":"Calculated Gamble","floor":36.0},{"not_picked":["Deadly Poison","Poisoned Stab","Dagger Throw+1"],"picked":"SKIP","floor":40.0}],"player_experience":88410,"relics_obtained":[{"floor":9.0,"key":"War Paint"},{"floor":12.0,"key":"Vajra"},{"floor":15.0,"key":"MealTicket"},{"floor":31.0,"key":"Bag of Preparation"},{"floor":33.0,"key":"Happy Flower"},{"floor":39.0,"key":"MawBank"},{"floor":39.0,"key":"Ornamental Fan"},{"floor":39.0,"key":"Lizard Tail"}],"event_choices":[{"damage_healed":0.0,"max_hp_gain":0.0,"max_hp_loss":0.0,"gold_gain":0.0,"event_name":"WeMeetAgain","player_choice":"Gave Potion","floor":6.0,"gold_loss":0.0,"damage_taken":0.0,"relics_obtained":["Boot"]},{"damage_healed":0.0,"max_hp_gain":0.0,"max_hp_loss":0.0,"gold_gain":0.0,"event_name":"Scrap Ooze","player_choice":"Success","floor":14.0,"gold_loss":0.0,"damage_taken":7.0,"relics_obtained":["Ancient Tea Set"]},{"damage_healed":0.0,"max_hp_gain":0.0,"max_hp_loss":0.0,"gold_gain":0.0,"event_name":"The Mausoleum","player_choice":"Opened","floor":27.0,"gold_loss":0.0,"damage_taken":0.0,"relics_obtained":["Unceasing Top"],"cards_obtained":["Writhe"]},{"damage_healed":0.0,"max_hp_gain":0.0,"max_hp_loss":0.0,"gold_gain":0.0,"event_name":"The Library","player_choice":"Read","floor":29.0,"gold_loss":0.0,"damage_taken":0.0,"cards_obtained":["Expertise"]},{"cards_removed":["Strike_G"],"damage_healed":0.0,"max_hp_gain":0.0,"max_hp_loss":0.0,"gold_gain":0.0,"event_name":"Back to Basics","player_choice":"Elegance","floor":30.0,"gold_loss":0.0,"damage_taken":0.0},{"damage_healed":0.0,"max_hp_gain":0.0,"max_hp_loss":0.0,"gold_gain":0.0,"event_name":"SecretPortal","player_choice":"Took Portal","floor":41.0,"gold_loss":0.0,"damage_taken":0.0}],"is_beta":false,"boss_relics":[{"not_picked":["SlaversCollar","Astrolabe"],"picked":"Philosopher\u0027s Stone"},{"not_picked":["SacredBark","WristBlade"],"picked":"Calling Bell"}],"items_purged_floors":[],"is_endless":false,"potions_floor_spawned":[4,11,13,15,17,20,23,33,34,36],"ascension_level":3}}