{"host":"3zb3nk4wvq0dtbuh","time":1611669697,"event":{"mods":["AchievementEnabler","BaseMod","Lobotomy","Minty Spire (QoL Compilation)","Quick Restart","Relic Filter Mod","StSLib","SuperFastMode","The Blackbeard"],"gold_per_floor":[118,118,137,151,151,151,151,164,164,43,62,62,73,73,73,178,178,196,209,209,109,122,122,142,159,186,204,218,218,171,171,171,276,276,294,305,58,74,94,94,46,46,46],"floor_reached":42,"language":"ZHS","playtime":1191,"items_purged":["Strike_R","Strike_R","Decay"],"score":394,"play_id":"80f1556a-7283-4a43-98e8-31067e61391a","local_time":"20210126220137","is_ascension_mode":false,"campfire_choices":[{"data":"Juggernaut","floor":6.0,"key":"SMITH"},{"data":"Armaments","floor":12.0,"key":"SMITH"},{"data":"Body Slam","floor":15.0,"key":"SMITH"},{"data":"Juggernaut","floor":23.0,"key":"SMITH"},{"data":"True Grit","floor":32.0,"key":"SMITH"},{"data":"Berserk","floor":40,"key":"SMITH"}],"circlet_count":0,"master_deck":["Defend_R","Defend_R","Defend_R","Defend_R","Bash","Juggernaut+1","Armaments+1","Clothesline","Shrug It Off","Burning Pact","Body Slam+1","Shrug It Off","Shockwave","Juggernaut+1","Battle Trance","Body Slam","Offering","Warcry+1","True Grit+1","Berserk+1","True Grit","Finesse","Intimidate+1","True Grit+1"],"relics":["Black Blood"],"acts_visited":["Exordium","TheCity","TheBeyond"],"potions_floor_usage":[],"damage_taken":[{"damage":2.0,"enemies":"2 Louse","floor":1.0,"turns":4.0},{"damage":0.0,"enemies":"Cultist","floor":3.0,"turns":4.0},{"damage":2.0,"enemies":"Small Slimes","floor":4.0,"turns":4.0},{"damage":11.0,"enemies":"3 Louse","floor":8.0,"turns":3.0},{"damage":2.0,"enemies":"2 Fungi Beasts","floor":11.0,"turns":5.0},{"damage":2.0,"enemies":"Looter","floor":13.0,"turns":4.0},{"damage":19.0,"enemies":"The Guardian","floor":16.0,"turns":12.0},{"damage":12.0,"enemies":"Shell Parasite","floor":18.0,"turns":6.0},{"damage":24.0,"enemies":"Chosen","floor":19.0,"turns":5.0},{"damage":29.0,"enemies":"3 Cultists","floor":22.0,"turns":6.0},{"damage":15.0,"enemies":"Centurion and Healer","floor":24.0,"turns":7.0},{"damage":22.0,"enemies":"Sentry and Sphere","floor":25.0,"turns":5.0},{"damage":11.0,"enemies":"Snecko","floor":27.0,"turns":5.0},{"damage":24.0,"enemies":"Snake Plant","floor":28.0,"turns":3.0},{"damage":47.0,"enemies":"Automaton","floor":33.0,"turns":9.0},{"damage":11.0,"enemies":"Orb Walker","floor":35.0,"turns":3.0},{"damage":52.0,"enemies":"3 Darklings","floor":36.0,"turns":6.0},{"damage":20.0,"enemies":"Spire Growth","floor":38.0,"turns":5.0},{"damage":13,"enemies":"Sphere and 2 Shapes","floor":39,"turns":6},{"damage":27,"enemies":"Jaw Worm Horde","floor":42,"turns":3}],"seed_played":"-6140870661506285557","potions_obtained":[{"floor":1.0,"key":"ElixirPotion"},{"floor":8.0,"key":"FairyPotion"},{"floor":13.0,"key":"Energy Potion"},{"floor":33.0,"key":"FearPotion"},{"floor":36.0,"key":"SneckoOil"},{"floor":38.0,"key":"DuplicationPotion"}],"is_trial":false,"path_per_floor":["M","?","M","M","?","R","?","M","T","$","M","R","M","?","R","B",null,"M","M","?","$","M","R","M","M","T","M","M","?","$","?","R","B",null,"M","M","$","M","M","R","$","M"],"character_chosen":"IRONCLAD","items_purchased":["Body Slam","True Grit","True Grit","Finesse","SpeedPotion"],"campfire_rested":0,"item_purchase_floors":[10,30,37,37,41],"current_hp_per_floor":[80,80,80,80,80,80,73,68,68,68,72,72,76,76,76,63,80,80,68,68,68,51,51,48,38,38,39,27,27,27,27,27,30,80,80,40,40,32,31,31,31,4,4],"gold":46,"neow_bonus":"ONE_RANDOM_RARE_CARD","is_daily":false,"chose_seed":false,"campfire_upgraded":6,"win_rate":0.0,"timestamp":1611669697,"path_taken":["M","?","?","M","?","R","?","M","T","$","M","R","M","?","R","BOSS","M","M","?","$","M","R","M","M","T","M","?","?","$","?","R","BOSS","M","M","$","?","M","R","$","M"],"items_purchased_type":["Card","Card","Card","Card","Potion"],"build_version":"2020-12-22","purchased_purges":3,"victory":false,"max_hp_per_floor":[80,80,80,80,80,80,80,80,80,80,80,80,80,80,80,80,80,80,80,80,80,80,80,80,80,80,80,80,80,80,80,80,80,80,80,80,80,80,80,80,80,80,80],"card_choices":[{"not_picked":["Inflame","Hemokinesis"],"picked":"Armaments","floor":1.0},{"not_picked":["Cleave","Blood for Blood"],"picked":"Shrug It Off","floor":3.0},{"not_picked":["Fire Breathing","Twin Strike","Perfected Strike"],"picked":"SKIP","floor":4.0},{"not_picked":["Wild Strike","Iron Wave"],"picked":"Burning Pact","floor":8.0},{"not_picked":["Perfected Strike","Heavy Blade"],"picked":"Shrug It Off","floor":11.0},{"not_picked":["Sword Boomerang","Corruption"],"picked":"Shockwave","floor":13.0},{"not_picked":["Double Tap","Brutality"],"picked":"Juggernaut","floor":16.0},{"not_picked":["Seeing Red+1","Warcry"],"picked":"Battle Trance","floor":18.0},{"not_picked":["Bloodletting","Perfected Strike","Heavy Blade+1"],"picked":"SKIP","floor":19.0},{"not_picked":["Perfected Strike","Sword Boomerang","Warcry"],"picked":"SKIP","floor":22.0},{"not_picked":["Havoc","Twin Strike+1","Anger"],"picked":"SKIP","floor":24.0},{"not_picked":["Disarm+1","Wild Strike"],"picked":"Body Slam","floor":25.0},{"not_picked":["Twin Strike","Perfected Strike+1"],"picked":"Offering","floor":27.0},{"not_picked":["Spot Weakness+1","Clothesline"],"picked":"Warcry+1","floor":28.0},{"not_picked":["Bludgeon","Corruption"],"picked":"Berserk","floor":33.0},{"not_picked":["Twin Strike+1","Flex+1","Armaments+1"],"picked":"SKIP","floor":35.0},{"not_picked":["Iron Wave+1","Perfected Strike+1","Combust"],"picked":"SKIP","floor":36.0},{"not_picked":["Thunderclap","Disarm"],"picked":"Intimidate+1","floor":38.0},{"not_picked":["Heavy Blade+1","Twin Strike+1"],"picked":"True Grit+1","floor":39}],"player_experience":32097,"relics_obtained":[],"event_choices":[{"damage_healed":0.0,"max_hp_gain":0.0,"max_hp_loss":0.0,"gold_gain":0.0,"cards_transformed":["Strike_R"],"event_name":"Transmorgrifier","player_choice":"Transformed","floor":2.0,"gold_loss":0.0,"damage_taken":0.0,"cards_obtained":["Clothesline"]},{"cards_removed":["Strike_R"],"damage_healed":0.0,"max_hp_gain":0.0,"max_hp_loss":0.0,"gold_gain":0.0,"event_name":"Living Wall","player_choice":"Forget","floor":5.0,"gold_loss":0.0,"damage_taken":0.0},{"cards_removed":["Strike_R"],"damage_healed":0.0,"max_hp_gain":0.0,"max_hp_loss":0.0,"gold_gain":0.0,"event_name":"Golden Wing","player_choice":"Card Removal","floor":7.0,"gold_loss":0.0,"damage_taken":7.0},{"damage_healed":0.0,"max_hp_gain":0.0,"max_hp_loss":0.0,"gold_gain":0.0,"event_name":"Golden Idol","player_choice":"Ignored","floor":14.0,"gold_loss":0.0,"damage_taken":0.0},{"damage_healed":0.0,"max_hp_gain":0.0,"max_hp_loss":0.0,"gold_gain":0.0,"event_name":"NoteForYourself","player_choice":"Ignored","floor":20.0,"gold_loss":0.0,"damage_taken":0.0},{"damage_healed":0.0,"max_hp_gain":0.0,"max_hp_loss":0.0,"gold_gain":0.0,"event_name":"The Mausoleum","player_choice":"Ignored","floor":29.0,"gold_loss":0.0,"damage_taken":0.0},{"damage_healed":0.0,"max_hp_gain":0.0,"max_hp_loss":0.0,"gold_gain":0.0,"event_name":"Wheel of Change","player_choice":"Cursed","floor":31.0,"gold_loss":0.0,"damage_taken":0.0,"cards_obtained":["Decay"]}],"is_beta":false,"boss_relics":[{"not_picked":["Circlet","Circlet"],"picked":"Black Blood"},{"not_picked":["Circlet","Circlet","Circlet"]}],"items_purged_floors":[10,21,37],"is_endless":false,"potions_floor_spawned":[1,8,13,16,19,28,33,36,38],"killed_by":"Jaw Worm Horde","ascension_level":0}}