{"host":"pgm1p3lvdjflie30","time":1611631354,"event":{"mods":["100% Spire Juice","AchievementEnabler","Act Like it!","Aspiration","Bard","BaseMod","Block Reminder","Colored Map","Colored Powertips","Conspire","Downfall","Energized Spire","Gremlin Mod","GungeonMod","Hermit","HornydragonMod","Minty Spire (QoL Compilation)","Nova Terra(?娃·泰拉)","Quarter Circle Forward PUNCH!","Reimu（博???）","Robot Space Explorer","SOS（斯巴?之子）","StSLib","The Bug Knight","The Cursed","The Dragon Tamer","The Gatherer","The Hierophant","The IronCluck","The Jungle","The Mystic","The Runesmith","The Saiyan","The Senshi","The Servant 0.9.4","TheHeartMod","Waifu the Spire","【功能Mod】混沌之?修复?丁","【?物卡牌】REMEMod"],"gold_per_floor":[110,285,285,303,322,349,349,38,76,86,11,11,37,37,37,161,161,176,210,230,145,173,173,224,31,84,84,84,84,84,84,84,84,84],"floor_reached":33,"language":"ZHS","playtime":1583,"items_purged":["Doubt"],"score":269,"play_id":"f359a7f8-6503-4710-9464-1f4ae1bd1823","local_time":"20210126112234","is_ascension_mode":false,"campfire_choices":[{"floor":7,"key":"RECALL"},{"data":"expansioncontent:DashGenerateEvil","floor":12,"key":"SMITH"},{"data":"hermit:HeroicBravado","floor":15,"key":"SMITH"},{"data":"hermit:DeadOrAlive","floor":23,"key":"SMITH"},{"floor":32,"key":"REST"}],"circlet_count":0,"master_deck":["hermit:Strike_Hermit","hermit:Strike_Hermit","hermit:Strike_Hermit","hermit:Strike_Hermit","hermit:Defend_Hermit","hermit:Defend_Hermit","hermit:Defend_Hermit","hermit:Snapshot","hermit:Covet","expansioncontent:DashGenerateEvil+1","hermit:Ricochet","hermit:GoldenBullet","hermit:Desperado","hermit:Desperado","hermit:Gambit","hermit:Horror","hermit:NoHoldsBarred","hermit:HeroicBravado+1","Injury","hermit:DeadOrAlive+1","hermit:SprayPray","hermit:PistolWhip","hermit:Quickdraw","hermit:WideOpen+1","hermit:Enervate"],"relics":["hermit:Momento","REME_ComplimentaryCards","NeowsBlessing","DemoMod:Antibody","Torii","Happy Flower","Golden Idol","SacredBark","DemoMod:JetPack","Tea:ReiMu","qcfpunch:Necklace_of_Skulls","ClockworkSouvenir","aspiration:ArtOfWarUpgrade","MutagenicStrength","aspiration:RitualStick","Ornamental Fan"],"acts_visited":["Exordium","TheCity"],"potions_floor_usage":[13,13,19,24,33,33],"damage_taken":[{"damage":0,"enemies":"Small Slimes","floor":1,"turns":1},{"damage":0,"enemies":"2 Louse","floor":4,"turns":1},{"damage":0,"enemies":"Cultist","floor":5,"turns":1},{"damage":21,"enemies":"Gremlin Nob","floor":6,"turns":4},{"damage":2,"enemies":"Lots of Slimes","floor":9,"turns":4},{"damage":0,"enemies":"Lots of Slimes","floor":10,"turns":1},{"damage":8,"enemies":"3 Sentries","floor":13,"turns":5},{"damage":16,"enemies":"Hexaghost","floor":16,"turns":6},{"damage":1,"enemies":"Spheric Guardian","floor":18,"turns":3},{"damage":2,"enemies":"conspire:MimicChest","floor":19,"turns":4},{"damage":0,"enemies":"3 Byrds","floor":20,"turns":2},{"damage":19,"enemies":"Sentry and Sphere","floor":22,"turns":4},{"damage":11,"enemies":"HollowMod:Nosk","floor":24,"turns":3},{"damage":75,"enemies":"Collector","floor":33,"turns":7}],"seed_played":"-5426744929266094133","potions_obtained":[{"floor":6,"key":"Weak Potion"},{"floor":10,"key":"Block Potion"},{"floor":16,"key":"DemoMod:LeadSkinPotion"},{"floor":18,"key":"ColorlessPotion"},{"floor":24,"key":"Fire Potion"}],"is_trial":false,"path_per_floor":["M","?","?","M","M","E","R","$","T","M","$","R","E","?","R","B",null,"M","?","M","?","M","R","E","$","T","R","?","R","?","T","R","B"],"character_chosen":"HERMIT","items_purchased":["Torii","ClockworkSouvenir","ColorlessPotion"],"campfire_rested":1,"item_purchase_floors":[8,25,25],"current_hp_per_floor":[75,75,75,75,75,54,54,54,52,52,52,52,44,44,44,28,75,74,72,72,72,53,53,42,42,42,42,42,42,27,27,71,0,0],"gold":84,"neow_bonus":"THREE_ENEMY_KILL","is_daily":false,"chose_seed":false,"campfire_upgraded":3,"win_rate":0.0,"timestamp":1611631354,"path_taken":["M","?","?","?","M","E","R","$","T","M","$","R","E","?","R","BOSS","M","?","M","?","M","R","E","$","T","R","?","R","?","?","R","BOSS"],"items_purchased_type":["Relic","Relic","Potion"],"build_version":"2020-12-22","purchased_purges":1,"victory":false,"max_hp_per_floor":[75,75,75,75,75,75,75,75,75,75,75,75,75,75,75,75,75,75,75,75,75,75,75,75,75,75,75,75,75,75,75,75,75,75],"card_choices":[{"not_picked":["hermit:Coalescence","hermit:Combo"],"picked":"hermit:Ricochet","floor":1},{"not_picked":["hermit:Enervate","hermit:Vantage"],"picked":"hermit:Desperado","floor":4},{"not_picked":["hermit:Snipe","hermit:Roulette"],"picked":"hermit:Desperado","floor":5},{"not_picked":["hermit:TakeAim","hermit:Desperado"],"picked":"hermit:Gambit","floor":6},{"not_picked":["hermit:TrackingShot","hermit:Headshot"],"picked":"hermit:Horror","floor":9},{"not_picked":["hermit:Spite","hermit:Misfire"],"picked":"hermit:NoHoldsBarred","floor":10},{"not_picked":["hermit:HighCaliber","hermit:BodyArmor"],"picked":"hermit:HeroicBravado","floor":13},{"not_picked":["hermit:Roughhouse","hermit:BlackWind"],"picked":"hermit:DeadOrAlive","floor":16},{"not_picked":["hermit:LoneWolf+1","hermit:Quickdraw"],"picked":"hermit:SprayPray","floor":18},{"not_picked":["hermit:NoHoldsBarred+1","hermit:BodyArmor"],"picked":"hermit:PistolWhip","floor":19},{"not_picked":["hermit:Cheat","hermit:Maintenance"],"picked":"hermit:Quickdraw","floor":20},{"not_picked":["hermit:Horror","hermit:BodyArmor+1"],"picked":"hermit:WideOpen+1","floor":22},{"not_picked":["hermit:BigShot+1","hermit:Grudge"],"picked":"hermit:Enervate","floor":24}],"player_experience":324394,"relics_obtained":[{"floor":6,"key":"DemoMod:Antibody"},{"floor":13,"key":"Happy Flower"},{"floor":19,"key":"DemoMod:JetPack"},{"floor":24,"key":"qcfpunch:Necklace_of_Skulls"},{"floor":26,"key":"Art of War"},{"floor":31,"key":"Ornamental Fan"}],"event_choices":[{"damage_healed":0,"gold_gain":175,"player_choice":"AGREE","damage_taken":0,"max_hp_gain":0,"max_hp_loss":0,"event_name":"Liars Game","floor":2,"gold_loss":0,"cards_obtained":["Doubt"]},{"damage_healed":0,"gold_gain":0,"cards_transformed":["hermit:Defend_Hermit"],"player_choice":"Transformed","damage_taken":0,"max_hp_gain":0,"max_hp_loss":0,"event_name":"Transmorgrifier","floor":3,"gold_loss":0,"cards_obtained":["hermit:GoldenBullet"]},{"damage_healed":0,"gold_gain":0,"player_choice":"Take Wound","damage_taken":0,"relics_obtained":["Golden Idol"],"max_hp_gain":0,"max_hp_loss":0,"event_name":"Golden Idol","floor":14,"gold_loss":0,"cards_obtained":["Injury"]},{"damage_healed":0,"gold_gain":0,"player_choice":"Obtained Relic","damage_taken":0,"relics_obtained":["Tea:ReiMu"],"max_hp_gain":0,"max_hp_loss":0,"event_name":"Addict","floor":21,"gold_loss":85},{"damage_healed":0,"gold_gain":0,"player_choice":"Inject Mutagens","damage_taken":0,"relics_obtained":["MutagenicStrength"],"max_hp_gain":0,"max_hp_loss":0,"event_name":"Drug Dealer","floor":28,"gold_loss":0}],"is_beta":false,"boss_relics":[{"not_picked":["REME_DemonsWealth","aspiration:FutureDiary"],"picked":"SacredBark"}],"items_purged_floors":[11],"is_endless":false,"potions_floor_spawned":[6,10,16,18,24],"killed_by":"Collector","ascension_level":0}}