{"host":"vrsxkkch9ccrec7k","time":1611664920,"event":{"mods":["Act Like it!","BaseMod","Bestiary","Better Altar","Better Match","Better Note","Better Sensory Stone","Better Skull","Better Third Choice","Better Vampires","Downfall","Minty Spire (QoL Compilation)","Permanent Neow","Relic Stats","Spicy Shops","StSLib"],"gold_per_floor":[99,117,130,230,230,263,263,20,20,32,482,582,610,626,640,739,739,639,655,666,616,42,42,42,58,58,88,105,125,125,136,146,244,244,244,260,273,38,38,38,38,54,65,65,65,82,82,82,100,100,100,100],"floor_reached":50,"language":"ENG","playtime":5458,"items_purged":["Regret","Regret"],"score":890,"play_id":"dc231f0c-d2d1-4254-91a3-141dc9b7fceb","local_time":"20210126074200","is_ascension_mode":true,"campfire_choices":[{"data":"bronze:Replicate","floor":1,"key":"SMITH"},{"floor":9,"key":"REST"},{"data":"bronze:HyperBeam","floor":18,"key":"SMITH"},{"data":"bronze:ItsAFeature","floor":23,"key":"SMITH"},{"floor":30,"key":"REST"},{"data":"bronze:Goto","floor":35,"key":"SMITH"},{"data":"bronze:Library","floor":40,"key":"SMITH"},{"floor":44,"key":"REST"},{"floor":47,"key":"REST"}],"circlet_count":0,"master_deck":["bronze:Strike","bronze:Strike","bronze:Strike","bronze:Defend","bronze:Defend","bronze:Defend","bronze:Defend","bronze:Replicate+1","bronze:Goto","Panacea","bronze:CutThrough","downfall:Haunted","downfall:Haunted","downfall:Haunted","bronze:Verify+1","bronze:Goto+1","bronze:BurnOut","bronze:ItsAFeature+1","bronze:BuggyMess+1","bronze:WhirlingStrike","downfall:Icky","downfall:Icky","downfall:Icky","bronze:Library+1","bronze:Frontload+1","bronze:BronzeArmor+1","bronze:HyperBeam+1","bronze:Turbo+1","bronze:Deprecate+1","bronze:FindAndReplace+1","Malaise+1","PiercingWail+1","Intimidate+1","Sword Boomerang+1","Parasite","Aggregate+1"],"relics":["bronze:BronzeCore","Darkstone Periapt","hexamod:CandleOfCauterizing","Toxic Egg 2","Slimebound:StickyStick","Lizard Tail","Sozu","downfall:HeartBlessingGreen","Bag of Preparation","Anchor","PrismaticShard","sneckomod:BlankCard","Incense Burner","bronze:ElectromagneticCoil","bronze:Mallet","Lantern","TungstenRod"],"acts_visited":["Exordium","TheCity","TheBeyond"],"potions_floor_usage":[6,19,50],"damage_taken":[{"damage":0,"enemies":"Cultist","floor":2,"turns":4},{"damage":2,"enemies":"2 Louse","floor":3,"turns":3},{"damage":44,"enemies":"Gremlin Nob","floor":6,"turns":5},{"damage":10,"enemies":"downfall:FleeingMerchant","floor":8,"turns":4},{"damage":2,"enemies":"Jaw Worm","floor":10,"turns":3},{"damage":39,"enemies":"3 Sentries","floor":13,"turns":8},{"damage":29,"enemies":"Large Slime","floor":14,"turns":5},{"damage":26,"enemies":"Red Slaver","floor":15,"turns":4},{"damage":32,"enemies":"WA_ARCHETYPE_RETAIN","floor":16,"turns":8},{"damage":25,"enemies":"3 Byrds","floor":19,"turns":3},{"damage":21,"enemies":"3 Cultists","floor":20,"turns":3},{"damage":2,"enemies":"downfall:FleeingMerchant","floor":22,"turns":4},{"damage":2,"enemies":"Centurion and Healer","floor":25,"turns":4},{"damage":30,"enemies":"Book of Stabbing","floor":27,"turns":5},{"damage":10,"enemies":"Snecko","floor":28,"turns":4},{"damage":8,"enemies":"Snake Plant","floor":29,"turns":2},{"damage":4,"enemies":"Centurion and Healer","floor":31,"turns":10},{"damage":18,"enemies":"Sentry and Sphere","floor":32,"turns":9},{"damage":7,"enemies":"SI_MIRROR_ARCHETYPE","floor":33,"turns":11},{"damage":1,"enemies":"3 Shapes","floor":36,"turns":5},{"damage":11,"enemies":"Orb Walker","floor":37,"turns":6},{"damage":0,"enemies":"downfall:FleeingMerchant","floor":38,"turns":4},{"damage":37,"enemies":"4 Shapes","floor":42,"turns":13},{"damage":13,"enemies":"Transient","floor":43,"turns":5},{"damage":9,"enemies":"Jaw Worm Horde","floor":46,"turns":6},{"damage":31,"enemies":"Writhing Mass","floor":49,"turns":14},{"damage":182,"enemies":"IC_BLOCK_ARCHETYPE","floor":50,"turns":4}],"seed_played":"-5851795237644667665","potions_obtained":[{"floor":2,"key":"LiquidMemories"},{"floor":13,"key":"bronze:FreeFunctionsPotion"},{"floor":14,"key":"LiquidBronze"},{"floor":16,"key":"Ancient Potion"}],"is_trial":false,"path_per_floor":["R","M","M","?","?","E","T","$","R","M","?","?","E","M","M","B",null,"R","M","M","?","$","R","T","M","?","E","M","M","R","M","M","B",null,"R","M","M","$","?","R","T","M","M","R","T","M","R","?","M","B"],"character_chosen":"THE_AUTOMATON","items_purchased":["Slimebound:StickyStick","Bag of Preparation","Anchor","PrismaticShard","bronze:Mallet","Lantern"],"campfire_rested":4,"item_purchase_floors":[8,22,22,22,38,38],"current_hp_per_floor":[63,63,61,96,96,52,52,42,73,71,89,89,50,21,61,29,100,100,75,54,95,93,93,93,91,83,53,43,35,71,67,49,42,103,103,102,91,91,91,91,91,54,41,77,77,68,104,104,79,0,0,0],"gold":100,"neow_bonus":"RANDOM_COLORLESS","is_daily":false,"chose_seed":false,"campfire_upgraded":5,"win_rate":0.0,"timestamp":1611664920,"path_taken":["R","M","M","?","?","E","T","$","R","?","?","?","E","M","M","BOSS","R","M","M","?","$","R","T","M","?","E","M","M","R","M","M","BOSS","R","M","M","?","?","R","T","M","M","R","?","M","R","?","M","BOSS"],"items_purchased_type":["Relic","Relic","Relic","Relic","Relic","Relic"],"build_version":"2020-12-22","purchased_purges":2,"victory":false,"max_hp_per_floor":[70,70,70,105,105,105,105,105,105,105,123,123,123,123,123,123,123,123,123,123,123,123,123,123,123,123,123,123,123,123,123,123,123,123,123,123,123,123,123,123,123,123,123,123,123,123,123,123,129,129,129,129],"relic_stats":{"Darkstone Periapt":54,"Sozu":9,"Lizard Tail":61,"counters":[27,156],"Bag of Preparation":[30],"obtain_stats":[{"Darkstone Periapt":4,"hexamod:CandleOfCauterizing":6,"bronze:ElectromagneticCoil":34,"Lantern":38,"bronze:BronzeCore":0,"sneckomod:BlankCard":24,"downfall:HeartBlessingGreen":18,"Bag of Preparation":22,"Incense Burner":27,"bronze:Mallet":38,"PrismaticShard":22,"Sozu":17,"Lizard Tail":13,"Anchor":22,"Slimebound:StickyStick":8,"Toxic Egg 2":7,"TungstenRod":45},{"Darkstone Periapt":2,"hexamod:CandleOfCauterizing":3,"bronze:ElectromagneticCoil":19,"Lantern":22,"bronze:BronzeCore":0,"sneckomod:BlankCard":12,"downfall:HeartBlessingGreen":9,"Bag of Preparation":12,"Incense Burner":14,"bronze:Mallet":22,"PrismaticShard":12,"Sozu":9,"Lizard Tail":6,"Anchor":12,"Slimebound:StickyStick":4,"Toxic Egg 2":3,"TungstenRod":24},{"Darkstone Periapt":7,"hexamod:CandleOfCauterizing":12,"bronze:ElectromagneticCoil":99,"Lantern":114,"bronze:BronzeCore":0,"sneckomod:BlankCard":54,"downfall:HeartBlessingGreen":44,"Bag of Preparation":54,"Incense Burner":63,"bronze:Mallet":114,"PrismaticShard":54,"Sozu":44,"Lizard Tail":27,"Anchor":54,"Slimebound:StickyStick":16,"Toxic Egg 2":12,"TungstenRod":132}],"TungstenRod":9},"card_choices":[{"not_picked":["Enlightenment","Forethought"],"picked":"Panacea","floor":0},{"not_picked":["bronze:Invalidate","bronze:Overheat"],"picked":"bronze:ChosenStrike","floor":2},{"not_picked":["bronze:OilSpill","bronze:Overheat"],"picked":"bronze:CutThrough","floor":3},{"not_picked":["bronze:WhirlingStrike","bronze:BuggyMess"],"picked":"bronze:ItsAFeature","floor":6},{"not_picked":["bronze:BugBarrage","bronze:Safeguard+1"],"picked":"bronze:BuggyMess+1","floor":8},{"not_picked":["bronze:CutThrough","bronze:GetLatest+1"],"picked":"bronze:WhirlingStrike","floor":10},{"not_picked":["bronze:Philosophize+1","bronze:Separator"],"picked":"bronze:Library","floor":13},{"not_picked":["bronze:BuggyMess+1","bronze:BronzeOrb"],"picked":"bronze:Frontload+1","floor":14},{"not_picked":["bronze:OilSpill","bronze:Backtrace"],"picked":"bronze:BronzeArmor+1","floor":15},{"not_picked":["bronze:Format+1","bronze:ThunderWave"],"picked":"bronze:HyperBeam","floor":16},{"not_picked":["bronze:DelayedGuard+1","bronze:Backtrace"],"picked":"bronze:Turbo+1","floor":19},{"not_picked":["bronze:Shield+1","bronze:OilSpill"],"picked":"bronze:Deprecate+1","floor":20},{"not_picked":["bronze:CutThrough","bronze:BronzeOrb","bronze:WildBeam+1"],"picked":"SKIP","floor":22},{"not_picked":["bronze:BitShift+1","Accuracy","Slimebound:SplitBruiser+1"],"picked":"SKIP","floor":25},{"not_picked":["Storm","bronze:BronzeOrb","Crescendo+1"],"picked":"SKIP","floor":27},{"not_picked":["sneckomod:QuickBite","Slimebound:PressTheAttack","Slimebound:BestDefense"],"picked":"SKIP","floor":28},{"not_picked":["Havoc+1","Slimebound:FinishingTackle"],"picked":"bronze:FindAndReplace+1","floor":29},{"not_picked":["Clash","sneckomod:DiceBlock+1","Slimebound:LeechingTouch"],"picked":"SKIP","floor":31},{"not_picked":["bronze:Overheat+1","hexamod:FourthSeal","champ:BringItOn+1"],"picked":"SKIP","floor":32},{"not_picked":["sneckomod:GlitteringGambit+1","Juggernaut"],"picked":"Malaise+1","floor":33},{"not_picked":["Anger","Dagger Throw","champ:BringItOn+1"],"picked":"SKIP","floor":36},{"not_picked":["Guardian:ShieldCharger+1","sneckomod:UnknownCommonAttack","bronze:Branch"],"picked":"SKIP","floor":37},{"not_picked":["Slimebound:LevelUp","Clothesline","Heel Hook"],"picked":"SKIP","floor":38},{"not_picked":["sneckomod:MasterEye+1","Thunderclap+1"],"picked":"PiercingWail+1","floor":42},{"not_picked":["bronze:Overheat","Slimebound:SplitBruiser+1"],"picked":"Intimidate+1","floor":43},{"not_picked":["Guardian:Recover+1","Slimebound:ItLooksTasty+1"],"picked":"Sword Boomerang+1","floor":46},{"not_picked":["champ:Shatter","Dagger Throw"],"picked":"Aggregate+1","floor":49}],"player_experience":1745541,"relics_obtained":[{"floor":6,"key":"hexamod:CandleOfCauterizing"},{"floor":7,"key":"Toxic Egg 2"},{"floor":13,"key":"Lizard Tail"},{"floor":24,"key":"sneckomod:BlankCard"},{"floor":27,"key":"Incense Burner"},{"floor":45,"key":"TungstenRod"}],"event_choices":[{"cards_removed":["bronze:ChosenStrike"],"damage_healed":0,"gold_gain":0,"player_choice":"Removed Attack","damage_taken":0,"max_hp_gain":0,"max_hp_loss":0,"event_name":"Falling","floor":48,"gold_loss":0}],"is_beta":false,"boss_relics":[{"not_picked":["Busted Crown","Tiny House"],"picked":"Sozu"},{"not_picked":["Snecko Eye","Empty Cage"],"picked":"bronze:ElectromagneticCoil"}],"items_purged_floors":[8,22],"is_endless":false,"potions_floor_spawned":[2,13,14,16,20,25,27,32,33,36,43,46,49],"killed_by":"IC_BLOCK_ARCHETYPE","ascension_level":9}}