{"host":"04hh9gplt9wkfmr1","time":1611646698,"event":{"mods":["AchievementEnabler","BaseMod","Colored Map","KOR Keyword Fix","Minty Spire (QoL Compilation)","Rare Cards Sparkle","SuperFastMode"],"gold_per_floor":[117,134,152,102,277,277,306,306,306,332,348,348,362,382,382,480,480,499,276,276,276,375,375,375,375,375,388,407,432,451,485,485,585,585,601,379,379,390,390,390,420,434,434,434],"floor_reached":43,"language":"KOR","playtime":1582,"items_purged":["Doubt"],"score":750,"play_id":"58f28e4e-c143-410f-aa86-bef541d03c26","local_time":"20210126163818","is_ascension_mode":true,"campfire_choices":[{"data":"Noxious Fumes","floor":6.0,"key":"SMITH"},{"floor":8.0,"key":"REST"},{"floor":12.0,"key":"REST"},{"data":"Adrenaline","floor":15.0,"key":"SMITH"},{"floor":23.0,"key":"REST"},{"data":"Doppelganger","floor":25.0,"key":"SMITH"},{"data":"Neutralize","floor":32,"key":"SMITH"},{"data":"Bite","floor":40,"key":"SMITH"}],"circlet_count":0,"master_deck":["AscendersBane","Defend_G","Defend_G","Defend_G","Defend_G","Defend_G","Survivor","Neutralize+1","Noxious Fumes+1","PiercingWail","Doppelganger+1","Infinite Blades+1","Adrenaline+1","Wraith Form v2+1","Bite+1","Bite","Bite","Bite","Bite","Well Laid Plans+1","PiercingWail+1","Terror","After Image+1","CurseOfTheBell","PiercingWail","Footwork+1","After Image+1"],"relics":["Ring of the Snake","Frozen Egg 2","White Beast Statue","Paper Crane","Velvet Choker","Snake Skull","MutagenicStrength","Potion Belt","Centennial Puzzle","Bronze Scales","Vajra","Calling Bell","Strawberry","Darkstone Periapt","Turnip","Strange Spoon","MealTicket","Kunai"],"acts_visited":["Exordium","TheCity","TheBeyond","TheBeyond"],"potions_floor_usage":[31,31,31,39,41,42],"damage_taken":[{"damage":0.0,"enemies":"Cultist","floor":1.0,"turns":4.0},{"damage":2.0,"enemies":"2 Louse","floor":2.0,"turns":5.0},{"damage":5.0,"enemies":"Small Slimes","floor":3.0,"turns":4.0},{"damage":40.0,"enemies":"Gremlin Nob","floor":7.0,"turns":5.0},{"damage":19.0,"enemies":"3 Sentries","floor":10.0,"turns":8.0},{"damage":1.0,"enemies":"2 Fungi Beasts","floor":11.0,"turns":4.0},{"damage":2.0,"enemies":"Looter","floor":13.0,"turns":5.0},{"damage":9.0,"enemies":"3 Louse","floor":14.0,"turns":5.0},{"damage":26.0,"enemies":"Hexaghost","floor":16.0,"turns":14.0},{"damage":8.0,"enemies":"Spheric Guardian","floor":18.0,"turns":8.0},{"damage":8.0,"enemies":"3 Byrds","floor":27.0,"turns":6.0},{"damage":15.0,"enemies":"Centurion and Healer","floor":28.0,"turns":6.0},{"damage":27.0,"enemies":"Book of Stabbing","floor":29.0,"turns":8.0},{"damage":5.0,"enemies":"Chosen and Byrds","floor":30.0,"turns":7.0},{"damage":10,"enemies":"Gremlin Leader","floor":31,"turns":8},{"damage":33,"enemies":"Automaton","floor":33,"turns":12},{"damage":4,"enemies":"3 Darklings","floor":35,"turns":5},{"damage":17,"enemies":"Orb Walker","floor":38,"turns":5},{"damage":0,"enemies":"Transient","floor":39,"turns":1},{"damage":10,"enemies":"Nemesis","floor":41,"turns":10},{"damage":7,"enemies":"Maw","floor":42,"turns":9}],"seed_played":"-8378366310998281882","potions_obtained":[{"floor":1.0,"key":"ColorlessPotion"},{"floor":2.0,"key":"EssenceOfSteel"},{"floor":7.0,"key":"AttackPotion"},{"floor":10.0,"key":"EssenceOfSteel"},{"floor":11.0,"key":"ColorlessPotion"},{"floor":13.0,"key":"Dexterity Potion"},{"floor":16.0,"key":"Swift Potion"},{"floor":18.0,"key":"SneckoOil"},{"floor":27.0,"key":"SpeedPotion"},{"floor":28.0,"key":"DuplicationPotion"},{"floor":29.0,"key":"SkillPotion"},{"floor":30.0,"key":"Explosive Potion"},{"floor":31,"key":"BlessingOfTheForge"},{"floor":33,"key":"GamblersBrew"},{"floor":35,"key":"Swift Potion"},{"floor":38,"key":"SmokeBomb"},{"floor":41,"key":"CunningPotion"},{"floor":42,"key":"PowerPotion"}],"is_trial":false,"path_per_floor":["M","M","M","?","?","R","E","R","T","E","M","R","M","M","R","B",null,"M","$","?","?","?","R","?","R","T","M","M","E","M","E","R","B",null,"M","$","?","M","M","R","E","M","T"],"character_chosen":"THE_SILENT","items_purchased":["Snake Skull","Footwork+1","Strange Spoon"],"campfire_rested":3,"item_purchase_floors":[19,36,36],"current_hp_per_floor":[70,68,63,63,63,63,23,46,46,27,26,49,47,38,38,12,61,53,53,53,53,53,76,53,53,53,50,53,42,48,53,53,48,60,60,60,60,51,53,53,56,60,60,60],"gold":434,"neow_bonus":"TEN_PERCENT_HP_BONUS","is_daily":false,"chose_seed":false,"campfire_upgraded":5,"win_rate":0.0,"timestamp":1611646698,"path_taken":["M","M","M","?","?","R","E","R","T","E","M","R","M","M","R","BOSS","M","$","?","?","?","R","?","R","T","M","M","E","M","E","R","BOSS","M","$","?","M","M","R","E","?","T"],"items_purchased_type":["Relic","Card","Relic"],"build_version":"2020-12-22","purchased_purges":1,"victory":false,"max_hp_per_floor":[77,77,77,77,77,77,77,77,77,77,77,77,77,77,77,77,77,77,77,77,77,77,77,53,53,53,53,53,53,53,53,53,53,60,60,60,60,60,60,60,60,60,60,60],"card_choices":[{"not_picked":["Poisoned Stab","Endless Agony"],"picked":"Noxious Fumes","floor":1.0},{"not_picked":["All Out Attack","Calculated Gamble","Underhanded Strike"],"picked":"SKIP","floor":2.0},{"not_picked":["Cloak And Dagger","Dash"],"picked":"PiercingWail","floor":3.0},{"not_picked":["Slice","Sucker Punch","Dash"],"picked":"SKIP","floor":7.0},{"not_picked":["Slice","Bane"],"picked":"Doppelganger","floor":10.0},{"not_picked":["Riddle With Holes","Backflip"],"picked":"Infinite Blades+1","floor":11.0},{"not_picked":["Slice","Prepared","Underhanded Strike"],"picked":"SKIP","floor":13.0},{"not_picked":["Setup","Dagger Spray"],"picked":"Adrenaline","floor":14.0},{"not_picked":["Grand Finale","Glass Knife"],"picked":"Wraith Form v2+1","floor":16.0},{"not_picked":["Acrobatics","Slice+1","Calculated Gamble"],"picked":"SKIP","floor":18.0},{"not_picked":["Calculated Gamble","Poisoned Stab"],"picked":"Well Laid Plans+1","floor":27.0},{"not_picked":["Riddle With Holes","Distraction+1"],"picked":"PiercingWail+1","floor":28.0},{"not_picked":["Caltrops+1","Riddle With Holes","Predator+1"],"picked":"SKIP","floor":29.0},{"not_picked":["Reflex+1","Backstab"],"picked":"Terror","floor":30.0},{"not_picked":["Endless Agony+1","Dagger Spray","Infinite Blades+1"],"picked":"SKIP","floor":31},{"not_picked":["Adrenaline","Storm of Steel"],"picked":"After Image+1","floor":33},{"not_picked":["Flying Knee","Dagger Throw+1"],"picked":"PiercingWail","floor":35},{"not_picked":["Underhanded Strike+1","Prepared","Deflect"],"picked":"SKIP","floor":38},{"not_picked":["Storm of Steel","Heel Hook"],"picked":"After Image+1","floor":41},{"not_picked":["Endless Agony","Outmaneuver+1","Concentrate+1"],"picked":"SKIP","floor":42}],"player_experience":84693,"relics_obtained":[{"floor":7.0,"key":"Frozen Egg 2"},{"floor":9.0,"key":"White Beast Statue"},{"floor":10.0,"key":"Paper Crane"},{"floor":26.0,"key":"Centennial Puzzle"},{"floor":29.0,"key":"Bronze Scales"},{"floor":31,"key":"Vajra"},{"floor":34,"key":"Strawberry"},{"floor":34,"key":"Darkstone Periapt"},{"floor":34,"key":"Turnip"},{"floor":41,"key":"MealTicket"},{"floor":43,"key":"Kunai"}],"event_choices":[{"cards_removed":["Strike_G"],"damage_healed":0.0,"max_hp_gain":0.0,"max_hp_loss":0.0,"gold_gain":0.0,"event_name":"The Cleric","player_choice":"Card Removal","floor":4.0,"gold_loss":50.0,"damage_taken":0.0},{"damage_healed":0.0,"max_hp_gain":0.0,"max_hp_loss":0.0,"gold_gain":175.0,"event_name":"Liars Game","player_choice":"AGREE","floor":5.0,"gold_loss":0.0,"damage_taken":0.0,"cards_obtained":["Doubt"]},{"damage_healed":0.0,"max_hp_gain":0.0,"max_hp_loss":0.0,"gold_gain":0.0,"event_name":"Drug Dealer","player_choice":"Inject Mutagens","floor":20.0,"gold_loss":0.0,"damage_taken":0.0,"relics_obtained":["MutagenicStrength"]},{"damage_healed":0.0,"max_hp_gain":0.0,"max_hp_loss":0.0,"gold_gain":0.0,"event_name":"The Mausoleum","player_choice":"Opened","floor":21.0,"gold_loss":0.0,"damage_taken":0.0,"relics_obtained":["Potion Belt"]},{"damage_healed":0.0,"max_hp_gain":0.0,"max_hp_loss":0.0,"gold_gain":99.0,"event_name":"Nest","player_choice":"Stole From Cult","floor":22.0,"gold_loss":0.0,"damage_taken":0.0},{"damage_healed":0.0,"max_hp_gain":0.0,"max_hp_loss":24.0,"gold_gain":0.0,"event_name":"Vampires","player_choice":"Became a vampire","floor":24.0,"gold_loss":0.0,"damage_taken":0.0,"cards_obtained":["Bite","Bite","Bite","Bite","Bite"]},{"damage_healed":0,"gold_gain":0,"player_choice":"Ignored","damage_taken":0,"max_hp_gain":0,"max_hp_loss":0,"event_name":"SecretPortal","floor":37,"gold_loss":0}],"is_beta":false,"boss_relics":[{"not_picked":["Snecko Eye","Philosopher\u0027s Stone"],"picked":"Velvet Choker"},{"not_picked":["Runic Dome","HoveringKite"],"picked":"Calling Bell"}],"items_purged_floors":[19],"is_endless":false,"potions_floor_spawned":[1,2,7,10,11,13,14,16,18,27,28,29,30,31,33,35,38,39,41,42],"ascension_level":10}}