{"host":"4rvakrj1idbgia3f","time":1611657371,"event":{"mods":["BaseMod","Colored Map","Colored Powertips","DeckTracker","Highlight Path","Minty Spire (QoL Compilation)","Random Character Button","StSLib"],"gold_per_floor":[119,194,213,213,230,230,256,256,256,103,121,121,153,163,163,163,163],"floor_reached":16,"language":"JPN","playtime":425,"items_purged":["Pain"],"score":220,"play_id":"d16e338d-03fc-41a3-9673-b68bd4b887f3","local_time":"20210126193611","is_ascension_mode":true,"campfire_choices":[{"data":"Noxious Fumes","floor":6.0,"key":"SMITH"},{"data":"Night Terror","floor":8.0,"key":"SMITH"},{"data":"Grand Finale","floor":12.0,"key":"SMITH"},{"data":"Calculated Gamble","floor":15,"key":"SMITH"}],"circlet_count":0,"master_deck":["AscendersBane","Strike_G","Strike_G","Strike_G","Strike_G","Strike_G","Defend_G","Defend_G","Defend_G","Defend_G","Defend_G","Survivor","Neutralize","Bane","Noxious Fumes+1","All Out Attack","Night Terror+1","Grand Finale+1","Reflex","Calculated Gamble+1"],"relics":["Ring of the Snake","NeowsBlessing","WarpedTongs","Letter Opener","Potion Belt","Tough Bandages"],"acts_visited":["Exordium"],"potions_floor_usage":[13,13],"damage_taken":[{"damage":0.0,"enemies":"Cultist","floor":1.0,"turns":1.0},{"damage":0.0,"enemies":"2 Louse","floor":3.0,"turns":1.0},{"damage":0.0,"enemies":"Small Slimes","floor":5.0,"turns":1.0},{"damage":15.0,"enemies":"3 Sentries","floor":7.0,"turns":6.0},{"damage":12.0,"enemies":"Gremlin Gang","floor":11.0,"turns":4.0},{"damage":3,"enemies":"Gremlin Nob","floor":13,"turns":3},{"damage":3,"enemies":"Looter","floor":14,"turns":3},{"damage":15,"enemies":"The Guardian","floor":16,"turns":6}],"seed_played":"-3810951192879701556","potions_obtained":[{"floor":7.0,"key":"Strength Potion"},{"floor":11.0,"key":"Explosive Potion"},{"floor":13,"key":"Energy Potion"},{"floor":14,"key":"LiquidBronze"}],"is_trial":false,"path_per_floor":["M","?","M","?","M","R","E","R","T","$","M","R","E","M","R","B"],"character_chosen":"THE_SILENT","items_purchased":["Grand Finale"],"campfire_rested":0,"item_purchase_floors":[10],"current_hp_per_floor":[59,48,48,48,48,48,33,33,33,33,21,21,18,15,15,0,0],"gold":163,"neow_bonus":"THREE_ENEMY_KILL","is_daily":false,"chose_seed":false,"campfire_upgraded":4,"win_rate":0.0,"timestamp":1611657371,"path_taken":["M","?","M","?","M","R","E","R","T","$","M","R","E","?","R","BOSS"],"items_purchased_type":["Card"],"build_version":"2020-12-22","purchased_purges":1,"victory":false,"max_hp_per_floor":[66,66,66,66,66,66,66,66,66,66,66,66,66,66,66,66,66],"card_choices":[{"not_picked":["Outmaneuver","Masterful Stab"],"picked":"Bane","floor":1.0},{"not_picked":["Bouncing Flask","Eviscerate"],"picked":"Noxious Fumes","floor":3.0},{"not_picked":["Deflect","Choke"],"picked":"All Out Attack","floor":5.0},{"not_picked":["PiercingWail","Underhanded Strike"],"picked":"Night Terror","floor":7.0},{"not_picked":["Bane","Cloak And Dagger"],"picked":"Reflex","floor":11.0},{"not_picked":["Tactician","Dodge and Roll"],"picked":"Calculated Gamble","floor":13},{"not_picked":["Sucker Punch","Finisher","Skewer"],"picked":"SKIP","floor":14}],"player_experience":2122130,"relics_obtained":[{"floor":7.0,"key":"Letter Opener"},{"floor":9.0,"key":"Potion Belt"},{"floor":13,"key":"Tough Bandages"}],"event_choices":[{"damage_healed":0.0,"max_hp_gain":0.0,"max_hp_loss":0.0,"gold_gain":75.0,"event_name":"World of Goop","player_choice":"Gather Gold","floor":2.0,"gold_loss":0.0,"damage_taken":11.0},{"damage_healed":0.0,"max_hp_gain":0.0,"max_hp_loss":0.0,"gold_gain":0.0,"event_name":"Accursed Blacksmith","player_choice":"Rummage","floor":4.0,"gold_loss":0.0,"damage_taken":0.0,"relics_obtained":["WarpedTongs"],"cards_obtained":["Pain"]}],"is_beta":false,"boss_relics":[],"items_purged_floors":[10],"is_endless":false,"potions_floor_spawned":[7,11,13,14],"killed_by":"The Guardian","ascension_level":20}}