{"host":"f5gffvlv6a66yqkd","time":1611628278,"event":{"mods":["2.2 Compatiblity","BaseMod","Colored Map","Custom Start","DeckTracker","Keyboard Shortcuts","Minty Spire (QoL Compilation)","Permanent Neow","Quick Restart","Relic Stats","StSLib","SuperFastMode"],"gold_per_floor":[118,31,5,20,20,46,46,46,46,46,46,46],"floor_reached":11,"language":"KOR","playtime":117,"items_purged":[],"score":138,"play_id":"de0ec06e-f73a-46ee-9119-ab18f2264535","local_time":"20210126113118","is_ascension_mode":true,"campfire_choices":[{"data":"Chaos","floor":7,"key":"SMITH"},{"floor":10,"key":"REST"}],"circlet_count":0,"master_deck":["AscendersBane","Strike_B","Strike_B","Strike_B","Defend_B","Defend_B","Defend_B","Defend_B","Zap+1","Dualcast+1","Conserve Battery+1","Chaos+1","Steam","Rebound"],"relics":["Cracked Core","Sundial","Ice Cream"],"acts_visited":["Exordium"],"potions_floor_usage":[],"damage_taken":[{"damage":6,"enemies":"Cultist","floor":1,"turns":3},{"damage":3,"enemies":"Small Slimes","floor":4,"turns":3},{"damage":11,"enemies":"Lagavulin","floor":6,"turns":6},{"damage":37,"enemies":"Gremlin Nob","floor":11,"turns":3}],"seed_played":"4829687364799999759","potions_obtained":[],"is_trial":false,"path_per_floor":["M","$","$","M","?","E","R","?","T","R","E"],"character_chosen":"DEFECT","items_purchased":["Chaos","Steam"],"campfire_rested":1,"item_purchase_floors":[2,3],"current_hp_per_floor":[58,58,58,55,48,37,37,16,16,37,0,0],"gold":46,"neow_bonus":"UPGRADE_CARD","is_daily":false,"chose_seed":false,"campfire_upgraded":1,"win_rate":0.0,"timestamp":1611628278,"path_taken":["M","?","$","M","?","E","R","?","T","R","E"],"items_purchased_type":["Card","Card"],"build_version":"2020-12-22","purchased_purges":0,"victory":false,"max_hp_per_floor":[71,71,71,71,71,71,71,71,71,71,71,71],"relic_stats":{"counters":[4,15],"Sundial":[0],"obtain_stats":[{"Ice Cream":9,"Sundial":6,"Cracked Core":0},{"Ice Cream":3,"Sundial":3,"Cracked Core":0},{"Ice Cream":12,"Sundial":12,"Cracked Core":0}]},"card_choices":[{"not_picked":["Steam","Redo"],"picked":"Conserve Battery","floor":1},{"not_picked":["Reinforced Body","Steam","Blizzard"],"picked":"SKIP","floor":4},{"not_picked":["Reprogram","Barrage"],"picked":"Rebound","floor":6}],"player_experience":1626339,"relics_obtained":[{"floor":6,"key":"Sundial"},{"floor":9,"key":"Ice Cream"}],"event_choices":[{"cards_removed":["Strike_B"],"damage_healed":0,"gold_gain":0,"player_choice":"Card Removal","damage_taken":7,"max_hp_gain":0,"max_hp_loss":0,"event_name":"Golden Wing","floor":5,"gold_loss":0},{"damage_healed":0,"gold_gain":0,"player_choice":"Entered Light","damage_taken":21,"max_hp_gain":0,"max_hp_loss":0,"event_name":"Shining Light","floor":8,"gold_loss":0,"cards_upgraded":["Dualcast","Conserve Battery"]}],"is_beta":false,"boss_relics":[],"items_purged_floors":[],"is_endless":false,"potions_floor_spawned":[],"killed_by":"Gremlin Nob","ascension_level":20}}