{"host":"rqwnmhn71fwyjegj","time":1611671047,"event":{"mods":["AchievementEnabler","BaseMod","Minty Spire (QoL Compilation)"],"gold_per_floor":[117,90,12,29,40,40,65,65,65,65,65,98,19,19,19,119,119,131,131,56,56,155,189,189,199,199,199,219,237,237,248,248,248,248],"floor_reached":33,"language":"ENG","playtime":1008,"items_purged":["Strike_G"],"score":391,"play_id":"d85a4f2c-f163-41a7-b2f6-4b484169bfcf","local_time":"20210126142407","is_ascension_mode":true,"campfire_choices":[{"data":"Dagger Spray","floor":6,"key":"SMITH"},{"floor":8,"key":"REST"},{"data":"Poisoned Stab","floor":10,"key":"SMITH"},{"floor":15,"key":"REST"},{"floor":24,"key":"REST"},{"floor":27,"key":"REST"},{"floor":32,"key":"REST"}],"circlet_count":0,"master_deck":["Strike_G+1","Strike_G+1","Strike_G+1","Strike_G+1","Defend_G+1","Defend_G+1","Defend_G+1","Defend_G+1","Defend_G+1","Survivor","Neutralize","Dagger Spray+1","Caltrops","Poisoned Stab+1","Poisoned Stab","Noxious Fumes","Envenom","Deflect","Flying Knee+1"],"relics":["Ring of the Snake","Tough Bandages","Letter Opener","Pocketwatch","Busted Crown","Matryoshka","Ornamental Fan","Toy Ornithopter"],"acts_visited":["Exordium","TheCity"],"potions_floor_usage":[29,33,33],"damage_taken":[{"damage":2,"enemies":"2 Louse","floor":1,"turns":5},{"damage":4,"enemies":"Small Slimes","floor":4,"turns":6},{"damage":4,"enemies":"Jaw Worm","floor":5,"turns":4},{"damage":26,"enemies":"Lagavulin","floor":7,"turns":7},{"damage":26,"enemies":"Gremlin Nob","floor":12,"turns":3},{"damage":12,"enemies":"The Guardian","floor":16,"turns":11},{"damage":16,"enemies":"Chosen","floor":18,"turns":5},{"damage":35,"enemies":"Book of Stabbing","floor":23,"turns":5},{"damage":18,"enemies":"2 Thieves","floor":25,"turns":4},{"damage":12,"enemies":"Snake Plant","floor":28,"turns":4},{"damage":0,"enemies":"Centurion and Healer","floor":29,"turns":6},{"damage":14,"enemies":"Shelled Parasite and Fungi","floor":31,"turns":5},{"damage":97,"enemies":"Champ","floor":33,"turns":11}],"seed_played":"5703593497893285918","potions_obtained":[{"floor":5,"key":"GamblersBrew"},{"floor":12,"key":"Explosive Potion"},{"floor":29,"key":"Fruit Juice"}],"is_trial":false,"path_per_floor":["M","?","$","M","M","R","E","R","T","R","?","E","$","?","R","B",null,"M","?","$","?","?","E","R","M","T","R","M","M","?","M","R","B"],"character_chosen":"THE_SILENT","items_purchased":["Caltrops","Noxious Fumes"],"campfire_rested":5,"item_purchase_floors":[3,13],"current_hp_per_floor":[68,68,68,64,60,60,34,57,57,57,62,36,36,36,60,48,74,58,58,58,58,58,23,47,29,29,53,41,51,51,37,63,0,0],"gold":248,"neow_bonus":"TEN_PERCENT_HP_BONUS","is_daily":false,"chose_seed":false,"campfire_upgraded":2,"win_rate":0.0,"timestamp":1611671047,"path_taken":["M","?","$","M","M","R","E","R","T","R","?","E","$","?","R","BOSS","M","?","$","?","?","E","R","M","T","R","M","M","?","M","R","BOSS"],"items_purchased_type":["Card","Card"],"build_version":"2020-12-22","purchased_purges":1,"victory":false,"max_hp_per_floor":[77,77,77,77,77,77,77,77,77,77,82,82,82,82,82,82,82,82,82,82,82,82,82,82,82,82,82,82,87,87,87,87,87,87],"card_choices":[{"not_picked":["Dodge and Roll","Masterful Stab"],"picked":"Dagger Spray","floor":1},{"not_picked":["Accuracy","Backflip"],"picked":"Poisoned Stab","floor":4},{"not_picked":["Flying Knee","Prepared"],"picked":"Poisoned Stab","floor":5},{"not_picked":["Skewer","Dodge and Roll","Escape Plan"],"picked":"SKIP","floor":7},{"not_picked":["Outmaneuver","Quick Slash","Escape Plan"],"picked":"SKIP","floor":12},{"not_picked":["Tools of the Trade","Glass Knife"],"picked":"Envenom","floor":16},{"not_picked":[],"picked":"Deflect","floor":18},{"not_picked":["Deflect"],"picked":"SKIP","floor":23},{"not_picked":["Well Laid Plans+1"],"picked":"SKIP","floor":25},{"not_picked":["Crippling Poison+1"],"picked":"SKIP","floor":28},{"not_picked":[],"picked":"Flying Knee+1","floor":29},{"not_picked":["Blur"],"picked":"SKIP","floor":31}],"player_experience":333052,"relics_obtained":[{"floor":7,"key":"Tough Bandages"},{"floor":9,"key":"Letter Opener"},{"floor":12,"key":"Pocketwatch"},{"floor":23,"key":"Matryoshka"},{"floor":26,"key":"Ornamental Fan"},{"floor":26,"key":"Toy Ornithopter"}],"event_choices":[{"damage_healed":0,"gold_gain":0,"player_choice":"Left Gold","damage_taken":0,"max_hp_gain":0,"max_hp_loss":0,"event_name":"World of Goop","floor":2,"gold_loss":27},{"damage_healed":0,"gold_gain":0,"player_choice":"Donut","damage_taken":0,"max_hp_gain":5,"max_hp_loss":0,"event_name":"Big Fish","floor":11,"gold_loss":0},{"damage_healed":0,"gold_gain":0,"player_choice":"Ignored","damage_taken":0,"max_hp_gain":0,"max_hp_loss":0,"event_name":"Golden Idol","floor":14,"gold_loss":0},{"damage_healed":0,"gold_gain":0,"player_choice":"Ignored","damage_taken":0,"max_hp_gain":0,"max_hp_loss":0,"event_name":"Ghosts","floor":19,"gold_loss":0},{"damage_healed":0,"gold_gain":0,"player_choice":"Simplicity","damage_taken":0,"max_hp_gain":0,"max_hp_loss":0,"event_name":"Back to Basics","floor":21,"gold_loss":0,"cards_upgraded":["Strike_G","Strike_G","Strike_G","Strike_G","Defend_G","Defend_G","Defend_G","Defend_G","Defend_G"]},{"damage_healed":0,"gold_gain":99,"player_choice":"Stole From Cult","damage_taken":0,"max_hp_gain":0,"max_hp_loss":0,"event_name":"Nest","floor":22,"gold_loss":0},{"damage_healed":0,"gold_gain":0,"player_choice":"Ignored","damage_taken":0,"max_hp_gain":0,"max_hp_loss":0,"event_name":"Vampires","floor":30,"gold_loss":0}],"is_beta":false,"boss_relics":[{"not_picked":["Velvet Choker","Astrolabe"],"picked":"Busted Crown"}],"items_purged_floors":[20],"is_endless":false,"potions_floor_spawned":[5,12,29],"killed_by":"Champ","ascension_level":7}}