{"host":"xmr2g8b7eju0288o","time":1611689942,"event":{"mods":["AchievementEnabler","BaseMod","Colored Map","Colored Powertips","Infinite Spire","KOR Keyword Fix","Minty Spire (QoL Compilation)","Quick Restart","Spicy Shops","StSLib","SuperFastMode"],"gold_per_floor":[147,147,147,147,201,201,2,89,89,89,149,149,206,239,239,461,461,521,34,94,148,148,148],"floor_reached":22,"language":"KOR","playtime":568,"items_purged":[],"score":372,"play_id":"f16e3659-f1f5-4a56-b1b2-72d56b6a6f3e","local_time":"20210127043902","daily_mods":["Heirloom","Midas"],"is_ascension_mode":true,"campfire_choices":[{"floor":6.0,"key":"REST"},{"floor":10.0,"key":"REST"},{"floor":15.0,"key":"REST"}],"circlet_count":0,"master_deck":["AscendersBane","Strike_R+1","Strike_R","Strike_R","Strike_R","Strike_R","Defend_R","Defend_R","Defend_R","Defend_R","Bash+1","Impervious","Iron Wave","Metallicize","Body Slam","Combust","Thunderclap","Iron Wave","Combust","Shrug It Off"],"relics":["infinitespire:DarkRift","TungstenRod","Membership Card","Lantern","infinitespire:FocusingShard","Magic Flower","infinitespire:Cubic Diamond","Fusion Hammer","Tiny Chest","Chemical X","infinitespire:EmpoweringShard","StoneCalendar"],"acts_visited":["Exordium","TheCity"],"potions_floor_usage":[20],"damage_taken":[{"damage":2.0,"enemies":"2 Louse","floor":1.0,"turns":3.0},{"damage":10.0,"enemies":"Cultist","floor":5.0,"turns":4.0},{"damage":19.0,"enemies":"Lagavulin","floor":8.0,"turns":5.0},{"damage":3.0,"enemies":"Jaw Worm","floor":11.0,"turns":4.0},{"damage":9.0,"enemies":"Blue Slaver","floor":13.0,"turns":4.0},{"damage":4.0,"enemies":"Large Slime","floor":14.0,"turns":8.0},{"damage":39.0,"enemies":"The Guardian","floor":16.0,"turns":10.0},{"damage":12,"enemies":"Shell Parasite","floor":18,"turns":4},{"damage":22,"enemies":"2 Thieves","floor":20,"turns":3},{"damage":24,"enemies":"Centurion and Healer","floor":21,"turns":5},{"damage":31,"enemies":"Chosen and Byrds","floor":22,"turns":5}],"seed_played":"7798576867441785889","potions_obtained":[{"floor":5.0,"key":"Strength Potion"},{"floor":13.0,"key":"Swift Potion"},{"floor":16.0,"key":"Fruit Juice"},{"floor":18,"key":"BloodPotion"},{"floor":20,"key":"Block Potion"}],"is_trial":true,"path_per_floor":["M","?","$","?","M","R","$","E","T","R","M","?","M","M","R","B",null,"M","$","M","M","M"],"character_chosen":"IRONCLAD","items_purchased":["Membership Card","Lantern","Tiny Chest","Chemical X","infinitespire:EmpoweringShard","StoneCalendar","Combust"],"campfire_rested":3,"item_purchase_floors":[7,7,19,19,19,19,19],"current_hp_per_floor":[72,50,50,50,46,68,68,55,55,75,75,75,66,62,75,41,70,58,58,52,28,0,0],"gold":148,"neow_bonus":"","is_daily":false,"chose_seed":false,"campfire_upgraded":0,"win_rate":0.0,"timestamp":1611689942,"path_taken":["M","?","$","?","?","R","$","E","T","R","M","?","M","M","R","BOSS","M","$","M","M","M"],"items_purchased_type":["Relic","Relic","Relic","Relic","Relic","Relic","Card"],"build_version":"2020-12-22","purchased_purges":0,"victory":false,"max_hp_per_floor":[75,75,75,75,75,75,75,75,75,75,75,75,75,75,75,80,80,80,80,80,80,80,80],"card_choices":[{"not_picked":["Havoc","Clothesline","Wild Strike"],"picked":"SKIP","floor":1.0},{"not_picked":["Sword Boomerang","Feel No Pain"],"picked":"Iron Wave","floor":5.0},{"not_picked":["Hemokinesis","Combust"],"picked":"Metallicize","floor":8.0},{"not_picked":["Anger","Battle Trance"],"picked":"Body Slam","floor":11.0},{"not_picked":["Heavy Blade","Carnage"],"picked":"Combust","floor":13.0},{"not_picked":["Whirlwind","Clash"],"picked":"Thunderclap","floor":14.0},{"not_picked":["Thunderclap","Bloodletting"],"picked":"Iron Wave","floor":18},{"not_picked":["Battle Trance+1","Sword Boomerang"],"picked":"Shrug It Off","floor":20},{"not_picked":["Anger","Power Through","Twin Strike+1"],"picked":"SKIP","floor":21}],"player_experience":83142,"relics_obtained":[{"floor":8.0,"key":"infinitespire:FocusingShard"},{"floor":9.0,"key":"Magic Flower"}],"event_choices":[{"damage_healed":0.0,"max_hp_gain":0.0,"max_hp_loss":0.0,"gold_gain":0.0,"event_name":"Shining Light","player_choice":"Entered Light","floor":2.0,"gold_loss":0.0,"damage_taken":23.0,"cards_upgraded":["Strike_R","Bash"]},{"damage_healed":0.0,"max_hp_gain":0.0,"max_hp_loss":0.0,"gold_gain":0.0,"event_name":"Match and Keep!","player_choice":"1 cards matched","floor":4.0,"gold_loss":0.0,"damage_taken":0.0,"cards_obtained":["Impervious"]}],"is_beta":false,"boss_relics":[{"not_picked":["Empty Cage","Runic Pyramid"],"picked":"Fusion Hammer"}],"items_purged_floors":[],"is_endless":false,"potions_floor_spawned":[5,13,16,18,20,21],"killed_by":"Chosen and Byrds","ascension_level":20}}