{"host":"8fjsnt81u6xsmhji","time":1611656319,"event":{"mods":["BaseMod","Beaked The Cultist","Colored Powertips","Downfall","Glutton Mod","Hermit","Minty Spire (QoL Compilation)","Quick Restart","StSLib","The Bug Knight","The Forsaken","The Hierophant","The Runesmith"],"gold_per_floor":[0,13,31,131,131,31,84,84,98,83,99,127,144,157,175,175,175,175],"floor_reached":16,"language":"ENG","playtime":642,"items_purged":[],"score":94,"play_id":"3f34bfd1-b799-4541-bdd8-55c5f58c5bfc","local_time":"20210126041839","is_ascension_mode":false,"campfire_choices":[{"floor":1.0,"key":"RECALL"},{"data":"bronze:Overheat","floor":6.0,"key":"SMITH"}],"circlet_count":0,"master_deck":["bronze:Strike","bronze:Strike","bronze:Strike","bronze:Defend","bronze:Defend","bronze:Defend","bronze:Defend","bronze:Replicate","bronze:Goto","bronze:Overheat+1","bronze:Philosophize","bronze:RecursiveStrike","bronze:OilSpill","bronze:WildBeam","bronze:Shield","bronze:Allocate"],"relics":["bronze:BronzeCore","Gambling Chip","downfall:HeartBlessingRed","Odd Mushroom"],"acts_visited":["Exordium"],"potions_floor_usage":[14],"damage_taken":[{"damage":2.0,"enemies":"Small Slimes","floor":2.0,"turns":4.0},{"damage":0.0,"enemies":"2 Louse","floor":3.0,"turns":2.0},{"damage":6.0,"enemies":"Jaw Worm","floor":9.0,"turns":2.0},{"damage":5.0,"enemies":"downfall:FleeingMerchant","floor":10.0,"turns":4.0},{"damage":3.0,"enemies":"3 Louse","floor":11.0,"turns":5.0},{"damage":21.0,"enemies":"The Mushroom Lair","floor":12.0,"turns":3.0},{"damage":11.0,"enemies":"Exordium Wildlife","floor":13.0,"turns":2.0},{"damage":5,"enemies":"Lots of Slimes","floor":14,"turns":3},{"damage":5,"enemies":"Exordium Thugs","floor":15,"turns":3},{"damage":24,"enemies":"DF_ARCHETYPE_STREAMLINE","floor":16,"turns":3}],"seed_played":"-7231160271867311381","potions_obtained":[{"floor":12.0,"key":"FearPotion"},{"floor":13.0,"key":"BlessingOfTheForge"},{"floor":14,"key":"Fire Potion"}],"is_trial":false,"path_per_floor":["R","M","M","?","?","R","T","?","M","$","M","?","M","M","M","B"],"character_chosen":"THE_AUTOMATON","items_purchased":[],"campfire_rested":0,"item_purchase_floors":[],"current_hp_per_floor":[70,68,68,68,68,68,68,68,62,57,54,33,22,17,12,0,0,0],"gold":175,"neow_bonus":"ONE_RARE_RELIC","is_daily":false,"chose_seed":false,"campfire_upgraded":1,"win_rate":0.0,"timestamp":1611656319,"path_taken":["R","M","M","?","?","R","T","?","M","?","M","?","M","?","M","BOSS"],"items_purchased_type":[],"build_version":"2020-12-22","purchased_purges":0,"victory":false,"max_hp_per_floor":[70,70,70,70,70,70,70,70,70,70,70,70,70,70,70,70,70,70],"card_choices":[{"not_picked":["bronze:Shield","bronze:DigitalCarnage"],"picked":"bronze:Overheat","floor":2.0},{"not_picked":["bronze:ItsAFeature","bronze:CutThrough"],"picked":"bronze:Philosophize","floor":3.0},{"not_picked":["bronze:Frontload","bronze:Deprecate","bronze:Turbo"],"picked":"SKIP","floor":9.0},{"not_picked":["bronze:WhirlingStrike","bronze:Frontload"],"picked":"bronze:RecursiveStrike","floor":10.0},{"not_picked":["bronze:BitShift","bronze:BuggyMess"],"picked":"bronze:OilSpill","floor":11.0},{"not_picked":["bronze:DelayedSlice","bronze:FineTuning"],"picked":"bronze:WildBeam","floor":12.0},{"not_picked":["bronze:Deprecate","bronze:DelayedSlice"],"picked":"bronze:Shield","floor":13.0},{"not_picked":["bronze:DelayedGuard","bronze:Overload","bronze:Frontload"],"picked":"SKIP","floor":14},{"not_picked":["bronze:WhirlingStrike","bronze:ThunderWave"],"picked":"bronze:Allocate","floor":15}],"player_experience":724546,"relics_obtained":[{"floor":12.0,"key":"Odd Mushroom"}],"event_choices":[{"damage_healed":0.0,"max_hp_gain":0.0,"max_hp_loss":0.0,"gold_gain":0.0,"event_name":"Mushrooms","player_choice":"Fought Mushrooms","floor":12.0,"gold_loss":0.0,"damage_taken":0.0}],"is_beta":false,"boss_relics":[],"items_purged_floors":[],"is_endless":false,"potions_floor_spawned":[12,13,14],"killed_by":"DF_ARCHETYPE_STREAMLINE","ascension_level":0}}