{"host":"k5yjj86hwv5qv2gx","time":1611691888,"event":{"mods":["BaseMod","BetterRewards","Minty Spire (QoL Compilation)","StSLib"],"gold_per_floor":[111,111,123,273,273,273,311,335,335,335,369,369,369,369],"floor_reached":13,"language":"ENG","playtime":578,"items_purged":[],"score":182,"play_id":"7440d1fd-9e6c-44ba-a40a-ed34b6c33af2","local_time":"20210126121128","is_ascension_mode":true,"campfire_choices":[{"data":"Neutralize","floor":6,"key":"SMITH"},{"floor":10,"key":"REST"},{"data":"Deadly Poison","floor":12,"key":"SMITH"}],"circlet_count":0,"master_deck":["AscendersBane","Strike_G+1","Strike_G","Defend_G+1","Defend_G","Defend_G","Defend_G","Defend_G","Survivor+1","Neutralize+1","Doppelganger+1","Deadly Poison+1","Slice+1","Backflip","PiercingWail","Doubt","Dagger Spray+1","Deadly Poison+1","Blade Dance"],"relics":["Astrolabe","Golden Idol","Whetstone","Eternal Feather","CaptainsWheel"],"acts_visited":["Exordium"],"potions_floor_usage":[11,13],"damage_taken":[{"damage":0,"enemies":"Jaw Worm","floor":1,"turns":4},{"damage":0,"enemies":"2 Louse","floor":3,"turns":3},{"damage":35,"enemies":"3 Sentries","floor":7,"turns":13},{"damage":1,"enemies":"Small Slimes","floor":8,"turns":2},{"damage":9,"enemies":"Lagavulin","floor":11,"turns":7},{"damage":30,"enemies":"3 Sentries","floor":13,"turns":7}],"seed_played":"8243525109163026653","potions_obtained":[{"floor":3,"key":"Dexterity Potion"},{"floor":7,"key":"DistilledChaos"}],"is_trial":false,"path_per_floor":["M","?","M","?","?","R","E","M","T","R","E","R","E"],"character_chosen":"THE_SILENT","items_purchased":[],"campfire_rested":1,"item_purchase_floors":[],"current_hp_per_floor":[59,39,39,39,39,39,4,3,3,30,21,30,0,0],"gold":369,"neow_bonus":"BOSS_RELIC","is_daily":false,"chose_seed":false,"campfire_upgraded":2,"win_rate":0.0,"timestamp":1611691888,"path_taken":["M","?","M","?","?","R","E","?","T","R","E","R","E"],"items_purchased_type":[],"build_version":"2020-12-22","purchased_purges":0,"victory":false,"max_hp_per_floor":[66,66,66,66,60,60,60,60,60,60,60,60,60,60],"card_choices":[{"not_picked":["Outmaneuver","Dagger Spray"],"picked":"Backflip","floor":1},{"not_picked":["Sucker Punch","Riddle With Holes"],"picked":"PiercingWail","floor":3},{"not_picked":["Storm of Steel","Finisher"],"picked":"Dagger Spray","floor":7},{"not_picked":["Poisoned Stab","PiercingWail"],"picked":"Deadly Poison","floor":8},{"not_picked":["Slice","Calculated Gamble"],"picked":"Blade Dance","floor":11}],"player_experience":1127227,"relics_obtained":[{"floor":7,"key":"Whetstone"},{"floor":9,"key":"Eternal Feather"},{"floor":11,"key":"CaptainsWheel"}],"event_choices":[{"damage_healed":0,"gold_gain":0,"player_choice":"Entered Light","damage_taken":20,"max_hp_gain":0,"max_hp_loss":0,"event_name":"Shining Light","floor":2,"gold_loss":0,"cards_upgraded":["Defend_G","Survivor"]},{"damage_healed":0,"gold_gain":150,"player_choice":"AGREE","damage_taken":0,"max_hp_gain":0,"max_hp_loss":0,"event_name":"Liars Game","floor":4,"gold_loss":0,"cards_obtained":["Doubt"]},{"damage_healed":0,"gold_gain":0,"player_choice":"Lose Max HP","damage_taken":0,"relics_obtained":["Golden Idol"],"max_hp_gain":0,"max_hp_loss":6,"event_name":"Golden Idol","floor":5,"gold_loss":0}],"is_beta":false,"boss_relics":[],"items_purged_floors":[],"is_endless":false,"potions_floor_spawned":[3,7],"killed_by":"3 Sentries","ascension_level":20}}