{"host":"a76kj1hq3s7111r2","time":1611624375,"event":{"mods":["Alarm Clock","BaseMod","GifTheSpireLib","Gold Saver","Hermit","Koishi","Marisa????????","Marked Mod","Minty Spire (QoL Compilation)","Potionbrewer","Rare Cards Sparkle","Shop Mod","StSLib","The Cursed","The Marked","The Servant 0.9.4"],"gold_per_floor":[1578,1590,1590,1601,1601,1601,1627,1627,1627,1639,1639,1649,1665,846,846,946,946,964,964,983,1002,251,251,251,251,298,298,308,129,144,144,144,248,298,315,315,327,345,85,85,85,102,102,102,102],"floor_reached":44,"language":"ENG","playtime":4421,"items_purged":["Pain","Strike_G","Defend_G"],"score":460,"play_id":"6a712e44-8268-483f-89ca-6d750be2d129","local_time":"20210125202615","is_ascension_mode":false,"campfire_choices":[{"floor":6,"key":"RECALL"},{"floor":8,"key":"REST"},{"floor":15,"key":"REST"},{"floor":23,"key":"REST"},{"floor":25,"key":"REST"},{"data":"A Thousand Cuts","floor":27,"key":"SMITH"},{"data":"Ghostly","floor":32,"key":"SMITH"},{"data":"Ghostly","floor":40,"key":"SMITH"}],"circlet_count":0,"master_deck":["Strike_G","Strike_G","Defend_G","Defend_G","Defend_G","Defend_G","Survivor","Neutralize+1","Unload","Deflect","Choke","Blade Dance","Escape Plan","Cloak And Dagger","Infinite Blades","Metamorphosis","Purity","A Thousand Cuts+1","Prepared","Prepared","Dodge and Roll","Infinite Blades","Backstab+1","Dramatic Entrance+1","Cloak And Dagger+1","Deflect","Noxious Fumes","Ghostly+1","Ghostly","Ghostly+1","Ghostly+1","Ghostly","A Thousand Cuts","Flying Knee+1","Backstab+1","Blind","Caltrops","Endless Agony+1","Reflex"],"relics":["Ring of the Snake","Pen Nib","Bag of Preparation","WarpedTongs","Molten Egg 2","potionbrewer:WarMedal","Runic Pyramid","Regal Pillow","Gambling Chip","Juzu Bracelet","Tiny House","Mercury Hourglass","Sundial"],"acts_visited":["Exordium","TheCity","TheBeyond"],"potions_floor_usage":[12,18,28,33,42,42],"damage_taken":[{"damage":8,"enemies":"Jaw Worm","floor":1,"turns":3},{"damage":0,"enemies":"Small Slimes","floor":2,"turns":4},{"damage":0,"enemies":"2 Louse","floor":4,"turns":2},{"damage":38,"enemies":"Lagavulin","floor":7,"turns":8},{"damage":9,"enemies":"Lots of Slimes","floor":10,"turns":5},{"damage":6,"enemies":"Exordium Wildlife","floor":12,"turns":3},{"damage":0,"enemies":"Exordium Thugs","floor":13,"turns":4},{"damage":36,"enemies":"Slime Boss","floor":16,"turns":8},{"damage":9,"enemies":"2 Thieves","floor":18,"turns":3},{"damage":8,"enemies":"3 Byrds","floor":20,"turns":4},{"damage":43,"enemies":"Cultist and Chosen","floor":21,"turns":5},{"damage":9,"enemies":"Snake Plant","floor":28,"turns":5},{"damage":0,"enemies":"Shelled Parasite and Fungi","floor":30,"turns":2},{"damage":23,"enemies":"Collector","floor":33,"turns":8},{"damage":2,"enemies":"Orb Walker","floor":35,"turns":4},{"damage":2,"enemies":"3 Darklings","floor":37,"turns":4},{"damage":6,"enemies":"Sphere and 2 Shapes","floor":38,"turns":3},{"damage":28,"enemies":"Transient","floor":42,"turns":5},{"damage":6,"enemies":"Writhing Mass","floor":44,"turns":3}],"seed_played":"5811054198388689816","potions_obtained":[{"floor":10,"key":"potionbrewer:NoxiousPotion"},{"floor":16,"key":"potionbrewer:HastePotion"},{"floor":18,"key":"Block Potion"},{"floor":21,"key":"Fire Potion"},{"floor":34,"key":"PowerPotion"},{"floor":35,"key":"PowerPotion"}],"is_trial":false,"path_per_floor":["M","M","?","M","?","R","E","R","T","M","?","M","M","$","R","B",null,"M","?","M","M","$","R","?","R","T","R","M","$","M","?","R","B",null,"M","?","M","M","$","R","?","M","T","M"],"character_chosen":"THE_SILENT","items_purchased":["Molten Egg 2","Metamorphosis","potionbrewer:WarMedal","Purity","Regal Pillow","Gambling Chip","Infinite Blades","Backstab+1","Dramatic Entrance+1","Deflect","Mercury Hourglass"],"campfire_rested":4,"item_purchase_floors":[14,14,14,14,22,22,22,22,22,29,39],"current_hp_per_floor":[62,62,55,55,55,55,17,38,38,29,29,23,23,23,44,8,70,61,55,47,4,4,40,40,70,70,70,61,61,61,35,35,12,40,38,38,36,30,30,30,30,2,2,0,0],"gold":102,"neow_bonus":"ONE_RANDOM_RARE_CARD","is_daily":false,"chose_seed":false,"campfire_upgraded":3,"win_rate":0.0,"timestamp":1611624375,"path_taken":["M","M","?","M","?","R","E","R","T","M","?","?","M","?","R","BOSS","M","?","M","?","$","R","?","R","T","R","M","?","M","?","R","BOSS","M","?","M","M","$","R","?","M","T","M"],"items_purchased_type":["Relic","Card","Relic","Card","Relic","Relic","Card","Card","Card","Card","Relic"],"build_version":"2020-12-22","purchased_purges":3,"victory":false,"max_hp_per_floor":[70,70,70,70,70,70,70,70,70,70,70,70,70,70,70,70,70,70,70,70,70,70,70,70,70,70,70,70,70,70,35,35,35,40,40,40,40,40,40,40,40,40,40,40,40],"card_choices":[{"not_picked":["Backflip","Cloak And Dagger"],"picked":"Deflect","floor":1},{"not_picked":["Sucker Punch","Flechettes"],"picked":"Choke","floor":2},{"not_picked":["Bullet Time","Masterful Stab","Slice"],"picked":"SKIP","floor":4},{"not_picked":["Escape Plan","Skewer"],"picked":"Blade Dance","floor":7},{"not_picked":["Terror","Catalyst"],"picked":"Escape Plan","floor":10},{"not_picked":["Dagger Throw","Blur"],"picked":"Cloak And Dagger","floor":12},{"not_picked":["Dagger Spray","Cloak And Dagger"],"picked":"Infinite Blades","floor":13},{"not_picked":["Malaise","Unload+1"],"picked":"A Thousand Cuts","floor":16},{"not_picked":["Eviscerate+1","Bane+1"],"picked":"Prepared","floor":18},{"not_picked":["Masterful Stab+1","Dash+1"],"picked":"Prepared","floor":20},{"not_picked":["Sucker Punch+1","Dash+1"],"picked":"Dodge and Roll","floor":21},{"not_picked":["Dagger Spray+1","Flying Knee+1"],"picked":"Cloak And Dagger+1","floor":28},{"not_picked":["Dash+1","Choke+1"],"picked":"Noxious Fumes","floor":30},{"not_picked":["Glass Knife+1","Storm of Steel"],"picked":"A Thousand Cuts","floor":33},{"not_picked":["Quick Slash+1","Skewer+1"],"picked":"Flying Knee+1","floor":34},{"not_picked":["Acrobatics+1","Cloak And Dagger"],"picked":"Backstab+1","floor":35},{"not_picked":["Backflip+1","Cloak And Dagger+1"],"picked":"Caltrops","floor":37},{"not_picked":["Sucker Punch+1","Bouncing Flask"],"picked":"Endless Agony+1","floor":38},{"not_picked":["Acrobatics+1","Dagger Throw+1"],"picked":"Reflex","floor":42}],"player_experience":408813,"relics_obtained":[{"floor":7,"key":"Bag of Preparation"},{"floor":26,"key":"Juzu Bracelet"},{"floor":43,"key":"Sundial"}],"event_choices":[{"damage_healed":0,"gold_gain":0,"player_choice":"Success","damage_taken":7,"relics_obtained":["Pen Nib"],"max_hp_gain":0,"max_hp_loss":0,"event_name":"Scrap Ooze","floor":3,"gold_loss":0},{"cards_removed":["Strike_G"],"damage_healed":0,"gold_gain":0,"player_choice":"Forget","damage_taken":0,"max_hp_gain":0,"max_hp_loss":0,"event_name":"Living Wall","floor":5,"gold_loss":0},{"damage_healed":0,"gold_gain":0,"player_choice":"Rummage","damage_taken":0,"relics_obtained":["WarpedTongs"],"max_hp_gain":0,"max_hp_loss":0,"event_name":"Accursed Blacksmith","floor":11,"gold_loss":0,"cards_obtained":["Pain"]},{"damage_healed":0,"gold_gain":0,"player_choice":"","damage_taken":6,"max_hp_gain":0,"max_hp_loss":0,"event_name":"Knowing Skull","floor":19,"potions_obtained":[],"gold_loss":0,"cards_obtained":[]},{"cards_removed":["Strike_G"],"damage_healed":0,"gold_gain":0,"player_choice":"Purged","damage_taken":0,"max_hp_gain":0,"max_hp_loss":0,"event_name":"Purifier","floor":24,"gold_loss":0},{"damage_healed":0,"gold_gain":0,"player_choice":"Became a Ghost","damage_taken":0,"max_hp_gain":0,"max_hp_loss":35,"event_name":"Ghosts","floor":31,"gold_loss":0,"cards_obtained":["Ghostly","Ghostly","Ghostly","Ghostly","Ghostly"]},{"damage_healed":0,"gold_gain":0,"player_choice":"1 cards matched","damage_taken":0,"max_hp_gain":0,"max_hp_loss":0,"event_name":"Match and Keep!","floor":36,"gold_loss":0,"cards_obtained":["Blind"]},{"damage_healed":0,"gold_gain":0,"player_choice":"Upgraded","damage_taken":0,"max_hp_gain":0,"max_hp_loss":0,"event_name":"Upgrade Shrine","floor":41,"gold_loss":0,"cards_upgraded":["Ghostly"]}],"is_beta":false,"boss_relics":[{"not_picked":["Fusion Hammer","SlaversCollar"],"picked":"Runic Pyramid"},{"not_picked":["Astrolabe","Empty Cage"],"picked":"Tiny House"}],"items_purged_floors":[14,22,29],"is_endless":false,"potions_floor_spawned":[10,16,18,21,35],"killed_by":"Writhing Mass","ascension_level":0}}