{"host":"yq2wmfr0u0wuvxc0","time":1611624862,"event":{"mods":["Act Like it!","Aspiration","BaseMod","Curses Come First","Downfall","Friendly Minions","Gensokyo","Hero for Fun","Hubris","Infinite Spire","Marisa????????","Minty Spire (QoL Compilation)","Pale of the Ancients","Remilia??????","Shop Mod","StSLib","The Servant 0.9.4","Wide Potions"],"gold_per_floor":[112,112,112,62,87,87,104,29,29,29,43,55,55,87,87,190,190,209,6,21,38,38,38,38,38,38],"floor_reached":25,"language":"ZHS","playtime":828,"items_purged":["Strike_G","Strike_G"],"score":358,"play_id":"bbf07086-ac25-4d9d-933a-22ab010a902a","local_time":"20210125173422","is_ascension_mode":true,"campfire_choices":[{"data":"Blade Dance","floor":6.0,"key":"SMITH"},{"data":"Neutralize","floor":10.0,"key":"SMITH"},{"data":"infinitespire:Execution","floor":13.0,"key":"SMITH"},{"data":"Prepared","floor":15.0,"key":"SMITH"},{"data":"Storm of Steel","floor":23.0,"key":"SMITH"}],"circlet_count":0,"master_deck":["AscendersBane","Strike_G","Defend_G","Defend_G","Defend_G","Defend_G","Defend_G","Survivor","Neutralize+1","Calculated Gamble","Blade Dance+1","infinitespire:Execution+1","Prepared+1","Escape Plan","Acrobatics","Storm of Steel+1","Footwork"],"relics":["Ring of the Snake","aspiration:HiddenCompartment","aspiration:SeaSaltIceCream","aspiration:Nostalgia","ScarletHat","aspiration:ChemicalBlood","MerchantsRug","hubris:BottledRain","hubris:Towel"],"acts_visited":["Exordium","TheCity"],"potions_floor_usage":[25],"damage_taken":[{"damage":0.0,"enemies":"2 Louse","floor":1.0,"turns":4.0},{"damage":10.0,"enemies":"Small Slimes","floor":7.0,"turns":3.0},{"damage":0.0,"enemies":"Cultist","floor":11.0,"turns":2.0},{"damage":3.0,"enemies":"3 Louse","floor":12.0,"turns":3.0},{"damage":0.0,"enemies":"Gremlin Nob","floor":14.0,"turns":2.0},{"damage":1.0,"enemies":"The Guardian","floor":16.0,"turns":6.0},{"damage":7.0,"enemies":"Chosen","floor":18.0,"turns":4.0},{"damage":5.0,"enemies":"Spheric Guardian","floor":20.0,"turns":4.0},{"damage":9.0,"enemies":"Centurion and Healer","floor":21.0,"turns":7.0},{"damage":46,"enemies":"Slavers","floor":25,"turns":3}],"seed_played":"-7388413640384382405","potions_obtained":[{"floor":1.0,"key":"champ:CounterPotion"},{"floor":18.0,"key":"PowerPotion"}],"is_trial":false,"path_per_floor":["M","?","?","?","T","R","M","$","T","R","M","M","R","E","R","B",null,"M","$","M","M","?","R","?","E"],"character_chosen":"THE_SILENT","items_purchased":["MerchantsRug","Footwork"],"campfire_rested":0,"item_purchase_floors":[19,19],"current_hp_per_floor":[63,46,51,51,51,51,41,41,41,41,41,38,38,38,38,37,66,59,59,54,45,45,45,45,0,0],"gold":38,"neow_bonus":"TRANSFORM_CARD","is_daily":false,"chose_seed":false,"campfire_upgraded":5,"win_rate":0.0,"timestamp":1611624862,"path_taken":["M","?","?","?","?","R","M","?","T","R","M","M","R","E","R","BOSS","M","$","M","M","?","R","?","E"],"items_purchased_type":["Relic","Card"],"build_version":"2020-12-22","purchased_purges":2,"victory":false,"max_hp_per_floor":[70,70,75,75,75,75,75,75,75,75,75,75,75,75,75,75,75,75,75,75,75,75,75,75,75,75],"card_choices":[{"not_picked":["Predator","Dodge and Roll"],"picked":"Blade Dance","floor":1.0},{"not_picked":["infinitespire:FutureSight","infinitespire:DeathsTouch"],"picked":"infinitespire:Execution","floor":2.0},{"not_picked":["Endless Agony","hubris:TrickCloak"],"picked":"Prepared","floor":7.0},{"not_picked":["Quick Slash","Dagger Spray"],"picked":"Escape Plan","floor":11.0},{"not_picked":["Poisoned Stab","All Out Attack","Deadly Poison"],"picked":"SKIP","floor":12.0},{"not_picked":["Caltrops","Night Terror"],"picked":"Acrobatics","floor":14.0},{"not_picked":["Die Die Die","A Thousand Cuts"],"picked":"Storm of Steel","floor":16.0},{"not_picked":["Choke","Poisoned Stab+1","Dagger Throw"],"picked":"SKIP","floor":18.0},{"not_picked":["Catalyst","Deadly Poison","Caltrops"],"picked":"SKIP","floor":20.0},{"not_picked":["Deflect","Outmaneuver","Noxious Fumes"],"picked":"SKIP","floor":21.0}],"player_experience":254399,"relics_obtained":[{"floor":5.0,"key":"aspiration:HiddenCompartment"},{"floor":9.0,"key":"aspiration:SeaSaltIceCream"},{"floor":14.0,"key":"aspiration:ChemicalBlood"}],"event_choices":[{"damage_healed":0.0,"max_hp_gain":5.0,"max_hp_loss":0.0,"gold_gain":0.0,"event_name":"Big Fish","player_choice":"Donut","floor":3.0,"gold_loss":0.0,"damage_taken":0.0},{"cards_removed":["Strike_G"],"damage_healed":0.0,"max_hp_gain":0.0,"max_hp_loss":0.0,"gold_gain":0.0,"event_name":"The Cleric","player_choice":"Card Removal","floor":4.0,"gold_loss":50.0,"damage_taken":0.0},{"damage_healed":0.0,"max_hp_gain":0.0,"max_hp_loss":0.0,"gold_gain":0.0,"event_name":"The Mausoleum","player_choice":"Opened","floor":22.0,"gold_loss":0.0,"damage_taken":0.0,"relics_obtained":["hubris:BottledRain"]}],"is_beta":false,"boss_relics":[{"not_picked":["bronze:MakeshiftBattery","hubris:HollowSoul"],"picked":"aspiration:RunicSpoon"}],"items_purged_floors":[8,19],"is_endless":false,"potions_floor_spawned":[1,18,21],"killed_by":"Slavers","ascension_level":12}}