{"host":"i98650m3tufgrrto","time":1611664831,"event":{"mods":["100% Spire Juice","Act Like it!","BaseMod","CapriCore","KomeijiMod","Marisa£®ÏF”Í°°ƒß¿Ì…≥£©","Minty Spire (QoL Compilation)","Reimu£®≤©¿ˆ¡È√Œ£©","Remilia£®¿Ÿ√◊¿Ú—«£©","StSLib","The Immortal","The Servant 0.9.4","Yakumo Yukari mod","Youmu£®ªÍ∆«—˝√Œ£©"],"gold_per_floor":[173,98,98,98,112,112,147,147,147,147,147,179,194,209,209,281,281,299,569,582,123,156,156,156,168,168,168,188,207,217,231,231,307,307,325,200,217,638,655,681,321,340,340,340,340,340,358,370,370,370,370,370,370,102,137,137],"floor_reached":57,"language":"ZHS","playtime":2299,"items_purged":["Strike_Remiria","Strike_Remiria","Strike_Remiria","Strike_Remiria+1","Defend_Remirira"],"score":3088,"play_id":"70890dbd-d17a-4b1b-8831-ca902f10a5d3","local_time":"20210126204031","is_ascension_mode":true,"campfire_choices":[{"data":"SealingFear","floor":6.0,"key":"SMITH"},{"floor":8.0,"key":"RECALL"},{"data":"BloodyLaserofSeventeenArticles","floor":15.0,"key":"SMITH"},{"data":"DamonLordCradle_Remiria","floor":23.0,"key":"SMITH"},{"data":"DemonsDinnerFork_Remiria","floor":27.0,"key":"SMITH"},{"data":"HeartBreak_Remiria","floor":32.0,"key":"SMITH"},{"data":"ScarletDestiny","floor":45.0,"key":"SMITH"},{"data":"Purity","floor":49.0,"key":"SMITH"},{"data":"Defend_Remirira","floor":53.0,"key":"SMITH"}],"circlet_count":0,"master_deck":["AscendersBane","Defend_Remirira","Defend_Remirira+1","Absorbed+1","Scratch+1","SealingFear+1","BloodyLaserofSeventeenArticles+1","DemonsDinnerFork_Remiria+1","DamonLordCradle_Remiria+1","DamonLordCradle_Remiria+1","CurseofVladTepes+1","HeartBreak_Remiria+1","ScarletDestiny+1","PartStrengthen+1","PartStrengthen+1","Purity+1","DoubleEdge","Purity"],"relics":["Mastiff:ReiMu","Sundial","ThirstyCrossSpe","SpellCardsRuleRemi","PureWhite:ReiMu","Frozen Egg 2","Coffee Dripper","Mummified Hand","Red Mask","Gremlin Horn","Philosopher\u0027s Stone","Whetstone","DollysMirror","The Courier","Bag of Marbles"],"acts_visited":["Exordium","TheCity","TheBeyond","TheEnding"],"potions_floor_usage":[56],"damage_taken":[{"damage":0.0,"enemies":"Cultist","floor":1.0,"turns":1.0},{"damage":0.0,"enemies":"2 Louse","floor":5.0,"turns":1.0},{"damage":0.0,"enemies":"Gremlin Nob","floor":7.0,"turns":1.0},{"damage":32.0,"enemies":"Gremlin Nob","floor":10.0,"turns":6.0},{"damage":29.0,"enemies":"3 Sentries","floor":12.0,"turns":7.0},{"damage":6.0,"enemies":"Small Slimes","floor":13.0,"turns":3.0},{"damage":9.0,"enemies":"Red Slaver","floor":14.0,"turns":4.0},{"damage":4.0,"enemies":"The Guardian","floor":16.0,"turns":7.0},{"damage":17.0,"enemies":"2 Thieves","floor":18.0,"turns":4.0},{"damage":0.0,"enemies":"3 Byrds","floor":20.0,"turns":3.0},{"damage":0.0,"enemies":"Masked Bandits","floor":22.0,"turns":2.0},{"damage":11.0,"enemies":"Snake Plant","floor":25.0,"turns":4.0},{"damage":0.0,"enemies":"Centurion and Healer","floor":28.0,"turns":2.0},{"damage":19.0,"enemies":"Shelled Parasite and Fungi","floor":29.0,"turns":3.0},{"damage":0.0,"enemies":"Chosen and Byrds","floor":30.0,"turns":3.0},{"damage":4.0,"enemies":"Centurion and Healer","floor":31.0,"turns":3.0},{"damage":2.0,"enemies":"Collector","floor":33.0,"turns":5.0},{"damage":0.0,"enemies":"Orb Walker","floor":35.0,"turns":3.0},{"damage":0.0,"enemies":"3 Shapes","floor":37.0,"turns":3.0},{"damage":0.0,"enemies":"Sphere and 2 Shapes","floor":39.0,"turns":3.0},{"damage":4.0,"enemies":"Giant Head","floor":40.0,"turns":4.0},{"damage":0.0,"enemies":"Spire Growth","floor":42.0,"turns":1.0},{"damage":0.0,"enemies":"3 Darklings","floor":47.0,"turns":1.0},{"damage":0.0,"enemies":"4 Shapes","floor":48.0,"turns":1.0},{"damage":3.0,"enemies":"Time Eater","floor":50.0,"turns":5.0},{"damage":39.0,"enemies":"Awakened One","floor":51.0,"turns":9.0},{"damage":40.0,"enemies":"Shield and Spear","floor":55.0,"turns":3.0},{"damage":23,"enemies":"The Heart","floor":56,"turns":4}],"seed_played":"-7654525361121583688","potions_obtained":[{"floor":5.0,"key":"Explosive Potion"},{"floor":10.0,"key":"SmokeBomb"},{"floor":13.0,"key":"SkillPotion"},{"floor":25.0,"key":"Swift Potion"},{"floor":29.0,"key":"Regen Potion"},{"floor":30.0,"key":"ColorlessPotion"},{"floor":31.0,"key":"SpeedPotion"},{"floor":33.0,"key":"ZuzhouPotion:ReiMu"},{"floor":39.0,"key":"Ancient Potion"},{"floor":42.0,"key":"GamblersBrew"}],"is_trial":false,"path_per_floor":["M","$","?","?","M","R","E","R","T","?","?","E","M","M","R","B",null,"M","?","M","$","?","R","?","M","T","R","M","M","M","M","R","B",null,"M","$","M","?","M","E","$","M","T","T","R","?","M","M","R","B","B",null,"R","$","E","B",null],"character_chosen":"RemiriaScarlet","items_purchased":["Mummified Hand","Regen Potion","PartStrengthen+1","DollysMirror","DoubleEdge","Purity"],"campfire_rested":0,"item_purchase_floors":[21,21,41,41,54,54],"current_hp_per_floor":[90,90,90,90,90,90,90,90,90,58,58,29,23,14,14,10,78,61,34,34,34,34,34,34,23,23,23,23,13,22,18,18,16,79,79,79,79,79,79,75,75,75,75,75,75,70,70,70,70,69,43,86,86,86,58,35],"gold":137,"neow_bonus":"THREE_ENEMY_KILL","is_daily":false,"chose_seed":false,"campfire_upgraded":8,"win_rate":0.0,"timestamp":1611664831,"path_taken":["M","$","?","?","?","R","E","R","T","?","?","E","?","M","R","BOSS","M","?","?","$","?","R","?","M","T","R","M","?","M","M","R","BOSS","M","$","M","?","M","E","$","?","T","?","R","?","M","M","R","BOSS","BOSS","R","$","E","BOSS"],"items_purchased_type":["Relic","Potion","Card","Relic","Card","Card"],"build_version":"2020-12-22","purchased_purges":5,"victory":true,"max_hp_per_floor":[100,100,100,100,100,100,100,100,100,100,100,100,100,100,100,100,100,100,100,100,100,100,100,100,100,100,100,100,100,100,100,100,100,100,100,100,100,100,100,100,100,100,100,100,100,100,100,100,100,100,100,100,100,100,100,100],"card_choices":[{"not_picked":["TricksterDevil","Warpath","FastHealing"],"picked":"SKIP","floor":1.0},{"not_picked":["BloodCollect","TricksterDevil","Feint"],"picked":"SKIP","floor":5.0},{"not_picked":["BloodyCatastrophe","SuperhumanBloodyKnife"],"picked":"BloodyLaserofSeventeenArticles","floor":10.0},{"not_picked":["FierceSweep","Offensive"],"picked":"DemonsDinnerFork_Remiria","floor":12.0},{"not_picked":["ServantFlier","FastHealing"],"picked":"DamonLordCradle_Remiria","floor":13.0},{"not_picked":["DemonsDinnerFork_Remiria","Rewrite","FastHealing"],"picked":"SKIP","floor":14.0},{"not_picked":["Impregnable+1","TricksterDevil","CurseofVladTepes+1"],"picked":"SKIP","floor":18.0},{"not_picked":["Tepes","BloodCollect","ScarletNetherworld"],"picked":"SKIP","floor":20.0},{"not_picked":["StigmaNizer","BloodySuit","FastHealing"],"picked":"SKIP","floor":25.0},{"not_picked":["Feint+1","Offensive"],"picked":"CurseofVladTepes+1","floor":28.0},{"not_picked":["DemonsDinnerFork_Remiria","Feint"],"picked":"HeartBreak_Remiria","floor":29.0},{"not_picked":["Cripple","StigmaNizer","Warpath"],"picked":"SKIP","floor":30.0},{"not_picked":["SealingFear","FierceSweep","DemonsDinnerFork_Remiria+1"],"picked":"SKIP","floor":31.0},{"not_picked":["FitfulNightmare+1","FateSonata"],"picked":"ScarletDestiny","floor":33.0},{"not_picked":["Feint+1","Cripple","NightDance"],"picked":"SKIP","floor":35.0},{"not_picked":["BloodCollect+1","BloodySuit","NightDance"],"picked":"SKIP","floor":37.0},{"not_picked":["Warpath","DamonLordCradle_Remiria","BloodySuit+1"],"picked":"SKIP","floor":39.0},{"not_picked":["Rewrite","BloodCleaner","LifeBreak"],"picked":"SKIP","floor":40.0},{"not_picked":["BodyStrengthen","DemonsDinnerFork_Remiria","NaturallyHealing+1"],"picked":"SKIP","floor":42.0},{"not_picked":["Secret Technique","Violence"],"picked":"Purity","floor":46.0},{"not_picked":["FastHealing","DamonLordCradle_Remiria","NaturallyHealing+1"],"picked":"SKIP","floor":47.0},{"not_picked":["FastHealing","DoubleEdge","ServantFlier"],"picked":"SKIP","floor":48.0},{"not_picked":["ServantFlier","RocketKickup","Feint"],"picked":"SKIP","floor":55.0}],"player_experience":1220099,"relics_obtained":[{"floor":7.0,"key":"Mastiff:ReiMu"},{"floor":9.0,"key":"Sundial"},{"floor":10.0,"key":"ThirstyCrossSpe"},{"floor":10.0,"key":"SpellCardsRuleRemi"},{"floor":12.0,"key":"Frozen Egg 2"},{"floor":22.0,"key":"Red Mask"},{"floor":26.0,"key":"Gremlin Horn"},{"floor":40.0,"key":"Whetstone"},{"floor":44.0,"key":"The Courier"},{"floor":55.0,"key":"Bag of Marbles"}],"event_choices":[{"damage_healed":0.0,"max_hp_gain":0.0,"max_hp_loss":0.0,"gold_gain":0.0,"cards_transformed":["Defend_Remirira"],"event_name":"Living Wall","player_choice":"Change","floor":3.0,"gold_loss":0.0,"damage_taken":0.0,"cards_obtained":["SealingFear"]},{"damage_healed":0.0,"max_hp_gain":0.0,"max_hp_loss":0.0,"gold_gain":0.0,"event_name":"Upgrade Shrine","player_choice":"Upgraded","floor":4.0,"gold_loss":0.0,"damage_taken":0.0,"cards_upgraded":["Absorbed"]},{"damage_healed":0.0,"max_hp_gain":0.0,"max_hp_loss":0.0,"gold_gain":0.0,"event_name":"WeMeetAgain","player_choice":"Gave Potion","floor":11.0,"gold_loss":0.0,"damage_taken":0.0,"relics_obtained":["PureWhite:ReiMu"]},{"damage_healed":0.0,"max_hp_gain":0.0,"max_hp_loss":0.0,"gold_gain":270.0,"event_name":"Knowing Skull","player_choice":"GOLD GOLD GOLD ","floor":19.0,"potions_obtained":[],"gold_loss":0.0,"damage_taken":27.0,"cards_obtained":[]},{"damage_healed":0.0,"max_hp_gain":0.0,"max_hp_loss":0.0,"gold_gain":0.0,"event_name":"Masked Bandits","player_choice":"Fought Bandits","floor":22.0,"gold_loss":0.0,"damage_taken":0.0},{"damage_healed":0.0,"max_hp_gain":0.0,"max_hp_loss":0.0,"gold_gain":0.0,"event_name":"Duplicator","player_choice":"Copied","floor":24.0,"gold_loss":0.0,"damage_taken":0.0,"cards_obtained":["DamonLordCradle_Remiria"]},{"damage_healed":0.0,"max_hp_gain":0.0,"max_hp_loss":0.0,"gold_gain":0.0,"event_name":"SensoryStone","player_choice":"Memory 2","floor":46.0,"gold_loss":0.0,"damage_taken":5.0}],"is_beta":false,"boss_relics":[{"not_picked":["Black Star","Cursed Key"],"picked":"Coffee Dripper"},{"not_picked":["Fusion Hammer","Busted Crown"],"picked":"Philosopher\u0027s Stone"}],"items_purged_floors":[2,21,36,41,54],"is_endless":false,"potions_floor_spawned":[5,10,13,25,29,30,31,33,39,42,47],"ascension_level":20}}