{"host":"ex6y92ceh6h0mo7k","time":1611654722,"event":{"mods":["BaseMod","Minty Spire (QoL Compilation)","Quick Restart","StSLib","SuperFastMode"],"gold_per_floor":[15,33,33,33,58,97,97,131,131,131,174,205,243,243,243,342,342,367,10,36,36,36,77,92,92,92,11,27,27,67,87,87,186,186,205,269,290,1289,1312,1312,788,831,831,874,874,892,892,906,906,906,906,906],"floor_reached":51,"language":"ENG","playtime":3806,"items_purged":["Strike_B","Strike_B"],"score":1713,"play_id":"6dc76742-2e7a-45dc-851f-b1fa268f9f2e","local_time":"20210126175202","is_ascension_mode":true,"campfire_choices":[{"data":"Ball Lightning","floor":7.0,"key":"SMITH"},{"data":"Undo","floor":10.0,"key":"SMITH"},{"data":"Loop","floor":15.0,"key":"SMITH"},{"data":"Defragment","floor":25.0,"key":"SMITH"},{"data":"Capacitor","floor":29.0,"key":"SMITH"},{"data":"Consume","floor":32.0,"key":"SMITH"},{"floor":40.0,"key":"REST"},{"data":"Seek","floor":45.0,"key":"SMITH"},{"floor":47,"key":"REST"},{"floor":49,"key":"RECALL"}],"circlet_count":0,"master_deck":["AscendersBane","Strike_B","Defend_B","Defend_B","Defend_B","Defend_B","Zap","Dualcast","Melter","Ball Lightning+1","FTL","Undo+1","Conserve Battery","Loop+1","Echo Form","Loop","White Noise","Defragment+1","Redo+1","Consume+1","Capacitor+1","Electrodynamics","Reinforced Body","Coolheaded","Barrage","Cold Snap+1","Dark Shackles","Seek+1","Capacitor","Parasite","White Noise"],"relics":["FrozenCore","StoneCalendar","Golden Idol","Vajra","Mango","Cables","Emotion Chip","Odd Mushroom","Omamori","Potion Belt","Orichalcum","Dream Catcher","Toy Ornithopter","SlaversCollar","Incense Burner","Membership Card","Regal Pillow","Symbiotic Virus","Anchor","Letter Opener","Bottled Lightning"],"acts_visited":["Exordium","TheCity","TheBeyond"],"potions_floor_usage":[50,50,50,51],"damage_taken":[{"damage":4.0,"enemies":"Small Slimes","floor":1.0,"turns":4.0},{"damage":0.0,"enemies":"Cultist","floor":2.0,"turns":3.0},{"damage":10.0,"enemies":"2 Louse","floor":5.0,"turns":3.0},{"damage":25.0,"enemies":"Lagavulin","floor":6.0,"turns":6.0},{"damage":18.0,"enemies":"Gremlin Nob","floor":8.0,"turns":4.0},{"damage":0.0,"enemies":"3 Sentries","floor":11.0,"turns":6.0},{"damage":10.0,"enemies":"The Mushroom Lair","floor":12.0,"turns":3.0},{"damage":0.0,"enemies":"Gremlin Nob","floor":13.0,"turns":3.0},{"damage":3.0,"enemies":"Slime Boss","floor":16.0,"turns":7.0},{"damage":1.0,"enemies":"Chosen","floor":18.0,"turns":7.0},{"damage":25.0,"enemies":"Slavers","floor":23.0,"turns":7.0},{"damage":0.0,"enemies":"Spheric Guardian","floor":24.0,"turns":6.0},{"damage":8.0,"enemies":"Snake Plant","floor":28.0,"turns":7.0},{"damage":0.0,"enemies":"Gremlin Leader","floor":30.0,"turns":4.0},{"damage":3.0,"enemies":"Snecko","floor":31.0,"turns":5.0},{"damage":18.0,"enemies":"Automaton","floor":33.0,"turns":8.0},{"damage":17.0,"enemies":"Orb Walker","floor":35.0,"turns":5.0},{"damage":40.0,"enemies":"2 Orb Walkers","floor":36.0,"turns":7.0},{"damage":0.0,"enemies":"3 Shapes","floor":37.0,"turns":7.0},{"damage":0.0,"enemies":"Maw","floor":39.0,"turns":7.0},{"damage":3.0,"enemies":"Nemesis","floor":42.0,"turns":7.0},{"damage":0.0,"enemies":"Giant Head","floor":44.0,"turns":9.0},{"damage":2,"enemies":"Writhing Mass","floor":46,"turns":10},{"damage":20,"enemies":"3 Darklings","floor":48,"turns":4},{"damage":61,"enemies":"Awakened One","floor":50,"turns":8},{"damage":18,"enemies":"Time Eater","floor":51,"turns":1}],"seed_played":"5143330491856677650","potions_obtained":[{"floor":1.0,"key":"Weak Potion"},{"floor":5.0,"key":"SpeedPotion"},{"floor":11.0,"key":"AttackPotion"},{"floor":13.0,"key":"Block Potion"},{"floor":16.0,"key":"BlessingOfTheForge"},{"floor":18.0,"key":"EssenceOfSteel"},{"floor":31.0,"key":"Energy Potion"},{"floor":33.0,"key":"Fruit Juice"},{"floor":36.0,"key":"SteroidPotion"},{"floor":48,"key":"EntropicBrew"}],"is_trial":false,"path_per_floor":["M","M","?","?","M","E","R","E","T","R","E","?","E","?","R","B",null,"M","$","T","?","?","E","M","R","T","$","M","R","E","M","R","B",null,"M","?","M","?","M","R","$","E","T","E","R","M","R","M","R","B","B"],"character_chosen":"DEFECT","items_purchased":["Loop","White Noise","Potion Belt","Capacitor","Membership Card","Regal Pillow","Symbiotic Virus","DuplicationPotion","Dark Shackles"],"campfire_rested":2,"item_purchase_floors":[19,19,19,27,41,41,41,41,41],"current_hp_per_floor":[60,60,60,65,55,30,30,26,26,26,26,16,16,16,16,13,66,65,65,65,65,65,40,40,40,40,40,32,32,32,29,29,11,65,48,8,8,8,8,32,42,39,39,39,39,37,78,58,58,12,0,0],"gold":906,"neow_bonus":"ONE_RARE_RELIC","is_daily":false,"chose_seed":false,"campfire_upgraded":7,"win_rate":0.0,"timestamp":1611654722,"path_taken":["M","M","?","?","M","E","R","E","T","R","E","?","E","?","R","BOSS","M","?","?","?","?","E","M","R","T","$","?","R","E","M","R","BOSS","M","?","M","?","?","R","$","E","T","E","R","M","R","M","R","BOSS","BOSS"],"items_purchased_type":["Card","Card","Relic","Card","Relic","Relic","Relic","Potion","Card"],"build_version":"2020-12-22","purchased_purges":2,"victory":false,"max_hp_per_floor":[71,71,64,69,69,69,69,83,83,83,83,83,83,83,83,83,83,83,83,83,83,83,83,83,83,83,83,83,83,83,83,83,83,83,83,83,83,83,83,83,88,88,88,88,88,88,88,88,88,88,88,88],"card_choices":[{"not_picked":["Aggregate","Fusion"],"picked":"Melter","floor":1.0},{"not_picked":["Undo","Fusion"],"picked":"Ball Lightning","floor":2.0},{"not_picked":["BootSequence","Skim"],"picked":"FTL","floor":5.0},{"not_picked":["Steam Power","Beam Cell"],"picked":"Undo","floor":6.0},{"not_picked":["FTL","Steam"],"picked":"Conserve Battery","floor":8.0},{"not_picked":["Hologram","Gash"],"picked":"Loop","floor":11.0},{"not_picked":["Barrage","Tempest","Beam Cell"],"picked":"SKIP","floor":13.0},{"not_picked":["Amplify","Fission"],"picked":"Echo Form","floor":16.0},{"not_picked":["Streamline","Gash","Redo"],"picked":"SKIP","floor":18.0},{"not_picked":["Hologram","Coolheaded"],"picked":"Redo+1","floor":23.0},{"not_picked":["Beam Cell","Steam"],"picked":"Consume","floor":24.0},{"not_picked":["Sweeping Beam","Coolheaded"],"picked":"Electrodynamics","floor":28.0},{"not_picked":["Fission","Auto Shields","Tempest"],"picked":"SKIP","floor":30.0},{"not_picked":["Redo","Go for the Eyes"],"picked":"Reinforced Body","floor":31.0},{"not_picked":["Stack","Streamline"],"picked":"Coolheaded","floor":35.0},{"not_picked":["Doom and Gloom","Consume"],"picked":"Barrage","floor":36.0},{"not_picked":["Redo","Ball Lightning+1"],"picked":"Cold Snap+1","floor":37.0},{"not_picked":["Reinforced Body","Heatsinks","Turbo"],"picked":"SKIP","floor":39.0},{"not_picked":["Recycle","Rebound"],"picked":"Seek","floor":42.0},{"not_picked":["Barrage","Heatsinks+1"],"picked":"Capacitor","floor":44.0},{"not_picked":["Compile Driver+1","Turbo"],"picked":"White Noise","floor":46},{"not_picked":["Beam Cell","Barrage","Compile Driver"],"picked":"SKIP","floor":48},{"not_picked":["Beam Cell","Barrage","Compile Driver"],"picked":"SKIP","floor":48}],"player_experience":926692,"relics_obtained":[{"floor":6.0,"key":"Vajra"},{"floor":8.0,"key":"Mango"},{"floor":9.0,"key":"Cables"},{"floor":11.0,"key":"Emotion Chip"},{"floor":12.0,"key":"Odd Mushroom"},{"floor":13.0,"key":"Omamori"},{"floor":23.0,"key":"Orichalcum"},{"floor":26.0,"key":"Dream Catcher"},{"floor":30.0,"key":"Toy Ornithopter"},{"floor":36.0,"key":"Incense Burner"},{"floor":42.0,"key":"Anchor"},{"floor":43.0,"key":"Letter Opener"},{"floor":44.0,"key":"Bottled Lightning"}],"event_choices":[{"damage_healed":0.0,"max_hp_gain":0.0,"max_hp_loss":7.0,"gold_gain":0.0,"event_name":"Golden Idol","player_choice":"Lose Max HP","floor":3.0,"gold_loss":0.0,"damage_taken":0.0,"relics_obtained":["Golden Idol"]},{"damage_healed":0.0,"max_hp_gain":5.0,"max_hp_loss":0.0,"gold_gain":0.0,"event_name":"Big Fish","player_choice":"Donut","floor":4.0,"gold_loss":0.0,"damage_taken":0.0},{"damage_healed":0.0,"max_hp_gain":0.0,"max_hp_loss":0.0,"gold_gain":0.0,"event_name":"Mushrooms","player_choice":"Fought Mushrooms","floor":12.0,"gold_loss":0.0,"damage_taken":0.0},{"cards_removed":["Strike_B"],"damage_healed":0.0,"max_hp_gain":0.0,"max_hp_loss":0.0,"gold_gain":0.0,"event_name":"Bonfire Elementals","player_choice":"Offered Basic","floor":14.0,"gold_loss":0.0,"damage_taken":0.0},{"damage_healed":0.0,"max_hp_gain":0.0,"max_hp_loss":0.0,"gold_gain":0.0,"event_name":"Ghosts","player_choice":"Ignored","floor":21.0,"gold_loss":0.0,"damage_taken":0.0},{"damage_healed":0.0,"max_hp_gain":0.0,"max_hp_loss":0.0,"gold_gain":0.0,"event_name":"The Library","player_choice":"Read","floor":22.0,"gold_loss":0.0,"damage_taken":0.0,"cards_obtained":["Defragment"]},{"damage_healed":0.0,"max_hp_gain":0.0,"max_hp_loss":0.0,"gold_gain":0.0,"event_name":"Mysterious Sphere","player_choice":"Fight","floor":36.0,"gold_loss":0.0,"damage_taken":0.0},{"damage_healed":0.0,"max_hp_gain":0.0,"max_hp_loss":0.0,"gold_gain":999.0,"event_name":"MindBloom","player_choice":"Gold","floor":38.0,"gold_loss":0.0,"damage_taken":0.0,"cards_obtained":["Normality","Normality"]}],"is_beta":false,"boss_relics":[{"not_picked":["Sozu","Pandora\u0027s Box"],"picked":"FrozenCore"},{"not_picked":["Runic Pyramid","Tiny House"],"picked":"SlaversCollar"}],"items_purged_floors":[19,41],"is_endless":false,"potions_floor_spawned":[1,5,11,13,16,18,31,33,36,48],"killed_by":"Time Eater","ascension_level":20}}