{"host":"19qo8qle2l71a8qw","time":1611680455,"event":{"mods":["BaseMod","Beaked The Cultist","BetterRewards","Colored Map","Colored Powertips","Conspire","Custom Start","Energized Spire","Friendly Minions","Halation","Hubris","Infinite Spire","Mimic Mod","Minty Spire (QoL Compilation)","Random Character Button","Random Character Mod","Replay The Spire","Reworked Bosses","Shop Mod","StSLib","Synergy Search","The Construct","The Druid","The Jungle","The Necromancer","The Runesmith","The Sage"],"gold_per_floor":[119,119,15,15,27,39,76,88,139,165,211,235,247,259,284,325,337,451,463,489,519,531,543,543],"floor_reached":23,"language":"ENG","playtime":888,"items_purged":[],"score":340,"play_id":"7e88bb4a-a1c3-4085-ac16-a07711733865","local_time":"20210126180055","is_ascension_mode":true,"campfire_choices":[{"data":"Rebound","floor":6,"key":"SMITH"},{"data":"Dualcast","floor":8,"key":"SMITH"},{"floor":17,"key":"REST"}],"circlet_count":0,"master_deck":["conspire:GhostlyStrike","conspire:GhostlyStrike","conspire:GhostlyStrike","conspire:GhostlyStrike","conspire:GhostlyDefend","conspire:GhostlyDefend","conspire:GhostlyDefend","conspire:GhostlyDefend","Zap","Dualcast+1","Gash","Crystallizer","Crystallizer","Rebound+1","Electrodynamics","Pot Of Greed","Pot Of Greed","Leap","Melter","conspire:SharedLibrary","BasicCrystalCard","Go for the Eyes","ReplayGash","Thunder Strike","Rebound+1","Sweeping Beam","Pot Of Greed","Seek","Zap"],"relics":["Cracked Core","NeowsBlessing","MawBank","sagemod:Red_Beast_Statue","Gremlin Horn","Grinning Jar","Bronze Scales","infinitespire:EmpoweringShard","halation:Prosthetics"],"acts_visited":["Exordium","TheCity"],"potions_floor_usage":[11,23],"damage_taken":[{"damage":0,"enemies":"2 Louse","floor":1,"turns":1},{"damage":0,"enemies":"Gremlin Nob","floor":7,"turns":1},{"damage":0,"enemies":"Jaw Worm","floor":9,"turns":1},{"damage":2,"enemies":"Jaw Worm","floor":10,"turns":3},{"damage":26,"enemies":"Lagavulin","floor":11,"turns":4},{"damage":0,"enemies":"Cultist","floor":12,"turns":3},{"damage":13,"enemies":"Blue Slaver","floor":15,"turns":2},{"damage":7,"enemies":"Replay:BlueRogue","floor":16,"turns":5},{"damage":6,"enemies":"Slime Boss","floor":18,"turns":7},{"damage":19,"enemies":"Shell Parasite","floor":20,"turns":4},{"damage":15,"enemies":"3 Byrds","floor":21,"turns":3},{"damage":9,"enemies":"Centurion and Healer","floor":23,"turns":1}],"seed_played":"217273340608577781","potions_obtained":[{"floor":7,"key":"AttackPotion"},{"floor":11,"key":"Milkshake"},{"floor":16,"key":"PotionOfCapacity"},{"floor":18,"key":"sagemod:Wine"},{"floor":21,"key":"PowerPotion"}],"is_trial":false,"path_per_floor":["M","?","$","?","T","R","E","R","MIM","M","E","M","PTL","PTL","M","E","R","B",null,"M","M","?","M"],"character_chosen":"DEFECT","items_purchased":["Crystallizer","Rebound"],"campfire_rested":1,"item_purchase_floors":[3,3],"current_hp_per_floor":[75,75,75,75,75,75,75,75,75,73,47,47,47,47,34,27,49,43,40,21,6,6,0,0],"gold":543,"neow_bonus":"THREE_ENEMY_KILL","is_daily":false,"chose_seed":false,"campfire_upgraded":2,"win_rate":0.0,"timestamp":1611680455,"path_taken":["M","?","?","?","?","R","E","R","MIM","?","E","M","PTL","PTL","M","E","R","BOSS","M","M","?","?"],"items_purchased_type":["Card","Card"],"build_version":"2020-12-22","purchased_purges":0,"victory":false,"max_hp_per_floor":[75,75,75,75,75,75,75,75,75,75,75,75,75,75,75,75,75,75,40,40,40,40,40,40],"card_choices":[{"not_picked":["Sweeping Beam","Cold Snap"],"picked":"Gash","floor":1},{"not_picked":["Chill","Gash"],"picked":"Electrodynamics","floor":7},{"not_picked":["Panic Button","Ball Lightning"],"picked":"Leap","floor":9},{"not_picked":["Barrage","Go for the Eyes"],"picked":"Melter","floor":10},{"not_picked":["Stack","Hello World"],"picked":"conspire:SharedLibrary","floor":11},{"not_picked":["Coolheaded","Sunder"],"picked":"BasicCrystalCard","floor":12},{"not_picked":["Fusion","Turbo"],"picked":"Go for the Eyes","floor":15},{"not_picked":["White Noise","BootSequence"],"picked":"ReplayGash","floor":16},{"not_picked":["ReplayTheSpireMod:Omega Cannon","ReplayRNGCard"],"picked":"Thunder Strike","floor":18},{"not_picked":["Barrage","Reinforced Body+1"],"picked":"Rebound+1","floor":20},{"not_picked":["Skim+1","Glacier+1"],"picked":"Sweeping Beam","floor":21}],"player_experience":570867,"relics_obtained":[{"floor":4,"key":"MawBank"},{"floor":5,"key":"sagemod:Red_Beast_Statue"},{"floor":7,"key":"Gremlin Horn"},{"floor":9,"key":"Grinning Jar"},{"floor":11,"key":"Bronze Scales"},{"floor":16,"key":"infinitespire:EmpoweringShard"}],"event_choices":[{"damage_healed":0,"gold_gain":0,"player_choice":"Agree","damage_taken":0,"max_hp_gain":0,"max_hp_loss":0,"event_name":"conspire:LoneGhost","floor":2,"gold_loss":0},{"damage_healed":0,"gold_gain":0,"player_choice":"2 cards matched","damage_taken":0,"max_hp_gain":0,"max_hp_loss":0,"event_name":"Match and Keep!","floor":22,"gold_loss":0,"cards_obtained":["Seek","Zap"]}],"is_beta":false,"boss_relics":[{"not_picked":["Nuclear Battery","conspire:SlowCooker"],"picked":"halation:Prosthetics"}],"items_purged_floors":[],"is_endless":false,"potions_floor_spawned":[7,11,16,18,21],"killed_by":"Centurion and Healer","ascension_level":5}}