{"host":"cq2iqt18u9swspes","time":1611651625,"event":{"mods":["AchievementEnabler","BaseMod","BetterRewards","Colored Map","Downfall","Minty Spire (QoL Compilation)","StSLib","The Cursed"],"gold_per_floor":[112,127,277,333,344,344,344,344,19,39,71,91,104,13,13,116,116,133,143,143,143,154,154,154],"floor_reached":23,"language":"ENG","playtime":2270,"items_purged":[],"score":193,"play_id":"ce809431-b2a9-4838-970f-427417dcbde2","local_time":"20210126100025","is_ascension_mode":false,"campfire_choices":[{"floor":8,"key":"REST"},{"floor":15,"key":"REST"}],"circlet_count":0,"master_deck":["hexamod:Strike+1","hexamod:Strike+1","hexamod:Defend","hexamod:Defend+1","hexamod:Defend","hexamod:Defend+1","hexamod:Sear+1","hexamod:Float","hexamod:FastForward","hexamod:SpectralAdrenaline","hexamod:EmpoweredFlame","hexamod:GhostOfSpireFuture+1","hexamod:EmpoweredFlame","hexamod:SixthSeal","hexamod:RecurringNightmare","hexamod:HauntingEcho","hexamod:InspiringFlames","hexamod:HeatMetal","hexamod:StepThrough","hexamod:ThirdSeal","hexamod:ForkedFlame","hexamod:HexaLevel","CurseOfTheBell","hexamod:SpectersWail+1","hexamod:DynamicBlow","hexamod:Incineration","Clumsy","hexamod:CatchUp"],"relics":["hexamod:SpiritBrand","Bronze Scales","Matryoshka","Membership Card","Du-Vu Doll","Vajra","Calling Bell","Centennial Puzzle","hexamod:InflammatoryLetter","Unceasing Top"],"acts_visited":["Exordium","TheCity"],"potions_floor_usage":[10,16,23],"damage_taken":[{"damage":0,"enemies":"2 Louse","floor":1,"turns":4},{"damage":0,"enemies":"Small Slimes","floor":2,"turns":4},{"damage":29,"enemies":"Lagavulin Event","floor":4,"turns":7},{"damage":0,"enemies":"Cultist","floor":5,"turns":4},{"damage":0,"enemies":"downfall:FleeingMerchant","floor":9,"turns":4},{"damage":12,"enemies":"Gremlin Gang","floor":10,"turns":3},{"damage":24,"enemies":"Lagavulin","floor":11,"turns":6},{"damage":12,"enemies":"Exordium Thugs","floor":12,"turns":5},{"damage":16,"enemies":"Exordium Wildlife","floor":13,"turns":4},{"damage":0,"enemies":"downfall:FleeingMerchant","floor":14,"turns":4},{"damage":26,"enemies":"IC_STATUS_ARCHETYPE","floor":16,"turns":6},{"damage":20,"enemies":"Spheric Guardian","floor":18,"turns":4},{"damage":5,"enemies":"Shell Parasite","floor":19,"turns":4},{"damage":32,"enemies":"Cultist and Chosen","floor":22,"turns":6},{"damage":29,"enemies":"Gremlin Leader","floor":23,"turns":5}],"seed_played":"5776279916270177427","potions_obtained":[{"floor":2,"key":"Strength Potion"},{"floor":5,"key":"Explosive Potion"},{"floor":16,"key":"BlessingOfTheForge"},{"floor":20,"key":"CultistPotion"}],"is_trial":false,"path_per_floor":["M","M","?","?","M","?","T","R","$","M","E","M","M","$","R","B",null,"M","M","?","?","M","E"],"character_chosen":"THE_SPIRIT","items_purchased":["Membership Card","Du-Vu Doll","hexamod:RecurringNightmare","hexamod:StepThrough","hexamod:ThirdSeal"],"campfire_rested":2,"item_purchase_floors":[9,9,9,14,14],"current_hp_per_floor":[77,77,77,48,48,48,48,71,71,59,35,23,7,7,30,4,77,57,52,52,52,20,0,0,0],"gold":154,"neow_bonus":"TEN_PERCENT_HP_BONUS","is_daily":false,"chose_seed":false,"campfire_upgraded":0,"win_rate":0.0,"timestamp":1611651625,"path_taken":["M","M","?","?","M","?","T","R","$","?","E","?","M","?","R","BOSS","M","M","?","?","M","E"],"items_purchased_type":["Relic","Relic","Card","Card","Card"],"build_version":"2020-12-22","purchased_purges":0,"victory":false,"max_hp_per_floor":[77,77,77,77,77,77,77,77,77,77,77,77,77,77,77,77,77,77,77,77,77,77,77,77,77],"card_choices":[{"not_picked":["hexamod:HeatMetal","hexamod:NecessarySacrifice"],"picked":"hexamod:FastForward","floor":1},{"not_picked":["hexamod:SpectersWail","hexamod:PhantomCloak"],"picked":"hexamod:SpectralAdrenaline","floor":2},{"not_picked":["hexamod:NecessarySacrifice","hexamod:HeatShield"],"picked":"hexamod:EmpoweredFlame","floor":4},{"not_picked":["hexamod:ShieldOfDarkness","hexamod:FastForward"],"picked":"hexamod:GhostOfSpireFuture","floor":5},{"not_picked":["hexamod:InspiringFlames","hexamod:GhostflameBarrier"],"picked":"hexamod:SixthSeal","floor":9},{"not_picked":["hexamod:GhostOfSpireFuture","hexamod:Haunt","hexamod:HeatShield"],"picked":"SKIP","floor":10},{"not_picked":["hexamod:InspiringFlames","hexamod:PhantomCloak"],"picked":"hexamod:HauntingEcho","floor":11},{"not_picked":["hexamod:HeatShield","hexamod:GhostShield"],"picked":"hexamod:InspiringFlames","floor":12},{"not_picked":["hexamod:HeatShield","hexamod:GhostLash"],"picked":"hexamod:HeatMetal","floor":13},{"not_picked":["hexamod:EmpoweredFlame","hexamod:HauntingEcho","hexamod:FirstSeal"],"picked":"SKIP","floor":14},{"not_picked":["hexamod:SixthSeal","hexamod:WildfireWeapon"],"picked":"hexamod:ForkedFlame","floor":16},{"not_picked":["hexamod:ForkedFlame","hexamod:SixthSeal"],"picked":"hexamod:HexaLevel","floor":16},{"not_picked":["hexamod:SwordOfDarkness","hexamod:BacktrackSmack"],"picked":"hexamod:SpectersWail","floor":18},{"not_picked":["hexamod:SecondSeal","hexamod:BacktrackSmack+1"],"picked":"hexamod:DynamicBlow","floor":18},{"not_picked":["hexamod:PhantomFireball","hexamod:Hexaguard"],"picked":"hexamod:Incineration","floor":19},{"not_picked":["hexamod:StepThrough","hexamod:FifthSeal"],"picked":"hexamod:CatchUp","floor":22},{"not_picked":["hexamod:ShieldOfDarkness+1","hexamod:BurningTouch","hexamod:GhostShield+1"],"picked":"SKIP","floor":22}],"player_experience":52865,"relics_obtained":[{"floor":7,"key":"Matryoshka"},{"floor":11,"key":"Vajra"},{"floor":17,"key":"Centennial Puzzle"},{"floor":17,"key":"hexamod:InflammatoryLetter"},{"floor":17,"key":"Unceasing Top"}],"event_choices":[],"is_beta":false,"boss_relics":[{"not_picked":["Black Star","Sozu"],"picked":"Calling Bell"}],"items_purged_floors":[],"is_endless":false,"potions_floor_spawned":[2,5,16],"killed_by":"Gremlin Leader","ascension_level":0}}