{"host":"w4qf11634cf28tiw","time":1611694872,"event":{"mods":["BaseMod","Colored Map","Colored Powertips","Minty Spire (QoL Compilation)","Quick Restart","StSLib"],"gold_per_floor":[110,29,41,41,61,92,92,131,131,57,57,80,98,176,176,297,297,313,313,329,254,179,179,179,179],"floor_reached":24,"language":"ENG","playtime":2090,"items_purged":["Strike_R"],"score":204,"play_id":"7777290f-ed0a-4412-a7a9-f5e2199aae26","local_time":"20210126160112","is_ascension_mode":false,"campfire_choices":[{"data":"Pommel Strike","floor":7,"key":"SMITH"},{"data":"Uppercut","floor":11,"key":"SMITH"},{"data":"Flame Barrier","floor":15,"key":"SMITH"},{"data":"Ghostly Armor","floor":23,"key":"SMITH"}],"circlet_count":0,"master_deck":["Strike_R","Strike_R","Strike_R","Strike_R","Defend_R","Defend_R","Defend_R","Defend_R","Pommel Strike+1","Flame Barrier+1","Clothesline","Flex","Ghostly Armor+1","Uppercut+1","Berserk+1"],"relics":["Black Blood","Golden Idol","Sundial","Frozen Egg 2","Gremlin Horn","Bird Faced Urn"],"acts_visited":["Exordium","TheCity"],"potions_floor_usage":[6,12,16,16,16,20,24],"damage_taken":[{"damage":0,"enemies":"Small Slimes","floor":1,"turns":3},{"damage":1,"enemies":"2 Louse","floor":3,"turns":2},{"damage":0,"enemies":"Cultist","floor":5,"turns":5},{"damage":10,"enemies":"Gremlin Nob","floor":6,"turns":5},{"damage":27,"enemies":"Lagavulin","floor":8,"turns":7},{"damage":0,"enemies":"2 Fungi Beasts","floor":12,"turns":4},{"damage":0,"enemies":"Large Slime","floor":13,"turns":4},{"damage":27,"enemies":"3 Sentries","floor":14,"turns":8},{"damage":40,"enemies":"The Guardian","floor":16,"turns":14},{"damage":25,"enemies":"Spheric Guardian","floor":18,"turns":6},{"damage":10,"enemies":"Shell Parasite","floor":20,"turns":9},{"damage":74,"enemies":"Gremlin Leader","floor":24,"turns":6}],"seed_played":"-30972993947822197","potions_obtained":[{"floor":3,"key":"Block Potion"},{"floor":5,"key":"SkillPotion"},{"floor":12,"key":"EntropicBrew"},{"floor":16,"key":"LiquidBronze"},{"floor":18,"key":"Weak Potion"}],"is_trial":false,"path_per_floor":["M","$","M","?","M","E","R","E","T","$","R","M","M","?","R","B",null,"M","?","M","?","$","R","E"],"character_chosen":"IRONCLAD","items_purchased":["Flame Barrier","Uppercut"],"campfire_rested":0,"item_purchase_floors":[2,10],"current_hp_per_floor":[88,88,88,81,81,77,77,56,56,56,56,62,68,47,47,13,81,68,68,72,72,72,72,0,0],"gold":179,"neow_bonus":"TEN_PERCENT_HP_BONUS","is_daily":false,"chose_seed":false,"campfire_upgraded":4,"win_rate":0.0,"timestamp":1611694872,"path_taken":["M","$","M","?","M","E","R","E","T","$","R","M","M","?","R","BOSS","M","?","M","?","$","R","E"],"items_purchased_type":["Card","Card"],"build_version":"2020-12-22","purchased_purges":1,"victory":false,"max_hp_per_floor":[88,88,88,81,81,81,81,81,81,81,81,81,81,81,81,81,81,81,81,81,81,81,81,81,81],"card_choices":[{"not_picked":["Armaments","Perfected Strike"],"picked":"Pommel Strike","floor":1},{"not_picked":["Dropkick","Sever Soul"],"picked":"Clothesline","floor":3},{"not_picked":["Cleave","Headbutt"],"picked":"Flex","floor":5},{"not_picked":["Sword Boomerang","Iron Wave","Thunderclap"],"picked":"SKIP","floor":6},{"not_picked":["Cleave","Body Slam"],"picked":"Ghostly Armor","floor":8},{"not_picked":["Bloodletting","Perfected Strike","Brutality+1"],"picked":"SKIP","floor":12},{"not_picked":["Heavy Blade","Headbutt","Thunderclap"],"picked":"SKIP","floor":13},{"not_picked":["Impervious","Brutality+1"],"picked":"Berserk+1","floor":16},{"not_picked":["Dark Embrace+1","Cleave","Pommel Strike"],"picked":"SKIP","floor":18},{"not_picked":["Sword Boomerang","Iron Wave","True Grit"],"picked":"SKIP","floor":20}],"player_experience":39493,"relics_obtained":[{"floor":6,"key":"Sundial"},{"floor":8,"key":"Frozen Egg 2"},{"floor":9,"key":"Gremlin Horn"},{"floor":14,"key":"Bird Faced Urn"}],"event_choices":[{"damage_healed":0,"gold_gain":0,"player_choice":"Lose Max HP","damage_taken":0,"relics_obtained":["Golden Idol"],"max_hp_gain":0,"max_hp_loss":7,"event_name":"Golden Idol","floor":4,"gold_loss":0},{"damage_healed":0,"gold_gain":0,"player_choice":"Searched \u00271\u0027 times","damage_taken":0,"max_hp_gain":0,"max_hp_loss":0,"event_name":"Dead Adventurer","floor":14,"gold_loss":0},{"damage_healed":0,"gold_gain":0,"player_choice":"Ignored","damage_taken":0,"max_hp_gain":0,"max_hp_loss":0,"event_name":"Cursed Tome","floor":19,"gold_loss":0},{"cards_removed":["Bash"],"damage_healed":0,"gold_gain":0,"player_choice":"Gave Gold","damage_taken":0,"max_hp_gain":0,"max_hp_loss":0,"event_name":"Beggar","floor":21,"gold_loss":75}],"is_beta":false,"boss_relics":[{"not_picked":["Runic Pyramid","Mark of Pain"],"picked":"Black Blood"}],"items_purged_floors":[22],"is_endless":false,"potions_floor_spawned":[3,5,12,14,16,18],"killed_by":"Gremlin Leader","ascension_level":0}}