{"host":"khoyd8a1tvki7k1f","time":1611675401,"event":{"mods":["AchievementEnabler","BaseMod","Colored Powertips","Curses Come First","Downfall","Googly Eyes","Hermit","Highlight Path","Minty Spire (QoL Compilation)","Quick Restart","Relic Sorter","Robot Space Explorer","Shop Mod","StSLib","Synergy Search","The Bug Knight","The Cursed","The Disciple","The Hierophant","The Marked","The Necromancer","The Poker Player","The Runesmith","slay the spire mod where everything is the same but ironclad has a cowboy hat"],"gold_per_floor":[111,26,40,53,71,98,98,136,136,157,182,182,182,182,182,307,307,331,331,352,352,352,352,385,385,385,415,415,435,453,468,468,564,564,576,594,605,605,142,173,193,193,193,193,241,253,253,281,281,281],"floor_reached":51,"language":"ENG","playtime":3098,"items_purged":["Runesmith:Strike_RS"],"score":882,"play_id":"db995a6a-f3aa-4668-b01c-31d30c2e432a","local_time":"20210126093641","is_ascension_mode":false,"campfire_choices":[{"data":"Runesmith:BackupBattery","floor":13.0,"key":"SMITH"},{"data":"Runesmith:BackupBattery+1","floor":15.0,"key":"SMITH"},{"data":"Runesmith:Empowerment","floor":23.0,"key":"SMITH"},{"data":"Runesmith:RunicBlueprint","floor":25.0,"key":"SMITH"},{"floor":28.0,"key":"REST"},{"data":"Runesmith:CraftPrismatica","floor":32.0,"key":"SMITH"},{"data":"Runesmith:LightningRod","floor":42,"key":"SMITH"},{"data":"Runesmith:BackupBattery+1","floor":44,"key":"SMITH"},{"data":"Runesmith:BackupBattery+2","floor":49,"key":"SMITH"}],"circlet_count":0,"master_deck":["Runesmith:Defend_RS","Runesmith:Defend_RS","Runesmith:Defend_RS","Runesmith:Defend_RS","Runesmith:CraftFirestone","Runesmith:Fortify+1","Runesmith:ShiftingStrike","Runesmith:LithiumIon","Runesmith:EarthShield+1","Runesmith:WhiteBalance","Runesmith:ChaoticBlast+1","Runesmith:RunicBlueprint+1","Runesmith:FrozenChisel+1","Runesmith:EnergizedChisel","Runesmith:BackupBattery+2","Runesmith:WhiteBalance","Runesmith:CraftPrismatica+1","Runesmith:Empowerment+1","Runesmith:EarthShield","Runesmith:BackupBattery+2","Runesmith:LightningRod+1","Runesmith:ElementalConversion+1","Runesmith:BackupBattery+3","Runesmith:EarthShield+1","Runesmith:WhiteBalance+1","Runesmith:EarthShield"],"relics":["Runesmith:CoreCrystal","NeowsBlessing","Omamori","Bloody Idol","Juzu Bracelet","Regal Pillow","Matryoshka","Runesmith:EmergencyProvisions","Oddly Smooth Stone","Bag of Preparation","Runesmith:AutoHammer","bronze:MakeshiftBattery","HandDrill","Mummified Hand","Ornamental Fan","Whetstone","The Courier","Unceasing Top","War Paint"],"acts_visited":["Exordium","TheCity","TheBeyond"],"potions_floor_usage":[50],"damage_taken":[{"damage":0.0,"enemies":"Small Slimes","floor":1.0,"turns":1.0},{"damage":0.0,"enemies":"Cultist","floor":3.0,"turns":1.0},{"damage":0.0,"enemies":"2 Louse","floor":4.0,"turns":2.0},{"damage":3.0,"enemies":"Red Slaver","floor":5.0,"turns":5.0},{"damage":21.0,"enemies":"3 Sentries","floor":6.0,"turns":7.0},{"damage":5.0,"enemies":"Lagavulin","floor":8.0,"turns":8.0},{"damage":0.0,"enemies":"3 Louse","floor":10.0,"turns":1.0},{"damage":0.0,"enemies":"Exordium Thugs","floor":11.0,"turns":4.0},{"damage":0.0,"enemies":"The Guardian","floor":16.0,"turns":8.0},{"damage":4.0,"enemies":"Chosen","floor":18.0,"turns":4.0},{"damage":7.0,"enemies":"2 Thieves","floor":20.0,"turns":4.0},{"damage":16.0,"enemies":"Gremlin Leader","floor":24.0,"turns":5.0},{"damage":13.0,"enemies":"HollowMod:Nosk","floor":27.0,"turns":5.0},{"damage":0.0,"enemies":"3 Cultists","floor":29.0,"turns":5.0},{"damage":0.0,"enemies":"Snake Plant","floor":30.0,"turns":1.0},{"damage":13.0,"enemies":"Snecko","floor":31.0,"turns":4.0},{"damage":44.0,"enemies":"Collector","floor":33.0,"turns":7.0},{"damage":16.0,"enemies":"Orb Walker","floor":35.0,"turns":4.0},{"damage":0.0,"enemies":"3 Darklings","floor":36.0,"turns":3.0},{"damage":23.0,"enemies":"4 Shapes","floor":37.0,"turns":5.0},{"damage":0,"enemies":"Nemesis","floor":40,"turns":3},{"damage":10,"enemies":"Spire Growth","floor":41,"turns":7},{"damage":0,"enemies":"2 Orb Walkers","floor":45,"turns":3},{"damage":0,"enemies":"Maw","floor":46,"turns":6},{"damage":0,"enemies":"Giant Head","floor":48,"turns":4},{"damage":12,"enemies":"Time Eater","floor":50,"turns":7}],"seed_played":"1405331482996130372","potions_obtained":[{"floor":3.0,"key":"PowerPotion"},{"floor":5.0,"key":"Energy Potion"},{"floor":10.0,"key":"PowerPotion"},{"floor":16.0,"key":"Energy Potion"},{"floor":27.0,"key":"GamblersBrew"},{"floor":30.0,"key":"Swift Potion"},{"floor":31.0,"key":"sneckomod:MuddlingPotion"},{"floor":33.0,"key":"Weak Potion"},{"floor":35.0,"key":"hexamod:SoulburnPotion"},{"floor":41,"key":"DuplicationPotion"}],"is_trial":false,"path_per_floor":["M","$","M","M","M","E","?","E","T","M","M","?","R","?","R","B",null,"M","?","M","?","?","R","E","R","T","E","R","M","M","M","R","B",null,"M","M","M","?","$","E","M","R","T","R","?","M","?","E","R","B",null],"character_chosen":"RUNESMITH_CLASS","items_purchased":["Runesmith:LithiumIon","Runesmith:EarthShield","HandDrill","Mummified Hand"],"campfire_rested":1,"item_purchase_floors":[2,2,39,39],"current_hp_per_floor":[70,70,70,70,67,46,46,41,41,41,41,39,39,39,39,39,65,61,61,54,54,54,54,43,43,43,35,65,65,65,57,57,18,65,54,59,41,41,41,46,41,41,41,41,46,51,51,56,56,44],"gold":281,"neow_bonus":"THREE_ENEMY_KILL","is_daily":false,"chose_seed":false,"campfire_upgraded":8,"win_rate":0.0,"timestamp":1611675401,"path_taken":["M","$","M","M","M","E","?","E","T","M","M","?","R","?","R","BOSS","M","?","M","?","?","R","E","R","T","E","R","M","M","M","R","BOSS","M","M","M","?","$","E","M","R","T","R","?","M","?","E","R","BOSS"],"items_purchased_type":["Card","Card","Relic","Relic"],"build_version":"2020-12-22","purchased_purges":1,"victory":true,"max_hp_per_floor":[70,70,70,70,70,70,65,65,65,65,65,65,65,65,65,65,65,65,65,65,65,65,65,65,65,65,65,65,65,65,65,65,65,65,65,65,65,65,65,65,65,65,65,65,65,65,65,65,65,65],"card_choices":[{"not_picked":["Runesmith:Grindstone","Runesmith:RuneHurl"],"picked":"Runesmith:ShiftingStrike","floor":1.0},{"not_picked":["Runesmith:ChargedHammer","Runesmith:ChiselStab"],"picked":"Runesmith:WhiteBalance","floor":3.0},{"not_picked":["Runesmith:DuctTape","Runesmith:EarthShield"],"picked":"Runesmith:ChaoticBlast","floor":4.0},{"not_picked":["Runesmith:Malloc","Runesmith:ChaoticBlast"],"picked":"Runesmith:RunicBlueprint","floor":5.0},{"not_picked":["Runesmith:ChiselStab","Runesmith:HeatedChisel"],"picked":"Runesmith:FrozenChisel","floor":6.0},{"not_picked":["Runesmith:Overpower","Runesmith:EarthShield"],"picked":"Runesmith:EnergizedChisel","floor":8.0},{"not_picked":["Runesmith:UnstableHammer","Runesmith:HeatExchange"],"picked":"Runesmith:BackupBattery","floor":10.0},{"not_picked":["Runesmith:HeatedChisel","Runesmith:CraftProtectio"],"picked":"Runesmith:WhiteBalance","floor":11.0},{"not_picked":["Runesmith:CraftIndustria","Runesmith:LightningRod"],"picked":"Runesmith:CraftPrismatica","floor":16.0},{"not_picked":["Runesmith:Overpower","Runesmith:FieryHammer","Runesmith:HeatExchange"],"picked":"SKIP","floor":18.0},{"not_picked":["Runesmith:Retool","Runesmith:MakeshiftArmor"],"picked":"Runesmith:EarthShield","floor":20.0},{"not_picked":["Runesmith:Accelerate","Runesmith:ShiftingStrike","Runesmith:RuneHurl"],"picked":"SKIP","floor":24.0},{"not_picked":["Runesmith:Firewall","Runesmith:Accelerate","Runesmith:EarthShield"],"picked":"SKIP","floor":27.0},{"not_picked":["Runesmith:ChiselStab+1","Runesmith:MakeshiftArmor","Runesmith:HeatedChisel"],"picked":"SKIP","floor":29.0},{"not_picked":["Runesmith:Firewall","Runesmith:Repurpose","Runesmith:ShiftingStrike"],"picked":"SKIP","floor":30.0},{"not_picked":["Runesmith:HeatedChisel","Runesmith:StaticCage","Runesmith:ChiselStab"],"picked":"SKIP","floor":31.0},{"not_picked":["Runesmith:ReplicatingBarrier","Runesmith:UnlimitedPower"],"picked":"Runesmith:LightningRod","floor":33.0},{"not_picked":["Runesmith:Overpower","Runesmith:Grindstone"],"picked":"Runesmith:ElementalConversion+1","floor":35.0},{"not_picked":["Runesmith:HammerTime","Runesmith:FieryHammer+1"],"picked":"Runesmith:BackupBattery+1","floor":36.0},{"not_picked":["Runesmith:Augment","Runesmith:HeatExchange+1"],"picked":"Runesmith:EarthShield+1","floor":37.0},{"not_picked":["Runesmith:MetallurgicalResearch","Runesmith:UnstableHammer","Runesmith:CraftIncendium"],"picked":"SKIP","floor":40},{"not_picked":["Runesmith:Grindstone+1","Runesmith:NanitesCloud+1","Runesmith:ChargedHammer"],"picked":"SKIP","floor":41},{"not_picked":["Runesmith:MakeshiftArmor","Runesmith:Grindstone"],"picked":"Runesmith:WhiteBalance+1","floor":46},{"not_picked":["Runesmith:EarthShield","Runesmith:CraftMagma","Runesmith:FieryHammer+1"],"picked":"SKIP","floor":48}],"player_experience":342835,"relics_obtained":[{"floor":6.0,"key":"Omamori"},{"floor":8.0,"key":"Juzu Bracelet"},{"floor":9.0,"key":"Regal Pillow"},{"floor":24.0,"key":"Runesmith:EmergencyProvisions"},{"floor":26.0,"key":"Oddly Smooth Stone"},{"floor":26.0,"key":"Bag of Preparation"},{"floor":27.0,"key":"Runesmith:AutoHammer"},{"floor":40,"key":"Ornamental Fan"},{"floor":43,"key":"Whetstone"},{"floor":43,"key":"The Courier"},{"floor":45,"key":"Unceasing Top"},{"floor":48,"key":"War Paint"}],"event_choices":[{"damage_healed":0.0,"max_hp_gain":0.0,"max_hp_loss":5.0,"gold_gain":0.0,"event_name":"Golden Idol","player_choice":"Lose Max HP","floor":7.0,"gold_loss":0.0,"damage_taken":0.0,"relics_obtained":["Golden Idol"]},{"damage_healed":0.0,"max_hp_gain":0.0,"max_hp_loss":0.0,"gold_gain":0.0,"event_name":"Scrap Ooze","player_choice":"Success","floor":12.0,"gold_loss":0.0,"damage_taken":7.0,"relics_obtained":["Matryoshka"]},{"damage_healed":0.0,"max_hp_gain":0.0,"max_hp_loss":0.0,"gold_gain":0.0,"event_name":"The Woman in Blue","player_choice":"Bought 0 Potions","floor":14.0,"gold_loss":0.0,"damage_taken":0.0},{"damage_healed":0.0,"max_hp_gain":0.0,"max_hp_loss":0.0,"gold_gain":0.0,"cards_transformed":["Runesmith:Strike_RS","Runesmith:Strike_RS"],"event_name":"Drug Dealer","player_choice":"Became Test Subject","floor":19.0,"gold_loss":0.0,"damage_taken":0.0,"cards_obtained":["Runesmith:CreatorForm","Runesmith:Empowerment"]},{"damage_healed":0.0,"max_hp_gain":0.0,"max_hp_loss":0.0,"gold_gain":0.0,"event_name":"Duplicator","player_choice":"Copied","floor":21.0,"gold_loss":0.0,"damage_taken":0.0,"cards_obtained":["Runesmith:BackupBattery"]},{"damage_healed":0.0,"max_hp_gain":0.0,"max_hp_loss":0.0,"gold_gain":0.0,"event_name":"Forgotten Altar","player_choice":"Gave Idol","floor":22.0,"relics_lost":["Golden Idol"],"gold_loss":0.0,"damage_taken":0.0,"relics_obtained":["Bloody Idol"]},{"cards_removed":["Runesmith:CreatorForm"],"damage_healed":0.0,"max_hp_gain":0.0,"max_hp_loss":0.0,"gold_gain":0.0,"event_name":"Falling","player_choice":"Removed Power","floor":38.0,"gold_loss":0.0,"damage_taken":0.0},{"damage_healed":0,"gold_gain":0,"player_choice":"Fight","damage_taken":0,"max_hp_gain":0,"max_hp_loss":0,"event_name":"Mysterious Sphere","floor":45,"gold_loss":0},{"damage_healed":0,"gold_gain":0,"cards_transformed":["Runesmith:Strike_RS"],"player_choice":"Transformed","damage_taken":0,"max_hp_gain":0,"max_hp_loss":0,"event_name":"Transmorgrifier","floor":47,"gold_loss":0,"cards_obtained":["Runesmith:EarthShield"]}],"is_beta":false,"boss_relics":[{"not_picked":["SacredBark","Snecko Eye"],"picked":"Runesmith:CoreCrystal"},{"not_picked":["Runesmith:PocketReactor","Calling Bell"],"picked":"bronze:MakeshiftBattery"}],"items_purged_floors":[39],"is_endless":false,"potions_floor_spawned":[3,5,10,16,27,30,31,33,35,41,45],"ascension_level":0}}