{"host":"xmr2g8b7eju0288o","time":1611681762,"event":{"mods":["AchievementEnabler","BaseMod","Colored Map","Colored Powertips","Infinite Spire","KOR Keyword Fix","Minty Spire (QoL Compilation)","Quick Restart","Spicy Shops","StSLib","SuperFastMode"],"gold_per_floor":[109,125,125,140,140,140,140,140],"floor_reached":7,"language":"KOR","playtime":156,"items_purged":[],"score":82,"play_id":"7254bb5f-6013-4618-800a-c0427bfe6f97","local_time":"20210127022242","daily_mods":["Heirloom"],"is_ascension_mode":true,"campfire_choices":[{"data":"1","floor":6.0,"key":"LIFT"}],"circlet_count":0,"master_deck":["AscendersBane","Strike_G","Strike_G","Strike_G","Strike_G","Strike_G","Defend_G","Defend_G","Defend_G","Defend_G","Defend_G","Survivor","Neutralize","Blade Dance","Injury","PiercingWail"],"relics":["Ring of the Snake","Girya","Golden Idol"],"acts_visited":["Exordium"],"potions_floor_usage":[7],"damage_taken":[{"damage":2.0,"enemies":"2 Louse","floor":1.0,"turns":4.0},{"damage":7.0,"enemies":"Jaw Worm","floor":2.0,"turns":5.0},{"damage":8.0,"enemies":"Cultist","floor":4.0,"turns":4.0},{"damage":36,"enemies":"Gremlin Nob","floor":7,"turns":4}],"seed_played":"1216643185899672","potions_obtained":[{"floor":2.0,"key":"DistilledChaos"}],"is_trial":true,"path_per_floor":["M","M","?","M","?","R","E"],"character_chosen":"THE_SILENT","items_purchased":[],"campfire_rested":0,"item_purchase_floors":[],"current_hp_per_floor":[57,50,50,42,47,47,11,11],"gold":140,"neow_bonus":"","is_daily":false,"chose_seed":false,"campfire_upgraded":0,"win_rate":0.0,"timestamp":1611681762,"path_taken":["M","M","?","M","?","R","E"],"items_purchased_type":[],"build_version":"2020-12-22","purchased_purges":0,"victory":false,"max_hp_per_floor":[66,66,66,66,71,71,71,71],"card_choices":[{"not_picked":["Endless Agony","All Out Attack","Choke"],"picked":"SKIP","floor":1.0},{"not_picked":["Quick Slash","Dodge and Roll"],"picked":"Blade Dance","floor":2.0},{"not_picked":["Outmaneuver","Leg Sweep"],"picked":"PiercingWail","floor":4.0}],"player_experience":79435,"relics_obtained":[],"event_choices":[{"damage_healed":0.0,"max_hp_gain":0.0,"max_hp_loss":0.0,"gold_gain":0.0,"event_name":"Golden Idol","player_choice":"Take Wound","floor":3.0,"gold_loss":0.0,"damage_taken":0.0,"relics_obtained":["Golden Idol"],"cards_obtained":["Injury"]},{"damage_healed":0.0,"max_hp_gain":5.0,"max_hp_loss":0.0,"gold_gain":0.0,"event_name":"Big Fish","player_choice":"Donut","floor":5.0,"gold_loss":0.0,"damage_taken":0.0}],"is_beta":false,"boss_relics":[],"items_purged_floors":[],"is_endless":false,"potions_floor_spawned":[2],"killed_by":"Gremlin Nob","ascension_level":20}}