{"host":"c52z9ixzgdjttcmx","time":1611701084,"event":{"mods":["BaseMod","Colored Powertips","Downfall","Filter the Spire","Minty Spire (QoL Compilation)","Rare Cards Sparkle","Relic Stats","StSLib"],"gold_per_floor":[99,99,26,26,26,46,125,136,155,171,171,171,171],"floor_reached":11,"language":"ENG","playtime":626,"items_purged":[],"score":66,"play_id":"0beef26d-da2b-491d-8e9d-b670c35919e3","local_time":"20210126164444","is_ascension_mode":true,"campfire_choices":[{"floor":1,"key":"REST"}],"circlet_count":0,"master_deck":["Slimebound:Strike_Slimebound","Slimebound:Strike_Slimebound","Slimebound:Strike_Slimebound","Slimebound:Tackle","Slimebound:Defend_Slimebound","Slimebound:Defend_Slimebound","Slimebound:Defend_Slimebound","Slimebound:Defend_Slimebound","Slimebound:Split","Slimebound:CorrosiveSpit","Slimebound:FormOfPuddle","Slimebound:FinishingTackle","Slimebound:TagTeam","Slimebound:RejuvenatingLick","Slimebound:SplitBruiser","Slimebound:Gluttony","Slimebound:GrowthPunch","Slimebound:SlimeSpikes"],"relics":["Slimebound:AbsorbEndCombat","downfall:HeartsMalice","downfall:ShatteredFragment","Sundial"],"acts_visited":["Exordium"],"potions_floor_usage":[10,11],"damage_taken":[{"damage":0,"enemies":"2 Louse","floor":2,"turns":1},{"damage":0,"enemies":"downfall:FleeingMerchant","floor":3,"turns":1},{"damage":0,"enemies":"Jaw Worm","floor":5,"turns":1},{"damage":6,"enemies":"Cultist","floor":6,"turns":3},{"damage":15,"enemies":"3 Louse","floor":8,"turns":4},{"damage":26,"enemies":"Lots of Slimes","floor":9,"turns":4},{"damage":2,"enemies":"Exordium Thugs","floor":10,"turns":4},{"damage":23,"enemies":"Lagavulin","floor":11,"turns":3}],"seed_played":"-7614020457336421050","potions_obtained":[{"floor":6,"key":"GamblersBrew"},{"floor":10,"key":"ColorlessPotion"}],"is_trial":false,"path_per_floor":["R","M","$","?","M","M","T","M","M","M","E"],"character_chosen":"SLIMEBOUND","items_purchased":["Slimebound:TagTeam"],"campfire_rested":1,"item_purchase_floors":[3],"current_hp_per_floor":[65,65,65,47,47,43,43,32,8,10,0,0,0],"gold":171,"neow_bonus":"THREE_ENEMY_KILL","is_daily":false,"chose_seed":false,"campfire_upgraded":0,"win_rate":0.0,"timestamp":1611701084,"path_taken":["R","M","$","?","M","M","T","M","M","M","E"],"items_purchased_type":["Card"],"build_version":"2020-12-22","purchased_purges":0,"victory":false,"max_hp_per_floor":[65,65,65,65,65,65,65,65,65,65,65,65,65],"relic_stats":{"counters":[8,16],"Sundial":[0],"obtain_stats":[{"downfall:ShatteredFragment":4,"Sundial":7,"downfall:HeartsMalice":0,"Slimebound:AbsorbEndCombat":0},{"downfall:ShatteredFragment":2,"Sundial":4,"downfall:HeartsMalice":0,"Slimebound:AbsorbEndCombat":0},{"downfall:ShatteredFragment":0,"Sundial":3,"downfall:HeartsMalice":0,"Slimebound:AbsorbEndCombat":0}]},"card_choices":[{"not_picked":["Slimebound:ForwardTackle","Slimebound:Replication"],"picked":"Slimebound:FormOfPuddle","floor":2},{"not_picked":["Slimebound:SplitSpecialist","Slimebound:LivingWall"],"picked":"Slimebound:FinishingTackle","floor":3},{"not_picked":["Slimebound:Nibble","Slimebound:SplitMire"],"picked":"Slimebound:RejuvenatingLick","floor":5},{"not_picked":["Slimebound:SplitAcid","Slimebound:SplitLeeching"],"picked":"Slimebound:SplitBruiser","floor":6},{"not_picked":["Slimebound:SplitBruiser","Slimebound:DivideAndConquer"],"picked":"Slimebound:Gluttony","floor":8},{"not_picked":["Slimebound:LeechEnergy","Slimebound:MassRepurpose"],"picked":"Slimebound:GrowthPunch","floor":9},{"not_picked":["Slimebound:LeechEnergy","Slimebound:RollThrough"],"picked":"Slimebound:SlimeSpikes","floor":10}],"player_experience":3355959,"relics_obtained":[{"floor":7,"key":"Sundial"}],"event_choices":[],"is_beta":false,"boss_relics":[],"items_purged_floors":[],"is_endless":false,"potions_floor_spawned":[6,10],"killed_by":"Lagavulin","ascension_level":1}}