{"host":"yvb207ks1sg3cxef","time":1611657521,"event":{"mods":["2.2 Compatiblity","BaseMod","Bestiary","Colored Powertips","Minty Spire (QoL Compilation)","Permanent Neow","Quick Restart","Relic Stats","StSLib"],"gold_per_floor":[111,124,141,151,171,203,203,234,234,234,248,248,276,295,295,295,295],"floor_reached":16,"language":"ENG","playtime":670,"items_purged":[],"score":298,"play_id":"383772cc-8c02-48d5-930a-4920b78d7444","local_time":"20210126160841","is_ascension_mode":true,"campfire_choices":[{"data":"Glass Knife","floor":7.0,"key":"SMITH"},{"data":"Neutralize","floor":15.0,"key":"SMITH"}],"circlet_count":0,"master_deck":["AscendersBane","Strike_G","Strike_G","Strike_G","Strike_G","Strike_G","Defend_G","Defend_G","Defend_G","Defend_G","Defend_G","Survivor+1","Neutralize+1","Quick Slash","Dash","Glass Knife+1","Dagger Throw","Footwork+1"],"relics":["Ring of the Snake","Centennial Puzzle","HornCleat","Pear","StrikeDummy","InkBottle","Happy Flower"],"acts_visited":["Exordium"],"potions_floor_usage":[16],"damage_taken":[{"damage":2.0,"enemies":"Cultist","floor":1.0,"turns":5.0},{"damage":0.0,"enemies":"2 Louse","floor":2.0,"turns":4.0},{"damage":1.0,"enemies":"Small Slimes","floor":3.0,"turns":4.0},{"damage":4.0,"enemies":"Blue Slaver","floor":4.0,"turns":3.0},{"damage":0.0,"enemies":"Large Slime","floor":5.0,"turns":6.0},{"damage":29.0,"enemies":"Lagavulin","floor":6.0,"turns":7.0},{"damage":0.0,"enemies":"Gremlin Nob","floor":8.0,"turns":3.0},{"damage":0.0,"enemies":"Red Slaver","floor":11.0,"turns":4.0},{"damage":5.0,"enemies":"Lagavulin","floor":13.0,"turns":8.0},{"damage":0.0,"enemies":"Exordium Wildlife","floor":14.0,"turns":4.0},{"damage":22,"enemies":"Slime Boss","floor":16,"turns":3}],"seed_played":"-5905551229896709442","potions_obtained":[{"floor":2.0,"key":"Fruit Juice"},{"floor":3.0,"key":"GamblersBrew"},{"floor":5.0,"key":"GamblersBrew"},{"floor":8.0,"key":"ColorlessPotion"},{"floor":11.0,"key":"PowerPotion"}],"is_trial":false,"path_per_floor":["M","M","M","M","M","E","R","E","T","T","M","?","E","M","R","B"],"character_chosen":"THE_SILENT","items_purchased":[],"campfire_rested":0,"item_purchase_floors":[],"current_hp_per_floor":[57,57,56,52,57,28,28,38,38,38,38,14,9,9,9,0,0],"gold":295,"neow_bonus":"RANDOM_COMMON_RELIC","is_daily":false,"chose_seed":false,"campfire_upgraded":2,"win_rate":0.0,"timestamp":1611657521,"path_taken":["M","M","M","?","M","E","R","E","T","?","M","?","E","M","R","BOSS"],"items_purchased_type":[],"build_version":"2020-12-22","purchased_purges":0,"victory":false,"max_hp_per_floor":[66,66,66,66,71,71,71,81,81,81,81,81,81,81,81,81,81],"relic_stats":{"Centennial Puzzle":[15],"Happy Flower":[2],"counters":[11,51],"obtain_stats":[{"Centennial Puzzle":0,"HornCleat":6,"Pear":8,"Happy Flower":13,"StrikeDummy":9,"InkBottle":10,"Ring of the Snake":0},{"Centennial Puzzle":0,"HornCleat":6,"Pear":7,"Happy Flower":9,"StrikeDummy":7,"InkBottle":7,"Ring of the Snake":0},{"Centennial Puzzle":0,"HornCleat":29,"Pear":32,"Happy Flower":44,"StrikeDummy":32,"InkBottle":32,"Ring of the Snake":0}],"InkBottle":[3],"Ring of the Snake":[22]},"card_choices":[{"not_picked":["Underhanded Strike","Acrobatics"],"picked":"Quick Slash","floor":1.0},{"not_picked":["PiercingWail","Acrobatics"],"picked":"Dash","floor":2.0},{"not_picked":["Masterful Stab","Deflect"],"picked":"Glass Knife","floor":3.0},{"not_picked":["Outmaneuver","Tactician","Cloak And Dagger"],"picked":"SKIP","floor":4.0},{"not_picked":["Blade Dance","Sucker Punch"],"picked":"Dagger Throw","floor":5.0},{"not_picked":["Prepared","Endless Agony","Poisoned Stab"],"picked":"SKIP","floor":6.0},{"not_picked":["Grand Finale","Underhanded Strike","Heel Hook"],"picked":"SKIP","floor":8.0},{"not_picked":["Terror","Eviscerate"],"picked":"Footwork","floor":11.0},{"not_picked":["Dagger Throw","Riddle With Holes","Terror"],"picked":"SKIP","floor":13.0},{"not_picked":["Dagger Throw","Riddle With Holes","Terror"],"picked":"SKIP","floor":13.0},{"not_picked":["Prepared","Underhanded Strike","Sucker Punch"],"picked":"SKIP","floor":14.0}],"player_experience":476296,"relics_obtained":[{"floor":6.0,"key":"HornCleat"},{"floor":8.0,"key":"Pear"},{"floor":9.0,"key":"StrikeDummy"},{"floor":10.0,"key":"InkBottle"},{"floor":13.0,"key":"Happy Flower"}],"event_choices":[{"damage_healed":0.0,"max_hp_gain":0.0,"max_hp_loss":0.0,"gold_gain":0.0,"event_name":"Shining Light","player_choice":"Entered Light","floor":12.0,"gold_loss":0.0,"damage_taken":24.0,"cards_upgraded":["Footwork","Survivor"]}],"is_beta":false,"boss_relics":[],"items_purged_floors":[],"is_endless":false,"potions_floor_spawned":[2,3,5,8,11],"killed_by":"Slime Boss","ascension_level":20}}