{"host":"3zb3nk4wvq0dtbuh","time":1611665035,"event":{"mods":["AchievementEnabler","BaseMod","Lobotomy","Minty Spire (QoL Compilation)","Quick Restart","Relic Filter Mod","StSLib","SuperFastMode","The Blackbeard"],"gold_per_floor":[113,130,130,1,20,20,32,32,32,32,51,61,74,85,85,185,185,199,0,0,13,13,13,32,32,58,73,73,73,73,92,92,191,191,203,213,313,331,331,331,343,343,343,359,233,233,233],"floor_reached":46,"language":"ZHS","playtime":1312,"items_purged":["Bite"],"score":441,"play_id":"3ba4faf1-4328-4286-b3de-5c0a60d8a3bb","local_time":"20210126204355","is_ascension_mode":false,"campfire_choices":[{"data":"Enlightenment","floor":6.0,"key":"SMITH"},{"data":"Flame Barrier","floor":10.0,"key":"SMITH"},{"data":"Body Slam","floor":15.0,"key":"SMITH"},{"data":"Metallicize","floor":23.0,"key":"SMITH"},{"data":"Double Tap","floor":25.0,"key":"SMITH"},{"data":"Body Slam","floor":30.0,"key":"SMITH"},{"data":"Flame Barrier","floor":32.0,"key":"SMITH"},{"floor":40.0,"key":"REST"}],"circlet_count":0,"master_deck":["Defend_R","Defend_R","Defend_R","Defend_R","Bash","Metallicize+1","Flame Barrier+1","Enlightenment+1","Body Slam+1","Headbutt","Clothesline","Double Tap+1","Body Slam+1","Bite","Bite","Bite","Bite","Flame Barrier+1","Juggernaut","Entrench+1","Inflame","Armaments+1","Shrug It Off"],"relics":["Runic Pyramid"],"acts_visited":["Exordium","TheCity","TheBeyond"],"potions_floor_usage":[],"damage_taken":[{"damage":1.0,"enemies":"Cultist","floor":1.0,"turns":3.0},{"damage":0.0,"enemies":"2 Louse","floor":2.0,"turns":4.0},{"damage":0.0,"enemies":"Small Slimes","floor":5.0,"turns":4.0},{"damage":0.0,"enemies":"3 Louse","floor":7.0,"turns":3.0},{"damage":5.0,"enemies":"Looter","floor":11.0,"turns":3.0},{"damage":7.0,"enemies":"Blue Slaver","floor":12.0,"turns":5.0},{"damage":10.0,"enemies":"Exordium Wildlife","floor":13.0,"turns":5.0},{"damage":0.0,"enemies":"Exordium Thugs","floor":14.0,"turns":4.0},{"damage":20.0,"enemies":"The Guardian","floor":16.0,"turns":9.0},{"damage":2.0,"enemies":"Chosen","floor":18.0,"turns":6.0},{"damage":10.0,"enemies":"3 Byrds","floor":21.0,"turns":6.0},{"damage":18.0,"enemies":"Snake Plant","floor":24.0,"turns":6.0},{"damage":0.0,"enemies":"Chosen and Byrds","floor":27.0,"turns":4.0},{"damage":28.0,"enemies":"Shelled Parasite and Fungi","floor":31.0,"turns":7.0},{"damage":52.0,"enemies":"Automaton","floor":33.0,"turns":14.0},{"damage":3.0,"enemies":"3 Shapes","floor":35.0,"turns":6.0},{"damage":19.0,"enemies":"3 Darklings","floor":36.0,"turns":8.0},{"damage":32.0,"enemies":"Transient","floor":38.0,"turns":5.0},{"damage":34.0,"enemies":"Maw","floor":41.0,"turns":9.0},{"damage":12.0,"enemies":"4 Shapes","floor":44.0,"turns":10.0},{"damage":0,"enemies":"Jaw Worm Horde","floor":46,"turns":1}],"seed_played":"3723587561008714450","potions_obtained":[{"floor":1.0,"key":"Swift Potion"},{"floor":12.0,"key":"Fruit Juice"},{"floor":13.0,"key":"Strength Potion"},{"floor":14.0,"key":"GamblersBrew"},{"floor":16.0,"key":"PowerPotion"},{"floor":18.0,"key":"PowerPotion"},{"floor":38.0,"key":"Block Potion"},{"floor":44.0,"key":"SteroidPotion"}],"is_trial":false,"path_per_floor":["M","M","?","$","M","R","M","?","T","R","M","M","M","M","R","B",null,"M","?","?","M","?","R","M","R","T","M","$","T","R","M","R","B",null,"M","M","?","M","?","R","M","?","T","M","$","M"],"character_chosen":"IRONCLAD","items_purchased":["Flame Barrier","Enlightenment","BloodPotion"],"campfire_rested":1,"item_purchase_floors":[4,4,45],"current_hp_per_floor":[79,79,79,79,79,79,79,79,79,79,74,72,62,62,62,42,85,83,83,83,73,59,59,54,54,54,59,59,59,59,41,41,21,59,59,50,50,28,28,45,31,28,28,30,41,41,41],"gold":233,"neow_bonus":"BOSS_RELIC","is_daily":false,"chose_seed":false,"campfire_upgraded":7,"win_rate":0.0,"timestamp":1611665035,"path_taken":["M","M","?","$","M","R","?","?","T","R","M","?","M","M","R","BOSS","M","?","?","M","?","R","M","R","T","M","$","?","R","?","R","BOSS","M","M","?","?","?","R","M","?","T","?","$","M"],"items_purchased_type":["Card","Card","Potion"],"build_version":"2020-12-22","purchased_purges":1,"victory":false,"max_hp_per_floor":[80,80,80,80,80,80,80,80,80,80,80,85,85,85,85,85,85,85,85,85,85,59,59,59,59,59,59,59,59,59,59,59,59,59,59,59,59,59,59,59,59,59,59,59,59,59,59],"card_choices":[{"not_picked":["Sever Soul","Body Slam"],"picked":"Metallicize","floor":1.0},{"not_picked":["Heavy Blade","Power Through","Bloodletting"],"picked":"SKIP","floor":2.0},{"not_picked":["Rage","Twin Strike"],"picked":"Body Slam","floor":5.0},{"not_picked":["Clash","Cleave","Hemokinesis"],"picked":"SKIP","floor":7.0},{"not_picked":["Fire Breathing","Evolve"],"picked":"Headbutt","floor":11.0},{"not_picked":["Combust","Headbutt"],"picked":"Clothesline","floor":12.0},{"not_picked":["Thunderclap","Cleave","Whirlwind"],"picked":"SKIP","floor":13.0},{"not_picked":["Reckless Charge","Anger","Combust"],"picked":"SKIP","floor":14.0},{"not_picked":["Immolate","Corruption"],"picked":"Double Tap","floor":16.0},{"not_picked":["Warcry","Searing Blow"],"picked":"Body Slam","floor":18.0},{"not_picked":["Headbutt","True Grit+1","Cleave+1"],"picked":"SKIP","floor":21.0},{"not_picked":["Pommel Strike","Sword Boomerang","Rampage"],"picked":"SKIP","floor":24.0},{"not_picked":["Heavy Blade","Cleave","Headbutt"],"picked":"SKIP","floor":27.0},{"not_picked":["Sword Boomerang","Berserk"],"picked":"Flame Barrier","floor":31.0},{"not_picked":["Impervious","Bludgeon"],"picked":"Juggernaut","floor":33.0},{"not_picked":["True Grit+1","Rampage+1"],"picked":"Entrench+1","floor":35.0},{"not_picked":["Warcry+1","Havoc+1","Ghostly Armor+1"],"picked":"SKIP","floor":36.0},{"not_picked":["Burning Pact","Pummel+1"],"picked":"Inflame","floor":38.0},{"not_picked":["Perfected Strike","Flex"],"picked":"Armaments+1","floor":41.0},{"not_picked":["Wild Strike","Flex+1"],"picked":"Shrug It Off","floor":44.0}],"player_experience":28469,"relics_obtained":[],"event_choices":[{"damage_healed":0.0,"max_hp_gain":0.0,"max_hp_loss":0.0,"gold_gain":0.0,"event_name":"The Woman in Blue","player_choice":"Bought 0 Potions","floor":3.0,"gold_loss":0.0,"damage_taken":0.0},{"cards_removed":["Strike_R"],"damage_healed":0.0,"max_hp_gain":0.0,"max_hp_loss":0.0,"gold_gain":0.0,"event_name":"Bonfire Elementals","player_choice":"Offered Basic","floor":8.0,"gold_loss":0.0,"damage_taken":0.0},{"damage_healed":0.0,"max_hp_gain":0.0,"max_hp_loss":0.0,"gold_gain":0.0,"event_name":"Masked Bandits","player_choice":"Paid Fearfully","floor":19.0,"gold_loss":199.0,"damage_taken":0.0},{"damage_healed":0.0,"max_hp_gain":0.0,"max_hp_loss":26.0,"gold_gain":0.0,"event_name":"Vampires","player_choice":"Became a vampire","floor":22.0,"gold_loss":0.0,"damage_taken":0.0,"cards_obtained":["Bite","Bite","Bite","Bite","Bite"]},{"damage_healed":0.0,"max_hp_gain":0.0,"max_hp_loss":0.0,"gold_gain":100.0,"event_name":"Golden Shrine","player_choice":"Pray","floor":37.0,"gold_loss":0.0,"damage_taken":0.0},{"damage_healed":0.0,"max_hp_gain":0.0,"max_hp_loss":0.0,"gold_gain":0.0,"event_name":"Tomb of Lord Red Mask","player_choice":"Ignored","floor":39.0,"gold_loss":0.0,"damage_taken":0.0},{"damage_healed":0.0,"max_hp_gain":0.0,"max_hp_loss":0.0,"gold_gain":0.0,"event_name":"Designer","player_choice":"Punched","floor":42.0,"gold_loss":0.0,"damage_taken":3.0}],"is_beta":false,"boss_relics":[{"not_picked":["Circlet","Circlet","Circlet"]},{"not_picked":["Circlet","Circlet","Circlet"]}],"items_purged_floors":[45],"is_endless":false,"potions_floor_spawned":[1,12,13,14,16,18,24,31,38,44],"killed_by":"Jaw Worm Horde","ascension_level":0}}