{"host":"6q94iy5iz6612v89","time":1611700211,"event":{"mods":["2.2 Compatiblity","AchievementEnabler","BaseMod","Colored Map","DeckTracker","Keyboard Shortcuts","Marisa£¨Ùöéë¡¡Øª×âÞÞ£©","Minty Spire (QoL Compilation)","Permanent Neow","StSLib","SuperFastMode"],"gold_per_floor":[115,115,115,125,143,143,143,177,202,218,218,237,255,270,270,368,368,378,378,249,263,280,280,309,309,309,338,351,351,382,457,457,557,557,572,584,594,594,610,645,645,660,706,329,341,374,374,32,32,32,32,32,32,59,59,59],"floor_reached":55,"language":"KOR","playtime":1654,"items_purged":["Strike_MRS","Strike_MRS+1","Strike_MRS+1"],"score":1246,"play_id":"ad1b7a8b-0ad1-4a07-a08e-d39c229d28aa","local_time":"20210127073011","is_ascension_mode":true,"campfire_choices":[{"data":"ChargeUpSpray","floor":6.0,"key":"SMITH"},{"data":"MasterSpark","floor":11.0,"key":"SMITH"},{"data":"MilkyWay","floor":15.0,"key":"SMITH"},{"data":"AbsoluteMagnitude","floor":23.0,"key":"SMITH"},{"data":"GalacticHalo","floor":29.0,"key":"SMITH"},{"data":"Ghostly","floor":32.0,"key":"SMITH"},{"data":"Purity","floor":41,"key":"SMITH"},{"floor":49,"key":"RECALL"},{"data":"Ghostly","floor":52,"key":"SMITH"}],"circlet_count":0,"master_deck":["AscendersBane","Defend_MRS","Defend_MRS","Defend_MRS","Defend_MRS","MasterSpark+1","UpSweep+1","ChargeUpSpray+1","AsteroidBelt","PropBag","MilkyWay+1","SporeBomb","AbsoluteMagnitude+1","Ghostly+1","Ghostly","Ghostly","Ghostly","Ghostly+1","GalacticHalo+1","EarthLightRay+1","Purity+1","AsteroidBelt+1","SuperPerseids+1","AlicesGift+1","PowerUp","MagicAbsorber","PowerUp"],"relics":["MiniHakkero","Nunchaku","Strawberry","RampagingMagicTools","Ginger","Eternal Feather","Blood Vial","Centennial Puzzle","Runic Pyramid","Smiling Mask","Omamori","Juzu Bracelet","Akabeko","Medical Kit","Whetstone","Art of War","Mummified Hand"],"acts_visited":["Exordium","TheCity","TheBeyond","TheEnding"],"potions_floor_usage":[40,40,55,55,55],"damage_taken":[{"damage":7.0,"enemies":"Jaw Worm","floor":1.0,"turns":3.0},{"damage":0.0,"enemies":"2 Louse","floor":4.0,"turns":2.0},{"damage":0.0,"enemies":"Small Slimes","floor":5.0,"turns":2.0},{"damage":16.0,"enemies":"Gremlin Nob","floor":8.0,"turns":4.0},{"damage":1.0,"enemies":"2 Fungi Beasts","floor":10.0,"turns":3.0},{"damage":5.0,"enemies":"Gremlin Gang","floor":12.0,"turns":4.0},{"damage":2.0,"enemies":"Looter","floor":13.0,"turns":3.0},{"damage":5.0,"enemies":"Blue Slaver","floor":14.0,"turns":3.0},{"damage":19.0,"enemies":"Hexaghost","floor":16.0,"turns":8.0},{"damage":2.0,"enemies":"Chosen","floor":18.0,"turns":3.0},{"damage":1.0,"enemies":"2 Thieves","floor":21.0,"turns":4.0},{"damage":0.0,"enemies":"Shelled Parasite and Fungi","floor":22.0,"turns":5.0},{"damage":3.0,"enemies":"Slavers","floor":24.0,"turns":8.0},{"damage":0.0,"enemies":"Book of Stabbing","floor":27.0,"turns":5.0},{"damage":0.0,"enemies":"3 Cultists","floor":28.0,"turns":6.0},{"damage":8.0,"enemies":"Slavers","floor":30.0,"turns":7.0},{"damage":2.0,"enemies":"Collector","floor":33.0,"turns":5.0},{"damage":0.0,"enemies":"Orb Walker","floor":35.0,"turns":4.0},{"damage":5.0,"enemies":"3 Darklings","floor":36.0,"turns":5.0},{"damage":6.0,"enemies":"Writhing Mass","floor":37.0,"turns":5.0},{"damage":33,"enemies":"Transient","floor":39,"turns":5},{"damage":1,"enemies":"Reptomancer","floor":40,"turns":6},{"damage":0,"enemies":"Maw","floor":42,"turns":6},{"damage":0,"enemies":"Sphere and 2 Shapes","floor":45,"turns":9},{"damage":6,"enemies":"Giant Head","floor":46,"turns":6},{"damage":26,"enemies":"Awakened One","floor":50,"turns":9},{"damage":5,"enemies":"Shield and Spear","floor":54,"turns":8},{"damage":51,"enemies":"The Heart","floor":55,"turns":8}],"seed_played":"5094810263720900827","potions_obtained":[{"floor":4.0,"key":"BottledSpark"},{"floor":10.0,"key":"FearPotion"},{"floor":12.0,"key":"Fire Potion"},{"floor":13.0,"key":"Fire Potion"},{"floor":14.0,"key":"Strength Potion"},{"floor":16.0,"key":"Strength Potion"},{"floor":21.0,"key":"Ancient Potion"},{"floor":28.0,"key":"Regen Potion"},{"floor":33.0,"key":"LiquidBronze"},{"floor":35.0,"key":"Regen Potion"}],"is_trial":false,"path_per_floor":["M","?","?","M","M","R","?","E","T","M","R","M","M","M","R","B",null,"M","?","$","M","M","R","E","?","T","E","M","R","E","?","R","B",null,"M","M","M","?","M","E","R","M","T","$","M","E","?","$","R","B",null,"R","$","E","B"],"character_chosen":"MARISA","items_purchased":["GalacticHalo","PowerUp","Juzu Bracelet","Regen Potion","Dexterity Potion","Medical Kit","Whetstone"],"campfire_rested":0,"item_purchase_floors":[20,44,44,44,44,48,48],"current_hp_per_floor":[61,61,46,46,46,46,75,66,66,65,65,60,58,53,53,46,73,71,41,41,40,40,40,37,37,37,37,39,41,39,35,41,39,41,41,39,39,39,14,41,41,41,41,41,41,41,41,41,41,17,35,41,41,36,0,0],"gold":59,"neow_bonus":"RANDOM_COMMON_RELIC","is_daily":false,"chose_seed":false,"campfire_upgraded":8,"win_rate":0.0,"timestamp":1611700211,"path_taken":["M","?","?","M","M","R","?","E","T","M","R","M","?","M","R","BOSS","M","?","$","M","M","R","E","?","T","E","M","R","E","?","R","BOSS","M","M","?","?","M","E","R","M","T","$","M","E","?","?","R","BOSS","R","$","E","BOSS"],"items_purchased_type":["Card","Card","Relic","Potion","Potion","Relic","Relic"],"build_version":"2020-12-22","purchased_purges":3,"victory":false,"max_hp_per_floor":[75,75,75,75,75,75,75,82,82,82,82,82,82,82,82,82,82,82,41,41,41,41,41,41,41,41,41,41,41,41,41,41,41,41,41,41,41,41,41,41,41,41,41,41,41,41,41,41,41,41,41,41,41,41,41,41],"card_choices":[{"not_picked":["LuminesStrike","MagicChant"],"picked":"ChargeUpSpray","floor":1.0},{"not_picked":["BlazeAway","6A"],"picked":"AsteroidBelt","floor":4.0},{"not_picked":["OneTimeOff","WitchOfGreed","EventHorizon"],"picked":"SKIP","floor":5.0},{"not_picked":["StarDustReverie","LuminesStrike","IllusionStar"],"picked":"SKIP","floor":8.0},{"not_picked":["UnstableBomb","MysteriousBeam"],"picked":"PropBag","floor":10.0},{"not_picked":["GrandCross","MysteriousBeam"],"picked":"MilkyWay","floor":12.0},{"not_picked":["SporeBomb","EnergyRecoil","MilkyWay"],"picked":"SKIP","floor":13.0},{"not_picked":["EnergyRecoil","MilkyWay"],"picked":"SporeBomb","floor":13.0},{"not_picked":["ShootingEcho","PulseMagic","SuperPerseids"],"picked":"SKIP","floor":14.0},{"not_picked":["TreasureHunter","BlazingStar"],"picked":"AbsoluteMagnitude","floor":16.0},{"not_picked":["Acceleration","ChargeUpSpray+1","GrandCross"],"picked":"SKIP","floor":18.0},{"not_picked":["OneTimeOff","IllusionStar","GrandCross"],"picked":"SKIP","floor":21.0},{"not_picked":["GravityBeat+1","DoubleSpark","ShootingEcho+1"],"picked":"SKIP","floor":22.0},{"not_picked":["WitchLeyline+1","JA","Acceleration"],"picked":"SKIP","floor":24.0},{"not_picked":["NonDirectionalLaser","PowerUp+1","ShootTheMoon"],"picked":"SKIP","floor":27.0},{"not_picked":["MilkyWay","PowerUp"],"picked":"EarthLightRay+1","floor":28.0},{"not_picked":["OrrerysSun","WitchOfGreed","6A"],"picked":"SKIP","floor":30.0},{"not_picked":["ShootingEcho","LuminesStrike+1","Occultation"],"picked":"SKIP","floor":35.0},{"not_picked":["OrrerysSun+1","6A","EventHorizon+1"],"picked":"SKIP","floor":36.0},{"not_picked":["6A+1","WitchLeyline+1","IllusionStar+1"],"picked":"SKIP","floor":37.0},{"not_picked":["NonDirectionalLaser+1","WitchLeyline+1"],"picked":"AsteroidBelt+1","floor":39},{"not_picked":["MachineGunSpark","BlazeAway"],"picked":"SuperPerseids+1","floor":40},{"not_picked":["EventHorizon","DC+1"],"picked":"AlicesGift","floor":42},{"not_picked":["SporeBomb+1","MillisecondPulsars","GravityBeat+1"],"picked":"SKIP","floor":45},{"not_picked":["WitchOfGreed+1","UnstableBomb+1"],"picked":"MagicAbsorber","floor":46},{"not_picked":["NonDirectionalLaser","Acceleration+1"],"picked":"PowerUp","floor":54}],"player_experience":1498621,"relics_obtained":[{"floor":8.0,"key":"Strawberry"},{"floor":24.0,"key":"Ginger"},{"floor":26.0,"key":"Eternal Feather"},{"floor":27.0,"key":"Blood Vial"},{"floor":30.0,"key":"Centennial Puzzle"},{"floor":40,"key":"Smiling Mask"},{"floor":43,"key":"Omamori"},{"floor":46,"key":"Akabeko"},{"floor":54,"key":"Art of War"}],"event_choices":[{"cards_removed":["Strike_MRS"],"damage_healed":0.0,"max_hp_gain":0.0,"max_hp_loss":0.0,"gold_gain":0.0,"event_name":"Living Wall","player_choice":"Forget","floor":2.0,"gold_loss":0.0,"damage_taken":0.0},{"damage_healed":0.0,"max_hp_gain":0.0,"max_hp_loss":0.0,"gold_gain":0.0,"event_name":"Shining Light","player_choice":"Entered Light","floor":3.0,"gold_loss":0.0,"damage_taken":15.0,"cards_upgraded":["Strike_MRS","Strike_MRS"]},{"damage_healed":29.0,"max_hp_gain":0.0,"max_hp_loss":0.0,"gold_gain":0.0,"event_name":"Wheel of Change","player_choice":"Full Heal","floor":7.0,"gold_loss":0.0,"damage_taken":0.0},{"damage_healed":0.0,"max_hp_gain":0.0,"max_hp_loss":41.0,"gold_gain":0.0,"event_name":"Ghosts","player_choice":"Became a Ghost","floor":19.0,"gold_loss":0.0,"damage_taken":0.0,"cards_obtained":["Ghostly","Ghostly","Ghostly","Ghostly","Ghostly"]},{"damage_healed":0.0,"max_hp_gain":0.0,"max_hp_loss":0.0,"gold_gain":0.0,"event_name":"The Mausoleum","player_choice":"Ignored","floor":25.0,"gold_loss":0.0,"damage_taken":0.0},{"damage_healed":0.0,"max_hp_gain":0.0,"max_hp_loss":0.0,"gold_gain":75.0,"event_name":"FaceTrader","player_choice":"Touch","floor":31.0,"gold_loss":0.0,"damage_taken":4.0},{"damage_healed":0,"gold_gain":0,"player_choice":"1 cards matched","damage_taken":0,"max_hp_gain":0,"max_hp_loss":0,"event_name":"Match and Keep!","floor":38,"gold_loss":0,"cards_obtained":["Purity"]},{"damage_healed":0,"gold_gain":0,"player_choice":"Cursed","damage_taken":0,"max_hp_gain":0,"max_hp_loss":0,"event_name":"Wheel of Change","floor":47,"gold_loss":0,"cards_obtained":["Decay"]}],"is_beta":false,"boss_relics":[{"not_picked":["Coffee Dripper","Busted Crown"],"picked":"RampagingMagicTools"},{"not_picked":["Astrolabe","Fusion Hammer"],"picked":"Runic Pyramid"}],"items_purged_floors":[20,44,48],"is_endless":false,"potions_floor_spawned":[4,10,12,13,14,16,21,27,28,33,35,39,45],"killed_by":"The Heart","ascension_level":10}}