{"host":"yq2wmfr0u0wuvxc0","time":1611652588,"event":{"mods":["Act Like it!","Aspiration","BaseMod","Curses Come First","Downfall","Friendly Minions","Gensokyo","Hero for Fun","Hubris","Infinite Spire","Marisa????????","Minty Spire (QoL Compilation)","Pale of the Ancients","Prisma Mod","Remilia??????","Shop Mod","Spicy Shops","StSLib","The Jungle","The Servant 0.9.4","Wide Potions"],"gold_per_floor":[113,38,55,70,85,85,85,85,85,98,108,108,108,120,120,220,220,230,230,305,316,124,124,151,151,151,151,151,166,166,166,166,271,271,290,290,290,71,71,71,97,97,167,180,180,195,210,220,220,220],"floor_reached":51,"language":"ZHS","playtime":2317,"items_purged":["Strike_S","Strike_S","Strike_S","Strike_S","Pride"],"score":785,"play_id":"ae89fc81-3e19-4c31-91c9-d3c92b356f1b","local_time":"20210126011628","is_ascension_mode":false,"campfire_choices":[{"data":"KidneyShot","floor":6.0,"key":"SMITH"},{"data":"Rearm","floor":8.0,"key":"SMITH"},{"data":"Ricochet","floor":12.0,"key":"SMITH"},{"floor":15.0,"key":"REST"},{"floor":23.0,"key":"REST"},{"data":"FanOfKnives","floor":25.0,"key":"SMITH"},{"floor":27.0,"key":"REST"},{"data":"Misdirection","floor":32.0,"key":"SMITH"},{"data":"SurpressingFire","floor":40,"key":"SMITH"},{"data":"Sunlight","floor":42,"key":"SMITH"},{"data":"Starlight","floor":45,"key":"SMITH"},{"data":"Initiator","floor":49,"key":"SMITH"}],"circlet_count":0,"master_deck":["Defend_S","KidneyShot+1","Exchange","Rearm+1","BottledTime","Misdirection+1","Ricochet+1","FanOfKnives+1","TheWorld+1","Misdirection+1","J.A.X.+1","Solidify+1","FastForward+1","Sunlight+1","Starlight+1","Gensokyo:PrivateSquare+1","Rearm+1","SurpressingFire+1","hubris:SlightOfHand+1","Blade Dance+1","Corpse Explosion+1","WasteNot+1","Shuttle+1","Initiator+1"],"relics":["Uniform","NeowsBlessing","aspiration:StickyExplosives_weak","Toxic Egg 2","Runic Dome","hubris:GlazedTorus","aspiration:AnachronicSnailShell","hubris:Reverence","hubris:FunFungus","hubris:Icosahedron","Ornamental Fan","bronze:MakeshiftBattery","Gensokyo:TheCrow","hubris:64BitClover","infinitespire:Bottled Soul"],"acts_visited":["Exordium","TheCity","Gensokyo:Gensokyoest"],"potions_floor_usage":[33,50,50],"damage_taken":[{"damage":0.0,"enemies":"Cultist","floor":1.0,"turns":1.0},{"damage":0.0,"enemies":"2 Louse","floor":3.0,"turns":1.0},{"damage":0.0,"enemies":"infinitespire:Voidling","floor":4.0,"turns":1.0},{"damage":17.0,"enemies":"Lots of Slimes","floor":5.0,"turns":8.0},{"damage":20.0,"enemies":"Exordium Thugs","floor":10.0,"turns":7.0},{"damage":2.0,"enemies":"Large Slime","floor":11.0,"turns":8.0},{"damage":0.0,"enemies":"Gremlin Gang","floor":14.0,"turns":3.0},{"damage":4.0,"enemies":"Hexaghost","floor":16.0,"turns":8.0},{"damage":28.0,"enemies":"Chosen","floor":18.0,"turns":7.0},{"damage":11.0,"enemies":"Spheric Guardian","floor":21.0,"turns":5.0},{"damage":19.0,"enemies":"Gremlin Leader","floor":24.0,"turns":5.0},{"damage":1.0,"enemies":"Shelled Parasite and Fungi","floor":29.0,"turns":5.0},{"damage":9,"enemies":"Automaton","floor":33,"turns":5},{"damage":3,"enemies":"Gensokyo:AncientGuardian","floor":35,"turns":4},{"damage":6,"enemies":"Gensokyo:Doremy","floor":41,"turns":4},{"damage":3,"enemies":"Gensokyo:3_Boulders","floor":44,"turns":3},{"damage":8,"enemies":"Gensokyo:SeedOfUnknown","floor":46,"turns":3},{"damage":13,"enemies":"Gensokyo:Rafflesia","floor":47,"turns":4},{"damage":7,"enemies":"Gensokyo:AtlasGolem","floor":48,"turns":4},{"damage":40,"enemies":"Gensokyo:Scarlet_Devils","floor":50,"turns":6}],"seed_played":"1112439013435318917","potions_obtained":[{"floor":3.0,"key":"PowerPotion"},{"floor":4.0,"key":"Fire Potion"},{"floor":21.0,"key":"CultistPotion"},{"floor":44,"key":"Ancient Potion"},{"floor":46,"key":"Fire Potion"}],"is_trial":false,"path_per_floor":["M","$","M","M","M","R","?","R","T","M","M","R","$","M","R","B",null,"M","?","?","M","$","R","E","R","T","R","AVR","M","?","T","R","B",null,"M","?","?","$","?","R","E","R","T","M","R","M","M","M","R","B",null],"character_chosen":"THE_SERVANT","items_purchased":["Toxic Egg 2","hubris:GlazedTorus","Rearm+1","SurpressingFire"],"campfire_rested":3,"item_purchase_floors":[13,22,38,38],"current_hp_per_floor":[65,65,65,65,48,48,48,48,48,28,26,26,6,6,25,21,65,37,37,31,20,20,39,20,20,20,39,39,40,40,40,40,32,65,62,62,62,62,62,62,58,58,58,55,55,50,44,41,41,3],"gold":220,"neow_bonus":"THREE_ENEMY_KILL","is_daily":false,"chose_seed":false,"campfire_upgraded":9,"win_rate":0.0,"timestamp":1611652588,"path_taken":["M","$","M","?","M","R","?","R","T","M","M","R","?","?","R","BOSS","M","?","?","?","$","R","E","R","T","R","AVR","M","?","?","R","BOSS","M","?","?","$","?","R","E","R","T","?","R","M","M","M","R","BOSS"],"items_purchased_type":["Relic","Relic","Card","Card"],"build_version":"2020-12-22","purchased_purges":5,"victory":true,"max_hp_per_floor":[65,65,65,65,65,65,65,65,65,65,65,65,65,65,65,65,65,65,65,65,65,65,65,65,65,65,65,65,65,65,65,65,65,65,65,65,65,65,65,65,65,65,65,65,65,65,65,65,65,65],"card_choices":[{"not_picked":["Moonlight","Replace"],"picked":"Rearm","floor":1.0},{"not_picked":["Advance","BestPractice"],"picked":"StarChef","floor":3.0},{"not_picked":["Alleviate","Foresight","Potential"],"picked":"SKIP","floor":4.0},{"not_picked":["DoubleEdge","Potential"],"picked":"BottledTime","floor":5.0},{"not_picked":["Ricochet","SpecialFormula"],"picked":"Misdirection","floor":10.0},{"not_picked":["ShatteredReality","Alleviate"],"picked":"Ricochet","floor":11.0},{"not_picked":["Rewind+1","Unruled"],"picked":"FanOfKnives","floor":14.0},{"not_picked":["Dilation+1","Deny+1"],"picked":"TheWorld+1","floor":16.0},{"not_picked":["DoubleEdge+1","Replace+1"],"picked":"Misdirection+1","floor":18.0},{"not_picked":["Potential","BottledTime+1","Rewind+1"],"picked":"SKIP","floor":21.0},{"not_picked":["Alleviate+1","Rearm+1"],"picked":"Solidify+1","floor":24.0},{"not_picked":["ReturningBlade","Alleviate+1"],"picked":"FastForward+1","floor":29.0},{"not_picked":["Solidify+1","PendulumOfEternity"],"picked":"Sunlight","floor":33},{"not_picked":["Revamp+1","Reset+1"],"picked":"Starlight","floor":35},{"not_picked":["TimeWarp+1","ShatteredReality+1"],"picked":"WasteNot+1","floor":41},{"not_picked":["Potential+1","BestPractice","Unruled"],"picked":"SKIP","floor":44},{"not_picked":["FanOfKnives","Revamp+1"],"picked":"Shuttle+1","floor":46},{"not_picked":["Defy+1","Alleviate+1"],"picked":"Initiator","floor":47},{"not_picked":["Replace+1","Defy+1","FastForward+1"],"picked":"SKIP","floor":48}],"player_experience":264145,"relics_obtained":[{"floor":9.0,"key":"aspiration:StickyExplosives_weak"},{"floor":24.0,"key":"aspiration:AnachronicSnailShell"},{"floor":26.0,"key":"hubris:Reverence"},{"floor":31.0,"key":"Ornamental Fan"},{"floor":41,"key":"hubris:64BitClover"},{"floor":43,"key":"infinitespire:Bottled Soul"}],"event_choices":[{"damage_healed":0.0,"max_hp_gain":0.0,"max_hp_loss":0.0,"gold_gain":0.0,"event_name":"Dead Adventurer","player_choice":"Searched \u00270\u0027 times","floor":7.0,"gold_loss":0.0,"damage_taken":0.0},{"damage_healed":0.0,"max_hp_gain":0.0,"max_hp_loss":0.0,"gold_gain":0.0,"event_name":"Drug Dealer","player_choice":"Obtain J.A.X.","floor":19.0,"gold_loss":0.0,"damage_taken":0.0,"cards_obtained":["J.A.X."]},{"damage_healed":0.0,"max_hp_gain":0.0,"max_hp_loss":0.0,"gold_gain":75.0,"event_name":"FaceTrader","player_choice":"Touch","floor":20.0,"gold_loss":0.0,"damage_taken":6.0}],"is_beta":false,"boss_relics":[{"not_picked":["Velvet Choker","SplendidAttire"],"picked":"Runic Dome"},{"not_picked":["Tiny House","hubris:HollowSoul"],"picked":"bronze:MakeshiftBattery"}],"items_purged_floors":[2,13,22,28,38],"is_endless":false,"potions_floor_spawned":[3,4,5,11,21,44,46],"ascension_level":0}}