{"host":"zybdh2ue20qfjbiz","time":1611648919,"event":{"mods":["AchievementEnabler","BaseMod","Better Altar","Better Skull","BetterRewards","Friendly Minions","Kiyohime（清?）","Koishi","Lobotomy","LobotomyExtend","Marisa（霧雨　魔理沙）","Minty Spire (QoL Compilation)","Remilia（蕾米莉?）","StSLib"],"gold_per_floor":[116,191,211,225,225,259,259,259,259,93,108,142,142,176,176,272,272,293,309,224,243,243,284,298,332,332,120,151,151,182,198,198,294,357,378,711,711,723,740,774,804,834,834,429,459,459,484,500,500,500,500,500,500,362,393,393],"floor_reached":57,"language":"ENG","playtime":1817,"items_purged":["Koishi:BasicStrike","Koishi:BasicStrike","Koishi:BasicDefend","Koishi:BasicStrike","Koishi:BasicStrike","Koishi:BasicDefend","Koishi:HauntingSlash","Koishi:SubconsciousSweep","Koishi:Provoke","Koishi:UnconsciousUrges"],"score":3739,"play_id":"5d2e3c93-9a26-4d00-b536-7669b7a9c321","local_time":"20210126111519","is_ascension_mode":true,"campfire_choices":[{"data":"Koishi:GeneticsOfTheUnconscious","floor":13,"key":"SMITH"},{"data":"Koishi:GeneticsOfTheUnconscious","floor":15,"key":"SMITH"},{"data":"Koishi:HeartAttack","floor":29,"key":"SMITH"},{"data":"Koishi:HeartAttack","floor":32,"key":"SMITH"},{"data":"Koishi:VengefulSpirit","floor":46,"key":"SMITH"},{"floor":49,"key":"RECALL"},{"data":"Koishi:FreudianInstinct","floor":53,"key":"SMITH"}],"circlet_count":0,"master_deck":["AscendersBane","Koishi:ConditionedTeleport+1","Koishi:GeneticsOfTheUnconscious+1","Koishi:HeartAttack+1","Koishi:ReflexRadar+1","Koishi:ReflexRadar+1","Koishi:HeartAttack+1","Koishi:GeneticsOfTheUnconscious+1","Koishi:SubterraneanRose+1","Koishi:ReflexRadar+1","Koishi:VengefulSpirit+1","Impatience+1","Koishi:FreudianInstinct+1","Koishi:Whimsy+1"],"relics":["Koishi:ImaginaryFriend","Orrery","WingedGreaves","Lee\u0027s Waffle","Ornamental Fan","Singing Bowl","Strange Spoon","LetterFromLob","Calipers","War Paint","Bird Faced Urn","Meat on the Bone","Pandora\u0027s Box","Kunai","MutagenicStrength","Toxic Egg 2","HornCleat","Smiling Mask","Membership Card","Ancient Tea Set","Lantern","Tiny House","Nunchaku","Prayer Wheel","Potion Belt","Pen Nib","PreservedInsect","Koishi:BloodstainedWhiteRose","OrangePellets","Mercury Hourglass","Pocketwatch","Medical Kit","Shuriken"],"acts_visited":["Exordium","TheCity","TheBeyond","TheEnding"],"potions_floor_usage":[23,56],"damage_taken":[{"damage":0,"enemies":"Jaw Worm","floor":1,"turns":1},{"damage":0,"enemies":"2 Louse","floor":3,"turns":1},{"damage":8,"enemies":"Small Slimes","floor":4,"turns":2},{"damage":0,"enemies":"Gremlin Nob","floor":6,"turns":1},{"damage":0,"enemies":"Blue Slaver","floor":11,"turns":1},{"damage":0,"enemies":"3 Sentries","floor":12,"turns":1},{"damage":0,"enemies":"Lagavulin","floor":14,"turns":1},{"damage":0,"enemies":"Hexaghost","floor":16,"turns":1},{"damage":0,"enemies":"2 Thieves","floor":18,"turns":1},{"damage":0,"enemies":"Shell Parasite","floor":19,"turns":1},{"damage":0,"enemies":"Chosen and Byrds","floor":21,"turns":1},{"damage":0,"enemies":"Slavers","floor":23,"turns":1},{"damage":0,"enemies":"Centurion and Healer","floor":24,"turns":1},{"damage":0,"enemies":"Gremlin Leader","floor":25,"turns":1},{"damage":0,"enemies":"Slavers","floor":28,"turns":1},{"damage":0,"enemies":"Book of Stabbing","floor":30,"turns":1},{"damage":0,"enemies":"Snecko","floor":31,"turns":1},{"damage":0,"enemies":"Collector","floor":33,"turns":1},{"damage":0,"enemies":"3 Darklings","floor":35,"turns":1},{"damage":0,"enemies":"Orb Walker","floor":38,"turns":1},{"damage":0,"enemies":"Spire Growth","floor":39,"turns":1},{"damage":0,"enemies":"Reptomancer","floor":40,"turns":1},{"damage":0,"enemies":"Nemesis","floor":41,"turns":1},{"damage":0,"enemies":"Giant Head","floor":42,"turns":1},{"damage":0,"enemies":"Reptomancer","floor":45,"turns":1},{"damage":0,"enemies":"Mind Bloom Boss Battle","floor":47,"turns":1},{"damage":0,"enemies":"4 Shapes","floor":48,"turns":1},{"damage":0,"enemies":"Donu and Deca","floor":50,"turns":1},{"damage":0,"enemies":"Shield and Spear","floor":55,"turns":1},{"damage":6,"enemies":"The Heart","floor":56,"turns":2}],"seed_played":"5427583137365475783","potions_obtained":[{"floor":1,"key":"BlessingOfTheForge"},{"floor":11,"key":"Block Potion"},{"floor":14,"key":"FairyPotion"},{"floor":21,"key":"DistilledChaos"},{"floor":31,"key":"AttackPotion"},{"floor":47,"key":"LiquidBronze"}],"is_trial":false,"path_per_floor":["M","?","M","M","?","E","$","?","T","$","M","E","R","E","R","B",null,"M","M","?","M","?","E","M","E","T","$","E","R","E","M","R","B",null,"M","?","?","M","M","E","E","E","T","$","E","R","?","M","R","B",null,null,"R","$","E","B",null],"character_chosen":"KOISHI","items_purchased":["Orrery","WingedGreaves","Koishi:HeartAttack","Lee\u0027s Waffle","Ornamental Fan","Singing Bowl","Koishi:ReflexRadar","Koishi:ReflexRadar","Strange Spoon","War Paint","Membership Card","Impatience+1","PreservedInsect","Koishi:BloodstainedWhiteRose","OrangePellets","Swift Potion","Koishi:FreudianInstinct","Medical Kit","Swift Potion","Swift Potion"],"campfire_rested":0,"item_purchase_floors":[0,0,0,0,0,0,0,0,0,10,27,44,44,44,44,44,44,54,54,54],"current_hp_per_floor":[64,53,55,49,49,51,51,27,27,27,29,31,31,31,31,45,68,70,72,72,74,74,76,78,80,80,80,82,82,84,86,86,90,102,104,104,104,106,106,106,106,108,108,108,111,111,113,115,115,115,115,115,115,115,117,117],"gold":393,"neow_bonus":"","is_daily":false,"chose_seed":false,"campfire_upgraded":6,"win_rate":0.0,"timestamp":1611648919,"path_taken":["M","?","M","M","?","E","$","?","T","$","M","E","R","E","R","BOSS","M","M","?","M","?","E","M","E","T","$","E","R","E","M","R","BOSS","M","?","?","M","?","E","E","E","T","?","E","R","?","M","R","BOSS","R","$","E","BOSS"],"items_purchased_type":["Relic","Relic","Card","Relic","Relic","Relic","Card","Card","Relic","Relic","Relic","Card","Relic","Relic","Relic","Potion","Card","Relic","Potion","Potion"],"build_version":"2020-12-22","purchased_purges":10,"victory":true,"max_hp_per_floor":[64,64,66,68,68,70,70,70,70,70,72,74,74,74,74,76,76,78,80,80,82,82,84,86,88,88,88,90,90,92,94,94,96,103,105,105,105,107,107,107,107,109,109,109,111,111,113,115,115,115,115,115,115,115,117,117],"card_choices":[{"not_picked":["Koishi:StingingMind","Koishi:UnconsciousUprising"],"picked":"Koishi:ConditionedTeleport","floor":0},{"not_picked":["Koishi:VengefulSpirit","Koishi:Prune"],"picked":"Koishi:SubconsciousSweep","floor":0},{"not_picked":["Koishi:HeartfeltFancy","Koishi:RacingHeart"],"picked":"Koishi:GeneticsOfTheUnconscious","floor":0},{"not_picked":["Koishi:SubconsciousSweep","Koishi:ReflexRadar"],"picked":"Koishi:HeartAttack","floor":1},{"not_picked":["Koishi:RorschachInDanmaku","Koishi:SpiritedAway","Koishi:DreadfulBlow"],"picked":"Singing Bowl","floor":3},{"not_picked":["Koishi:DNAsFlaw","Koishi:TremblingHands","Koishi:ParalyzingFear"],"picked":"Singing Bowl","floor":4},{"not_picked":["Koishi:FleetingPhantom","Koishi:GhostParty","Koishi:PhantomStrike"],"picked":"Singing Bowl","floor":6},{"not_picked":["Koishi:HeartfeltFancy","Koishi:Vanish","Koishi:RacingHeart"],"picked":"Singing Bowl","floor":11},{"not_picked":["Koishi:JumpScare","Koishi:StingingMind","Koishi:SuperEgo"],"picked":"Singing Bowl","floor":12},{"not_picked":["Koishi:UnconsciousUprising","Koishi:JumpScare"],"picked":"Koishi:GeneticsOfTheUnconscious","floor":14},{"not_picked":["Koishi:FadingMemory","Koishi:RollingInRichesHeart","Koishi:SuperEgo"],"picked":"Singing Bowl","floor":16},{"not_picked":["Koishi:HeartfeltFancy","Koishi:SubconsciousSweep","Koishi:RacingHeart+1"],"picked":"Singing Bowl","floor":18},{"not_picked":["Koishi:SpiritedAway","Koishi:UnansweredLove","Koishi:UnconsciousUprising"],"picked":"Singing Bowl","floor":19},{"not_picked":["Koishi:ReflexRadar","Koishi:BloodcurdlingScream","Koishi:SuperEgo"],"picked":"Singing Bowl","floor":21},{"not_picked":["Koishi:SubconsciousSweep","Koishi:Bloodlust+1","Koishi:TremblingHands+1"],"picked":"Singing Bowl","floor":23},{"not_picked":["Koishi:FourthEye+1","Koishi:FleetingPhantom+1","Koishi:ReleaseOfTheId+1"],"picked":"Singing Bowl","floor":24},{"not_picked":["Koishi:VengefulSpirit","Koishi:TremblingHands","Koishi:JumpScare+1"],"picked":"Singing Bowl","floor":25},{"not_picked":["Koishi:UnseenTerror","Koishi:SpiritedAway","Koishi:PhilosophyOfTheDespised+1"],"picked":"Singing Bowl","floor":28},{"not_picked":["Koishi:StingingMind","Koishi:PhilosophyOfTheDespised+1","Koishi:ConditionedTeleport+1"],"picked":"Singing Bowl","floor":30},{"not_picked":["Koishi:SubconsciousSweep","Koishi:FourthEye+1","Koishi:LastRemote"],"picked":"Singing Bowl","floor":31},{"not_picked":["Koishi:RuptureMind","Koishi:ConditionedTeleport+1","Koishi:FadingMemory+1"],"picked":"Singing Bowl","floor":33},{"not_picked":["Koishi:UnansweredLove+1","Koishi:FleetingPhantom+1","Koishi:GeneticsOfTheUnconscious+1"],"picked":"Singing Bowl","floor":34},{"not_picked":["Koishi:Catatonia","Koishi:UnansweredLove+1","Koishi:FleetingPhantom+1"],"picked":"Singing Bowl","floor":35},{"not_picked":["Koishi:MassHysteria+1","Koishi:Prune+1","Koishi:PhantomBarrier+1"],"picked":"Singing Bowl","floor":38},{"not_picked":["Koishi:StingingMind","Koishi:UnseenTerror"],"picked":"Koishi:SubterraneanRose+1","floor":39},{"not_picked":["Koishi:Vanish+1","Koishi:SubconsciousSweep+1"],"picked":"Koishi:ReflexRadar+1","floor":40},{"not_picked":["Koishi:RacingHeart","Koishi:UnconsciousUrges"],"picked":"Koishi:VengefulSpirit","floor":41},{"not_picked":["Koishi:CatchAndRose+1","Koishi:MindNumbingTerror","Koishi:SprinkleStarAndHeart+1"],"picked":"Singing Bowl","floor":42},{"not_picked":["Koishi:SpiritedAway","Koishi:RacingHeart","Koishi:UnansweredLove+1"],"picked":"Singing Bowl","floor":45},{"not_picked":["Koishi:DreadfulBlow","Koishi:ParalyzingFear","Koishi:GhostParty+1"],"picked":"Singing Bowl","floor":47},{"not_picked":["Koishi:CatchAndRose+1","Koishi:UnconsciousUprising+1"],"picked":"Koishi:Whimsy+1","floor":48},{"not_picked":["Koishi:SuperEgo","Koishi:ApparitionsStalkTheNight+1","Koishi:UnseenTerror"],"picked":"Singing Bowl","floor":48},{"not_picked":["Koishi:HeartfeltFancy+1","Koishi:VengefulSpirit","Koishi:CatchAndRose+1"],"picked":"Singing Bowl","floor":55}],"player_experience":416197,"relics_obtained":[{"floor":1,"key":"LetterFromLob"},{"floor":6,"key":"Calipers"},{"floor":12,"key":"Bird Faced Urn"},{"floor":14,"key":"Meat on the Bone"},{"floor":23,"key":"Toxic Egg 2"},{"floor":25,"key":"HornCleat"},{"floor":26,"key":"Smiling Mask"},{"floor":28,"key":"Ancient Tea Set"},{"floor":30,"key":"Lantern"},{"floor":40,"key":"Nunchaku"},{"floor":41,"key":"Prayer Wheel"},{"floor":42,"key":"Potion Belt"},{"floor":43,"key":"Pen Nib"},{"floor":45,"key":"Mercury Hourglass"},{"floor":47,"key":"Pocketwatch"},{"floor":55,"key":"Shuriken"}],"event_choices":[{"damage_healed":0,"gold_gain":75,"player_choice":"Gather Gold","damage_taken":11,"max_hp_gain":0,"max_hp_loss":0,"event_name":"World of Goop","floor":2,"gold_loss":0},{"cards_removed":["Koishi:BasicDefend"],"damage_healed":0,"gold_gain":0,"player_choice":"Forget","damage_taken":0,"max_hp_gain":0,"max_hp_loss":0,"event_name":"Living Wall","floor":5,"gold_loss":0},{"damage_healed":0,"gold_gain":0,"player_choice":"Take Damage","damage_taken":24,"relics_obtained":["Golden Idol"],"max_hp_gain":0,"max_hp_loss":0,"event_name":"Golden Idol","floor":8,"gold_loss":0},{"damage_healed":0,"gold_gain":0,"player_choice":"Obtained Relic","damage_taken":0,"relics_obtained":["Kunai"],"max_hp_gain":0,"max_hp_loss":0,"event_name":"Addict","floor":20,"gold_loss":85},{"damage_healed":0,"gold_gain":0,"player_choice":"Inject Mutagens","damage_taken":0,"relics_obtained":["MutagenicStrength"],"max_hp_gain":0,"max_hp_loss":0,"event_name":"Drug Dealer","floor":22,"gold_loss":0},{"damage_healed":0,"gold_gain":333,"player_choice":"Gave Idol","damage_taken":0,"max_hp_gain":0,"max_hp_loss":0,"event_name":"The Moai Head","floor":36,"relics_lost":["Golden Idol"],"gold_loss":0},{"damage_healed":0,"gold_gain":0,"player_choice":"0 cards matched","damage_taken":0,"max_hp_gain":0,"max_hp_loss":0,"event_name":"Match and Keep!","floor":37,"gold_loss":0,"cards_obtained":[]},{"damage_healed":0,"gold_gain":0,"player_choice":"Fight","damage_taken":0,"max_hp_gain":0,"max_hp_loss":0,"event_name":"MindBloom","floor":47,"gold_loss":0}],"is_beta":false,"boss_relics":[{"not_picked":["Coffee Dripper","Cursed Key"],"picked":"Pandora\u0027s Box"},{"not_picked":["Runic Dome","Fusion Hammer"],"picked":"Tiny House"}],"items_purged_floors":[0,0,0,0,0,0,0,0,27,44],"is_endless":false,"potions_floor_spawned":[1,11,14,16,18,21,31,33,38,40,42,47,55],"ascension_level":16}}