{"host":"zk71suw73lg2r165","time":1611688862,"event":{"mods":["BaseMod","Colored Map","Minty Spire (QoL Compilation)","Permanent Neow","Relic Stats","StSLib"],"gold_per_floor":[214,214,214,24,44,78,89,89,89],"floor_reached":8,"language":"ENG","playtime":207,"items_purged":[],"score":111,"play_id":"878693b0-86ee-4b74-9052-375cad582757","local_time":"20210126142102","is_ascension_mode":true,"campfire_choices":[],"circlet_count":0,"master_deck":["AscendersBane","Strike_R","Strike_R","Strike_R","Strike_R","Strike_R","Defend_R","Defend_R","Defend_R","Defend_R","Bash","Thunderclap","Apotheosis","Cleave","Disarm","Twin Strike","Infernal Blade"],"relics":["Burning Blood","The Courier","Spirit Poop","MealTicket"],"acts_visited":["Exordium"],"potions_floor_usage":[],"damage_taken":[{"damage":5,"enemies":"Small Slimes","floor":1,"turns":4},{"damage":6,"enemies":"Cultist","floor":5,"turns":4},{"damage":34,"enemies":"3 Sentries","floor":6,"turns":6},{"damage":10,"enemies":"Jaw Worm","floor":7,"turns":4},{"damage":37,"enemies":"Gremlin Nob","floor":8,"turns":3}],"seed_played":"-8899686666275526921","potions_obtained":[],"is_trial":false,"path_per_floor":["M","?","?","$","M","E","M","E"],"character_chosen":"IRONCLAD","items_purchased":["Apotheosis","Cleave"],"campfire_rested":0,"item_purchase_floors":[4,4],"current_hp_per_floor":[69,69,69,69,69,41,37,0,0],"gold":89,"neow_bonus":"HUNDRED_GOLD","is_daily":false,"chose_seed":false,"campfire_upgraded":0,"win_rate":0.0,"timestamp":1611688862,"path_taken":["M","?","?","$","M","E","?","E"],"items_purchased_type":["Card","Card"],"build_version":"2020-12-22","purchased_purges":0,"victory":false,"max_hp_per_floor":[75,75,75,75,75,75,75,75,75],"relic_stats":{"counters":[5,21],"MealTicket":0,"obtain_stats":[{"Spirit Poop":3,"MealTicket":6,"The Courier":2,"Burning Blood":0},{"Spirit Poop":1,"MealTicket":3,"The Courier":1,"Burning Blood":0},{"Spirit Poop":4,"MealTicket":14,"The Courier":4,"Burning Blood":0}],"Burning Blood":24},"card_choices":[{"not_picked":["Havoc","Evolve"],"picked":"Thunderclap","floor":1},{"not_picked":["Body Slam","Cleave"],"picked":"Disarm","floor":5},{"not_picked":["Juggernaut","Entrench"],"picked":"Twin Strike","floor":6},{"not_picked":["Anger","Armaments"],"picked":"Infernal Blade","floor":7}],"player_experience":1384056,"relics_obtained":[{"floor":6,"key":"MealTicket"}],"event_choices":[{"damage_healed":0,"gold_gain":0,"player_choice":"Box","damage_taken":0,"relics_obtained":["The Courier"],"max_hp_gain":0,"max_hp_loss":0,"event_name":"Big Fish","floor":2,"gold_loss":0,"cards_obtained":["Regret"]},{"cards_removed":["Regret"],"damage_healed":0,"gold_gain":0,"player_choice":"Offered Curse","damage_taken":0,"relics_obtained":["Spirit Poop"],"max_hp_gain":0,"max_hp_loss":0,"event_name":"Bonfire Elementals","floor":3,"gold_loss":0}],"is_beta":false,"boss_relics":[],"items_purged_floors":[],"is_endless":false,"potions_floor_spawned":[],"killed_by":"Gremlin Nob","ascension_level":20}}