{"host":"lktusdb9orijgc6z","time":1611693575,"event":{"mods":["BaseMod","Bestiary","Colored Map","Colored Powertips","Filter the Spire","Minty Spire (QoL Compilation)","Permanent Neow","Quick Restart","Relic Stats","StSLib","everything is the same but u backflip on backflip","slay the spire mod where everything is the same but ironclad has a cowboy hat"],"gold_per_floor":[112,132,132,132,207,251,251,274,297,313,313,327,341,10,10,104,104,123,146,146,164,164,164,208,208,208,227,227,0,0,20,20,20,20],"floor_reached":33,"language":"ENG","playtime":1234,"items_purged":[],"score":584,"play_id":"bd201d05-1667-4061-91fd-5d706eea4ada","local_time":"20210126213935","is_ascension_mode":true,"campfire_choices":[{"data":"Dagger Spray","floor":7.0,"key":"SMITH"},{"data":"Neutralize","floor":11.0,"key":"SMITH"},{"data":"All Out Attack","floor":15.0,"key":"SMITH"},{"data":"Noxious Fumes","floor":23,"key":"SMITH"},{"floor":25,"key":"REST"},{"data":"Calculated Gamble","floor":28,"key":"SMITH"},{"data":"Footwork","floor":32,"key":"SMITH"}],"circlet_count":0,"master_deck":["AscendersBane","Strike_G","Strike_G","Strike_G","Strike_G","Strike_G","Defend_G","Defend_G","Defend_G","Defend_G","Defend_G","Survivor","Neutralize+1","All Out Attack+1","Dagger Spray+1","Skewer","Dash","Heel Hook","Escape Plan","Dagger Throw","Predator","Masterful Stab","Noxious Fumes+1","Calculated Gamble+1","Quick Slash+1","Eviscerate","Master of Strategy","Footwork+1"],"relics":["Ring of the Snake","FossilizedHelix","Golden Idol","MealTicket","Ancient Tea Set","TwistedFunnel","Black Star","MutagenicStrength","Lantern","Akabeko","Paper Crane"],"acts_visited":["Exordium","TheCity"],"potions_floor_usage":[16,19,33],"damage_taken":[{"damage":0.0,"enemies":"Small Slimes","floor":1.0,"turns":3.0},{"damage":0.0,"enemies":"2 Louse","floor":2.0,"turns":2.0},{"damage":0.0,"enemies":"Gremlin Nob","floor":6.0,"turns":3.0},{"damage":0.0,"enemies":"Cultist","floor":8.0,"turns":3.0},{"damage":6.0,"enemies":"3 Louse","floor":10.0,"turns":3.0},{"damage":0.0,"enemies":"Looter","floor":12.0,"turns":3.0},{"damage":0.0,"enemies":"Large Slime","floor":13.0,"turns":5.0},{"damage":8,"enemies":"Slime Boss","floor":16,"turns":8},{"damage":0,"enemies":"2 Thieves","floor":18,"turns":3},{"damage":0,"enemies":"3 Byrds","floor":19,"turns":3},{"damage":28,"enemies":"Centurion and Healer","floor":21,"turns":10},{"damage":23,"enemies":"Slavers","floor":24,"turns":6},{"damage":3,"enemies":"Cultist and Chosen","floor":27,"turns":4},{"damage":0,"enemies":"Snecko","floor":31,"turns":2},{"damage":120,"enemies":"Champ","floor":33,"turns":15}],"seed_played":"-3784939109397012522","potions_obtained":[{"floor":1.0,"key":"Strength Potion"},{"floor":2.0,"key":"AttackPotion"},{"floor":8.0,"key":"LiquidBronze"},{"floor":10.0,"key":"Fire Potion"},{"floor":16,"key":"Energy Potion"},{"floor":19,"key":"SpeedPotion"}],"is_trial":false,"path_per_floor":["M","M","?","?","?","E","R","M","T","M","R","M","M","$","R","B",null,"M","M","?","M","?","R","E","R","T","M","R","$","?","M","R","B"],"character_chosen":"THE_SILENT","items_purchased":["Ancient Tea Set","TwistedFunnel","Eviscerate","Master of Strategy"],"campfire_rested":1,"item_purchase_floors":[14,14,29,29],"current_hp_per_floor":[59,59,38,38,27,27,27,27,27,21,21,21,21,36,36,28,52,52,52,52,24,24,24,1,19,19,16,16,31,70,70,70,0,0],"gold":20,"neow_bonus":"ONE_RARE_RELIC","is_daily":false,"chose_seed":false,"campfire_upgraded":6,"win_rate":0.0,"timestamp":1611693575,"path_taken":["M","M","?","?","?","E","R","M","T","M","R","M","M","$","R","BOSS","M","M","?","M","?","R","E","R","T","M","R","$","?","?","R","BOSS"],"items_purchased_type":["Relic","Relic","Card","Card"],"build_version":"2020-12-22","purchased_purges":0,"victory":false,"max_hp_per_floor":[60,60,60,60,60,60,60,60,60,60,60,60,60,60,60,60,60,60,60,60,60,60,60,60,60,60,60,60,60,70,70,70,70,70],"relic_stats":{"counters":[15,73],"Golden Idol":72,"MealTicket":30,"Black Star":1,"obtain_stats":[{"TwistedFunnel":14,"Lantern":24,"Golden Idol":3,"MutagenicStrength":22,"MealTicket":6,"Black Star":17,"Paper Crane":26,"Ancient Tea Set":14,"FossilizedHelix":0,"Akabeko":24,"Ring of the Snake":0},{"TwistedFunnel":7,"Lantern":12,"Golden Idol":2,"MutagenicStrength":11,"MealTicket":3,"Black Star":8,"Paper Crane":12,"Ancient Tea Set":7,"FossilizedHelix":0,"Akabeko":12,"Ring of the Snake":0},{"TwistedFunnel":22,"Lantern":52,"Golden Idol":5,"MutagenicStrength":46,"MealTicket":8,"Black Star":30,"Paper Crane":52,"Ancient Tea Set":22,"FossilizedHelix":0,"Akabeko":52,"Ring of the Snake":0}],"Ring of the Snake":[30]},"card_choices":[{"not_picked":["Predator","Backflip"],"picked":"All Out Attack","floor":1.0},{"not_picked":["Choke","Deadly Poison"],"picked":"Dagger Spray","floor":2.0},{"not_picked":["Choke","Bane"],"picked":"Skewer","floor":6.0},{"not_picked":["Quick Slash","Blur"],"picked":"Dash","floor":8.0},{"not_picked":["Escape Plan","Sucker Punch"],"picked":"Heel Hook","floor":10.0},{"not_picked":["Distraction","Choke"],"picked":"Escape Plan","floor":12.0},{"not_picked":["Outmaneuver","Flechettes"],"picked":"Dagger Throw","floor":13.0},{"not_picked":["Glass Knife","Storm of Steel"],"picked":"Bullet Time","floor":16},{"not_picked":["Dagger Throw","Infinite Blades"],"picked":"Predator","floor":18},{"not_picked":["Outmaneuver","Backflip"],"picked":"Masterful Stab","floor":19},{"not_picked":["Backflip","Sucker Punch"],"picked":"Noxious Fumes","floor":21},{"not_picked":["Deadly Poison","Predator"],"picked":"Calculated Gamble","floor":24},{"not_picked":["Outmaneuver","Slice"],"picked":"Quick Slash+1","floor":27},{"not_picked":["Infinite Blades+1","Cloak And Dagger+1"],"picked":"Footwork","floor":31}],"player_experience":694357,"relics_obtained":[{"floor":6.0,"key":"MealTicket"},{"floor":24,"key":"Lantern"},{"floor":24,"key":"Akabeko"},{"floor":26,"key":"Paper Crane"}],"event_choices":[{"damage_healed":0.0,"max_hp_gain":0.0,"max_hp_loss":0.0,"gold_gain":0.0,"event_name":"Golden Idol","player_choice":"Take Damage","floor":3.0,"gold_loss":0.0,"damage_taken":21.0,"relics_obtained":["Golden Idol"]},{"damage_healed":0.0,"max_hp_gain":0.0,"max_hp_loss":0.0,"gold_gain":0.0,"event_name":"Liars Game","player_choice":"Ignored","floor":4.0,"gold_loss":0.0,"damage_taken":0.0},{"damage_healed":0.0,"max_hp_gain":0.0,"max_hp_loss":0.0,"gold_gain":75.0,"event_name":"World of Goop","player_choice":"Gather Gold","floor":5.0,"gold_loss":0.0,"damage_taken":11.0},{"damage_healed":0,"gold_gain":0,"player_choice":"Ignored","damage_taken":0,"max_hp_gain":0,"max_hp_loss":0,"event_name":"The Mausoleum","floor":20,"gold_loss":0},{"damage_healed":0,"gold_gain":0,"player_choice":"Inject Mutagens","damage_taken":0,"relics_obtained":["MutagenicStrength"],"max_hp_gain":0,"max_hp_loss":0,"event_name":"Drug Dealer","floor":22,"gold_loss":0},{"cards_removed":["Bullet Time"],"damage_healed":29,"gold_gain":0,"player_choice":"Offered Rare","damage_taken":0,"max_hp_gain":10,"max_hp_loss":0,"event_name":"Bonfire Elementals","floor":30,"gold_loss":0}],"is_beta":false,"boss_relics":[{"not_picked":["HoveringKite","Tiny House"],"picked":"Black Star"}],"items_purged_floors":[],"is_endless":false,"potions_floor_spawned":[1,2,8,10,16,18,19,21],"killed_by":"Champ","ascension_level":20}}