{"host":"jbw470l122a0du6q","time":1611701969,"event":{"mods":["BaseMod","Better Altar","Better Match","Better Note","Better Sensory Stone","Better Skull","Better Third Choice","Dark Map","Downfall","Duelist Mod","GifTheSpireLib","Hermit","MarisaÅiñ∂âJÅ@ñÇóùçπÅj","Minty Spire (QoL Compilation)","StSLib","The Construct","The Cursed","The Disciple","The Marked","The Runesmith","The Servant 0.9.4"],"gold_per_floor":[137,148,76,87,106,106,161,115,140,154,154,115,147,0,0,98,98,115,65,9577,9597,9597,9623,9131,9148,9174,9200,9200,9200],"floor_reached":28,"language":"ENG","playtime":3689,"items_purged":[],"score":348,"play_id":"bd6f4528-a7f8-4d94-8b79-2cb6bfb274c3","local_time":"20210126175929","is_ascension_mode":true,"campfire_choices":[{"data":"theDuelist:MiraculousDescent","floor":6.0,"key":"SMITH"},{"data":"theDuelist:MiraculousDescent","floor":11.0,"key":"SMITH"},{"data":"theDuelist:SpiralSpearStrike","floor":15.0,"key":"SMITH"}],"circlet_count":0,"master_deck":["theDuelist:MiraculousDescent+1","theDuelist:GravityLash","theDuelist:RainbowOverdragon","theDuelist:BabyDragon","theDuelist:LesserDragon","theDuelist:CastleDragonSouls","theDuelist:GuardragonJusticia","theDuelist:CastleWalls","theDuelist:SpiralSpearStrike+1","theDuelist:MiraculousDescent+1","theDuelist:CaveDragon","theDuelist:CaveDragon","theDuelist:YamataDragon","theDuelist:MegafleetDragon","theDuelist:WingedDragonRa","theDuelist:CaveDragon","theDuelist:Sparks","theDuelist:CastleWalls","theDuelist:CoralDragon","theDuelist:LesserDragon","theDuelist:Sparks","theDuelist:GuardragonJusticia","theDuelist:MegafleetDragon","Apotheosis","theDuelist:DragonShield+1","theDuelist:AncientPixieDragon+1"],"relics":["theDuelist:CardPoolRelic","theDuelist:CardPoolBasicRelic","theDuelist:BoosterPackPoolRelic","theDuelist:CardPoolAddRelic","theDuelist:CardPoolMinusRelic","theDuelist:CardPoolSaveRelic","theDuelist:CardPoolOptionsRelic","Snecko Eye","theDuelist:SpellMaxHPRelic","Ginger","Incense Burner","theDuelist:ZoneToken","Dream Catcher","theDuelist:MillenniumKey","theDuelist:ElectricToken","theDuelist:TributeEggRelic","theDuelist:ShopToken","theDuelist:GiftAnubis","Vajra","Potion Belt"],"acts_visited":["Exordium","TheCity"],"potions_floor_usage":[23,27],"damage_taken":[{"damage":0.0,"enemies":"Cultist","floor":1.0,"turns":3.0},{"damage":0.0,"enemies":"Jaw Worm","floor":2.0,"turns":1.0},{"damage":0.0,"enemies":"2 Louse","floor":4.0,"turns":2.0},{"damage":15.0,"enemies":"Exordium Wildlife","floor":5.0,"turns":3.0},{"damage":0.0,"enemies":"Exordium Wildlife","floor":7.0,"turns":8.0},{"damage":5.0,"enemies":"Gremlin Gang","floor":10.0,"turns":5.0},{"damage":0.0,"enemies":"Gremlin Nob","floor":13.0,"turns":5.0},{"damage":0.0,"enemies":"The Guardian","floor":16.0,"turns":12.0},{"damage":11.0,"enemies":"2 Thieves","floor":18.0,"turns":5.0},{"damage":0.0,"enemies":"Chosen","floor":21.0,"turns":3.0},{"damage":16,"enemies":"Book of Stabbing","floor":23,"turns":4},{"damage":1,"enemies":"3 Cultists","floor":25,"turns":6},{"damage":31,"enemies":"Slavers","floor":27,"turns":4},{"damage":24,"enemies":"Snake Plant","floor":28,"turns":2}],"seed_played":"2490841925584685181","potions_obtained":[{"floor":2.0,"key":"DistilledChaos"},{"floor":10.0,"key":"FocusPotion"},{"floor":16.0,"key":"Weak Potion"},{"floor":18.0,"key":"theDuelist:FlamingBottle"},{"floor":27,"key":"FocusPotion"}],"is_trial":false,"path_per_floor":["M","M","$","M","M","R","?","$","T","M","R","$","E","?","R","B",null,"M","?","$","M","?","E","$","M","T","E","M"],"character_chosen":"THE_DUELIST","items_purchased":["theDuelist:MiraculousDescent","theDuelist:CoralDragon","theDuelist:CastleDragonSouls","theDuelist:CaveDragon","theDuelist:ElectricToken","theDuelist:GuardragonJusticia","Apotheosis","theDuelist:ShopToken","theDuelist:GiftAnubis"],"campfire_rested":0,"item_purchase_floors":[3,8,12,20,20,20,24,24,24],"current_hp_per_floor":[80,80,80,80,65,65,65,65,65,60,60,60,60,61,61,61,81,70,70,70,70,70,54,54,54,54,23,0,0],"gold":9200,"neow_bonus":"BOSS_RELIC","is_daily":false,"chose_seed":false,"campfire_upgraded":3,"win_rate":0.0,"timestamp":1611701969,"path_taken":["M","M","$","M","?","R","?","$","T","?","R","$","E","?","R","BOSS","M","?","$","?","?","E","$","M","T","E","M"],"items_purchased_type":["Card","Card","Card","Card","Card","Card","Card","Relic","Relic"],"build_version":"2020-12-22","purchased_purges":0,"victory":false,"max_hp_per_floor":[80,80,80,80,80,80,80,80,80,80,80,80,80,81,81,81,81,81,81,81,81,81,81,81,82,82,82,82,82],"card_choices":[{"not_picked":["theDuelist:StampingDestruction","theDuelist:CyberEmergency","theDuelist:ArtifactIgnition","theDuelist:AxeDespair"],"picked":"theDuelist:SpiralSpearStrike","floor":1.0},{"not_picked":["theDuelist:Hinotama","theDuelist:BigEye","theDuelist:BlockGolem","theDuelist:Reload","theDuelist:ImperialOrder"],"picked":"SKIP","floor":2.0},{"not_picked":["theDuelist:RedEyes","theDuelist:DragonShield","theDuelist:DarkfireDragon","theDuelist:CyberDragonSieger"],"picked":"theDuelist:GuardragonJusticia","floor":4.0},{"not_picked":["theDuelist:TwinHeadedFire","theDuelist:DefenseDraw","theDuelist:LavaDragon","theDuelist:BlackBrachios"],"picked":"theDuelist:MegafleetDragon","floor":5.0},{"not_picked":["theDuelist:SpiralSpearStrike"],"picked":"theDuelist:MiraculousDescent","floor":7.0},{"not_picked":["theDuelist:ViceDragon","theDuelist:Pyrorex","theDuelist:MadSwordBeast","theDuelist:LesserDragon","theDuelist:FireDarts"],"picked":"SKIP","floor":10.0},{"not_picked":["theDuelist:BigFire","theDuelist:BlueBloodedOni","theDuelist:DarkCreator","theDuelist:Jinzo"],"picked":"theDuelist:RainbowOverdragon","floor":13.0},{"not_picked":["theDuelist:TailSwipe","theDuelist:Scapegoat","theDuelist:GaiaDragonChamp","theDuelist:GravityLash"],"picked":"theDuelist:WingedDragonRa","floor":16.0},{"not_picked":["theDuelist:Vandalgyon","theDuelist:MiraculousDescent","theDuelist:GalaxySoldier","theDuelist:CyberLaserDragon+1"],"picked":"SKIP","floor":18.0},{"not_picked":["theDuelist:YamataDragon","theDuelist:CyberValley","theDuelist:CyberDragonCore","theDuelist:JurassicImpact"],"picked":"theDuelist:MegafleetDragon","floor":21.0},{"not_picked":["theDuelist:BattleguardKing","theDuelist:BigFire+1","theDuelist:Hinotama","theDuelist:LightningDarts","theDuelist:SmashingGround"],"picked":"SKIP","floor":23},{"not_picked":["theDuelist:DefenseDraw","theDuelist:DefenseZone+1","theDuelist:FireDarts","theDuelist:SpiralSpearStrike+1"],"picked":"theDuelist:DragonShield+1","floor":25},{"not_picked":["theDuelist:Kabazauls+1","theDuelist:YamataDragon","theDuelist:MegafleetDragon","theDuelist:LesserDragon+1"],"picked":"theDuelist:AncientPixieDragon+1","floor":27}],"player_experience":45253,"relics_obtained":[{"floor":7.0,"key":"theDuelist:SpellMaxHPRelic"},{"floor":7.0,"key":"Ginger"},{"floor":7.0,"key":"Incense Burner"},{"floor":9.0,"key":"theDuelist:ZoneToken"},{"floor":13.0,"key":"Dream Catcher"},{"floor":23,"key":"theDuelist:TributeEggRelic"},{"floor":26,"key":"Vajra"},{"floor":27,"key":"Potion Belt"}],"event_choices":[{"damage_healed":0.0,"max_hp_gain":0.0,"max_hp_loss":0.0,"gold_gain":0.0,"event_name":"Battle City","player_choice":"Fight","duelist":true,"floor":7.0,"gold_loss":0.0,"damage_taken":0.0},{"damage_healed":0.0,"max_hp_gain":0.0,"max_hp_loss":0.0,"gold_gain":0.0,"event_name":"Card Trader","player_choice":"Purchased Gravity Lash for 147 Gold.","duelist":true,"floor":14.0,"gold_loss":0.0,"damage_taken":0.0},{"damage_healed":0.0,"max_hp_gain":0.0,"max_hp_loss":0.0,"gold_gain":0.0,"event_name":"The Joust","player_choice":"Bet on Owner","floor":19.0,"gold_loss":50.0,"damage_taken":0.0},{"damage_healed":0,"gold_gain":0,"player_choice":"Leave","duelist":true,"damage_taken":0,"max_hp_gain":0,"max_hp_loss":0,"event_name":"Millennium Items","floor":22,"gold_loss":0}],"is_beta":false,"boss_relics":[{"not_picked":["SacredBark","theDuelist:HauntedRelic"],"picked":"theDuelist:MillenniumKey"}],"items_purged_floors":[],"is_endless":false,"potions_floor_spawned":[2,10,16,18,27],"killed_by":"Snake Plant","ascension_level":1}}