{"host":"4u66lrbz4v7cei5p","time":1611693060,"event":{"mods":["BaseMod","Bestiary","Colored Map","Minty Spire (QoL Compilation)","StSLib"],"gold_per_floor":[113,126,126,137,237,266,280,280,304,60,73,87,87,148,148,249,249,268,279,78,78,95,95,115,115,139,139,168,168,200,217,217,313,313,323,339,339,339,355,355,370,370,370,370,235,253,253,266,266,266],"floor_reached":51,"language":"ENG","playtime":1063,"items_purged":["Defend_R","Defend_R","Defend_R"],"score":689,"play_id":"f7dd8d0b-d835-4be8-baa2-6761afff7610","local_time":"20210126123100","is_ascension_mode":false,"campfire_choices":[{"data":"Flex","floor":8.0,"key":"SMITH"},{"data":"Flex","floor":15,"key":"SMITH"},{"data":"Double Tap","floor":23,"key":"SMITH"},{"data":"Thunderclap","floor":25,"key":"SMITH"},{"data":"Bash","floor":27,"key":"SMITH"},{"floor":32,"key":"REST"},{"data":"Limit Break","floor":40,"key":"SMITH"},{"data":"Cleave","floor":42,"key":"SMITH"},{"data":"Offering","floor":44,"key":"SMITH"},{"floor":49,"key":"REST"}],"circlet_count":0,"master_deck":["Strike_R","Strike_R","Strike_R","Strike_R","Strike_R+1","Bash+1","Cleave+1","Whirlwind+1","Flex+1","Thunderclap+1","Double Tap+1","Flex+1","Whirlwind+1","Limit Break+1","Offering+1","Parasite"],"relics":["Burning Blood","NeowsBlessing","Vajra","Regal Pillow","Membership Card","Whetstone","Velvet Choker","Brimstone","Blood Vial","Red Skull","Pocketwatch","MutagenicStrength","Unceasing Top","Busted Crown","Toy Ornithopter","Cauldron"],"acts_visited":["Exordium","TheCity","TheBeyond"],"potions_floor_usage":[30,35,50],"damage_taken":[{"damage":0.0,"enemies":"2 Louse","floor":1.0,"turns":2.0},{"damage":0.0,"enemies":"Cultist","floor":2.0,"turns":1.0},{"damage":0.0,"enemies":"Small Slimes","floor":4.0,"turns":1.0},{"damage":18.0,"enemies":"3 Sentries","floor":6.0,"turns":4.0},{"damage":7.0,"enemies":"Blue Slaver","floor":7.0,"turns":2.0},{"damage":12,"enemies":"Large Slime","floor":11,"turns":3},{"damage":6,"enemies":"Exordium Wildlife","floor":12,"turns":2},{"damage":14,"enemies":"Gremlin Nob","floor":14,"turns":3},{"damage":3,"enemies":"Slime Boss","floor":16,"turns":6},{"damage":12,"enemies":"Shell Parasite","floor":18,"turns":2},{"damage":10,"enemies":"Chosen","floor":19,"turns":3},{"damage":0,"enemies":"Snecko","floor":22,"turns":2},{"damage":12,"enemies":"Chosen and Byrds","floor":24,"turns":2},{"damage":38,"enemies":"Book of Stabbing","floor":28,"turns":3},{"damage":38,"enemies":"Gremlin Leader","floor":30,"turns":3},{"damage":0,"enemies":"Sentry and Sphere","floor":31,"turns":1},{"damage":18,"enemies":"Automaton","floor":33,"turns":4},{"damage":15,"enemies":"3 Darklings","floor":35,"turns":2},{"damage":11,"enemies":"Orb Walker","floor":36,"turns":2},{"damage":9,"enemies":"4 Shapes","floor":39,"turns":1},{"damage":6,"enemies":"Maw","floor":41,"turns":2},{"damage":17,"enemies":"Spire Growth","floor":46,"turns":2},{"damage":0,"enemies":"Writhing Mass","floor":48,"turns":2},{"damage":61,"enemies":"Time Eater","floor":50,"turns":4}],"seed_played":"-261733326884161037","potions_obtained":[{"floor":2.0,"key":"Dexterity Potion"},{"floor":6.0,"key":"PowerPotion"},{"floor":7.0,"key":"BlessingOfTheForge"},{"floor":14,"key":"Strength Potion"},{"floor":30,"key":"Fire Potion"},{"floor":31,"key":"FearPotion"},{"floor":39,"key":"BlessingOfTheForge"},{"floor":41,"key":"Ancient Potion"},{"floor":45,"key":"BloodPotion"},{"floor":45,"key":"Swift Potion"},{"floor":45,"key":"GamblersBrew"}],"is_trial":false,"path_per_floor":["M","M","?","M","?","E","M","R","T","$","M","M","?","?","R","B",null,"M","M","$","?","M","R","M","R","T","R","E","?","E","M","R","B",null,"M","M","?","?","M","R","M","R","T","R","$","M","?","M","R","B",null],"character_chosen":"IRONCLAD","items_purchased":["Membership Card","Double Tap","Flex","Brimstone","Blood Vial","Cauldron"],"campfire_rested":2,"item_purchase_floors":[10,10,10,20,20,45],"current_hp_per_floor":[80,80,80,80,80,68,67,67,67,67,61,61,61,53,53,56,80,74,70,70,70,78,78,74,74,74,74,44,44,14,22,61,51,80,71,68,68,68,67,67,69,69,69,69,69,60,60,68,76,41],"gold":266,"neow_bonus":"THREE_ENEMY_KILL","is_daily":false,"chose_seed":false,"campfire_upgraded":8,"win_rate":0.0,"timestamp":1611693060,"path_taken":["M","M","?","?","?","E","M","R","T","$","M","?","?","?","R","BOSS","M","M","$","?","M","R","M","R","T","R","E","?","E","M","R","BOSS","M","M","?","?","M","R","M","R","T","R","$","M","?","M","R","BOSS"],"items_purchased_type":["Relic","Card","Card","Relic","Relic","Relic"],"build_version":"2020-12-22","purchased_purges":3,"victory":true,"max_hp_per_floor":[80,80,80,80,80,80,80,80,80,80,80,80,80,80,80,80,80,80,80,80,80,80,80,80,80,80,80,80,80,80,80,80,80,80,80,80,80,76,76,76,76,76,76,76,76,76,76,76,76,76],"card_choices":[{"not_picked":["Wild Strike","Shockwave"],"picked":"Cleave","floor":1.0},{"not_picked":["Dark Embrace","Havoc"],"picked":"Whirlwind","floor":2.0},{"not_picked":["Entrench","Sword Boomerang"],"picked":"Flex","floor":4.0},{"not_picked":["Shrug It Off","Immolate"],"picked":"Thunderclap","floor":6.0},{"not_picked":["Rage","Twin Strike","Sword Boomerang"],"picked":"SKIP","floor":7.0},{"not_picked":["True Grit","Twin Strike"],"picked":"Whirlwind","floor":11},{"not_picked":["Clothesline","Dropkick","Dark Embrace"],"picked":"SKIP","floor":12},{"not_picked":["Barricade","Corruption"],"picked":"Limit Break","floor":16},{"not_picked":["Clothesline","Combust","Feel No Pain"],"picked":"SKIP","floor":18},{"not_picked":["Shrug It Off","Havoc","Twin Strike+1"],"picked":"SKIP","floor":19},{"not_picked":["Ghostly Armor","Second Wind","Feel No Pain"],"picked":"SKIP","floor":22},{"not_picked":["Perfected Strike","Flex+1","Havoc"],"picked":"SKIP","floor":24},{"not_picked":["Intimidate","Sword Boomerang+1","Barricade"],"picked":"SKIP","floor":28},{"not_picked":["Searing Blow+1","Wild Strike","Headbutt"],"picked":"SKIP","floor":30},{"not_picked":["Perfected Strike+1","Armaments","Warcry"],"picked":"SKIP","floor":31},{"not_picked":["Feed","Exhume"],"picked":"Offering","floor":33},{"not_picked":["Perfected Strike+1"],"picked":"SKIP","floor":35},{"not_picked":["Intimidate"],"picked":"SKIP","floor":36},{"not_picked":["True Grit+1"],"picked":"SKIP","floor":39},{"not_picked":["Pommel Strike"],"picked":"SKIP","floor":41},{"not_picked":["Shockwave+1"],"picked":"SKIP","floor":46},{"not_picked":["Spot Weakness"],"picked":"SKIP","floor":48}],"player_experience":84096,"relics_obtained":[{"floor":6.0,"key":"Vajra"},{"floor":9.0,"key":"Regal Pillow"},{"floor":14,"key":"Whetstone"},{"floor":26,"key":"Red Skull"},{"floor":28,"key":"Pocketwatch"},{"floor":30,"key":"Unceasing Top"},{"floor":43,"key":"Toy Ornithopter"}],"event_choices":[{"damage_healed":0.0,"max_hp_gain":0.0,"max_hp_loss":0.0,"gold_gain":0.0,"event_name":"Accursed Blacksmith","player_choice":"Forge","floor":3.0,"gold_loss":0.0,"damage_taken":0.0,"cards_upgraded":["Whirlwind"]},{"damage_healed":0.0,"max_hp_gain":0.0,"max_hp_loss":0.0,"gold_gain":100.0,"event_name":"Wheel of Change","player_choice":"Gold","floor":5.0,"gold_loss":0.0,"damage_taken":0.0},{"cards_removed":["Defend_R"],"damage_healed":0,"gold_gain":0,"player_choice":"Forget","damage_taken":0,"max_hp_gain":0,"max_hp_loss":0,"event_name":"Living Wall","floor":13,"gold_loss":0},{"damage_healed":0,"gold_gain":0,"player_choice":"Searched \u00271\u0027 times","damage_taken":0,"max_hp_gain":0,"max_hp_loss":0,"event_name":"Dead Adventurer","floor":14,"gold_loss":0},{"damage_healed":0,"gold_gain":0,"player_choice":"Ignored","damage_taken":0,"max_hp_gain":0,"max_hp_loss":0,"event_name":"Vampires","floor":21,"gold_loss":0},{"damage_healed":0,"gold_gain":0,"player_choice":"Inject Mutagens","damage_taken":0,"relics_obtained":["MutagenicStrength"],"max_hp_gain":0,"max_hp_loss":0,"event_name":"Drug Dealer","floor":29,"gold_loss":0},{"damage_healed":0,"gold_gain":0,"player_choice":"Ignored","damage_taken":0,"max_hp_gain":0,"max_hp_loss":0,"event_name":"Tomb of Lord Red Mask","floor":37,"gold_loss":0},{"damage_healed":0,"gold_gain":0,"player_choice":"Max HP","damage_taken":0,"max_hp_gain":0,"max_hp_loss":4,"event_name":"Winding Halls","floor":38,"gold_loss":0},{"damage_healed":0,"gold_gain":0,"player_choice":"Ignored","damage_taken":0,"max_hp_gain":0,"max_hp_loss":0,"event_name":"WeMeetAgain","floor":47,"gold_loss":0}],"is_beta":false,"boss_relics":[{"not_picked":["Sozu","Pandora\u0027s Box"],"picked":"Velvet Choker"},{"not_picked":["Calling Bell","Astrolabe"],"picked":"Busted Crown"}],"items_purged_floors":[10,20,45],"is_endless":false,"potions_floor_spawned":[2,6,7,14,18,30,31,39,41,46],"ascension_level":0}}