{"host":"jumrmhf584hajrnz","time":1611669154,"event":{"mods":["BaseMod","Duelist Mod","GifTheSpireLib","Minty Spire (QoL Compilation)","Quick Restart","Replay The Spire","StSLib"],"gold_per_floor":[141,160,160,97,172,201,112,124,202,212,212,239,73,88,88,161,161,176,176,176,193,193,219,230,247,247,247,272,272,2,16,16,92,92,106,117,87,105,121,146,158,158,158,158,189,189,189,199,199,199,199],"floor_reached":50,"language":"ENG","playtime":4413,"items_purged":[],"score":1204,"play_id":"aca21893-af8a-4f1e-91bd-65b7b0948dc3","local_time":"20210126145234","is_ascension_mode":true,"campfire_choices":[{"floor":11,"key":"RECALL"},{"floor":15,"key":"REST"},{"floor":27,"key":"REST"},{"floor":29,"key":"REST"},{"floor":32,"key":"DIG"},{"floor":44,"key":"REST"},{"data":"theDuelist:MillenniumGolem","floor":46,"key":"SMITH"}],"circlet_count":0,"master_deck":["theDuelist:MillenniumGolem","theDuelist:WhiteMagicalHat+1","theDuelist:Sparks","theDuelist:MudragonSwamp","theDuelist:Sparks","theDuelist:MysticalElf","theDuelist:CastleWalls","theDuelist:MysticalElf","theDuelist:Yami+1","theDuelist:NeoMagic","theDuelist:NeoMagic","theDuelist:Sparks","Panache","theDuelist:BookSecret","theDuelist:TimeWizard","AscendersBane","theDuelist:InjectionFairy","theDuelist:CastleWalls","theDuelist:Wildfire","theDuelist:MindAir","theDuelist:RainbowMagician","Good Instincts","theDuelist:Yami+1","theDuelist:DarkPaladin","theDuelist:InfernoFireBlast+1","theDuelist:RainbowMagician","theDuelist:InjectionFairy+1","theDuelist:Yami+1","theDuelist:Wildfire","CurseOfTheBell","theDuelist:InjectionFairy+1","theDuelist:Wildfire+1","theDuelist:BlackPendant","theDuelist:InfernoFireBlast","theDuelist:MillenniumGolem+1","theDuelist:BlueDragonSummoner","theDuelist:MythicalBeast+1","theDuelist:SphereKuriboh+1"],"relics":["theDuelist:MillenniumPuzzle","theDuelist:CardPoolRelic","theDuelist:CardPoolBasicRelic","theDuelist:BoosterPackPoolRelic","theDuelist:CardPoolAddRelic","theDuelist:CardPoolMinusRelic","theDuelist:CardPoolOptionsRelic","Ice Cream","Red Skull","Dead Branch","Runic Capacitor","Replay:Bronze Core","Nloth\u0027s Gift","PreservedInsect","Replay:Ringing Soul","theDuelist:SolderToken","theDuelist:DuelistUrn","Calling Bell","Toy Ornithopter","theDuelist:TributeEggRelic","Magic Flower","Turnip","theDuelist:MillenniumRod","Anchor"],"acts_visited":["Exordium","TheCity","TheBeyond"],"potions_floor_usage":[16,16,18,24,36,36,38,39,41,41,50],"damage_taken":[{"damage":0,"enemies":"Jaw Worm","floor":1,"turns":4},{"damage":8,"enemies":"Small Slimes","floor":2,"turns":3},{"damage":8,"enemies":"3 Sentries","floor":6,"turns":8},{"damage":0,"enemies":"2 Louse","floor":8,"turns":4},{"damage":13,"enemies":"Exordium Thugs","floor":10,"turns":4},{"damage":2,"enemies":"Lagavulin","floor":12,"turns":5},{"damage":18,"enemies":"Large Slime","floor":14,"turns":6},{"damage":16,"enemies":"Hexaghost","floor":16,"turns":7},{"damage":24,"enemies":"3 Byrds","floor":18,"turns":5},{"damage":5,"enemies":"2 Thieves","floor":21,"turns":5},{"damage":20,"enemies":"Gremlin Leader","floor":23,"turns":6},{"damage":7,"enemies":"Centurion and Healer","floor":24,"turns":3},{"damage":19,"enemies":"Snake Plant","floor":25,"turns":4},{"damage":21,"enemies":"Book of Stabbing","floor":28,"turns":4},{"damage":15,"enemies":"Snecko","floor":31,"turns":6},{"damage":27,"enemies":"Automaton","floor":33,"turns":9},{"damage":13,"enemies":"3 Shapes","floor":35,"turns":4},{"damage":4,"enemies":"Orb Walker","floor":36,"turns":3},{"damage":0,"enemies":"Sphere and 2 Shapes","floor":38,"turns":4},{"damage":42,"enemies":"Transient","floor":39,"turns":6},{"damage":61,"enemies":"Reptomancer","floor":40,"turns":7},{"damage":24,"enemies":"Maw","floor":41,"turns":8},{"damage":10,"enemies":"R_Hoarder","floor":45,"turns":7},{"damage":17,"enemies":"Sphere and 2 Shapes","floor":48,"turns":4},{"damage":114,"enemies":"Donu and Deca","floor":50,"turns":8}],"seed_played":"-5654910474596869736","potions_obtained":[{"floor":2,"key":"SpeedPotion"},{"floor":6,"key":"theDuelist:WaterBottle"},{"floor":12,"key":"theDuelist:BurningPotion"},{"floor":16,"key":"Swift Potion"},{"floor":21,"key":"theDuelist:SolderPotionB"},{"floor":23,"key":"theDuelist:SealedPackB"},{"floor":24,"key":"Death Potion"},{"floor":33,"key":"AttackPotion"},{"floor":35,"key":"AttackPotion"},{"floor":37,"key":"SkillPotion"},{"floor":37,"key":"theDuelist:SealedPackE"},{"floor":39,"key":"theDuelist:FlamingBottle"},{"floor":40,"key":"Block Potion"},{"floor":41,"key":"theDuelist:FlamingBottle"},{"floor":45,"key":"theDuelist:SolderPotionB"}],"is_trial":false,"path_per_floor":["M","M","?","$","?","E","$","M","T","M","R","E","$","M","R","B",null,"M","?","?","M","?","E","M","M","T","R","E","R","$","M","R","B",null,"M","M","?","M","M","E","M","$","T","R","E","R","?","M","R","B"],"character_chosen":"THE_DUELIST","items_purchased":["theDuelist:Yami+1","theDuelist:TimeWizard","Runic Capacitor","theDuelist:SolderToken"],"campfire_rested":4,"item_purchase_floors":[4,7,13,30],"current_hp_per_floor":[63,55,55,55,44,36,36,44,44,35,35,37,37,23,41,37,57,41,41,41,45,45,29,26,11,11,29,15,34,34,40,40,39,67,63,81,81,84,60,35,48,48,48,75,90,90,90,82,99,0,0],"gold":199,"neow_bonus":"ONE_RARE_RELIC","is_daily":false,"chose_seed":false,"campfire_upgraded":1,"win_rate":0.0,"timestamp":1611669154,"path_taken":["M","M","?","$","?","E","?","M","T","M","R","E","$","M","R","BOSS","M","?","?","?","?","E","M","M","T","R","E","R","$","M","R","BOSS","M","?","?","M","M","E","M","?","T","R","E","R","?","?","R","BOSS"],"items_purchased_type":["Card","Card","Relic","Relic"],"build_version":"2020-12-22","purchased_purges":0,"victory":false,"max_hp_per_floor":[63,63,63,63,63,63,63,63,63,63,63,63,63,63,63,63,63,63,63,63,63,63,63,63,63,63,63,66,66,66,69,69,72,75,78,81,81,84,87,90,93,93,93,93,96,96,96,99,99,99,99],"card_choices":[{"not_picked":["theDuelist:WingedKuribohLv9","theDuelist:DarklordSuperbia","theDuelist:RainbowBridge","theDuelist:PreventRat"],"picked":"theDuelist:MillenniumGolem","floor":1},{"not_picked":["theDuelist:BlizzardWarrior","theDuelist:Illusionist","theDuelist:DoomShaman","theDuelist:LegendaryExodia"],"picked":"theDuelist:BookSecret","floor":2},{"not_picked":["theDuelist:BlizzardWarrior","theDuelist:LordD","theDuelist:FrontierWiseman","theDuelist:WhiteMagicalHat"],"picked":"theDuelist:InjectionFairy","floor":6},{"not_picked":["theDuelist:FluteKuriboh","theDuelist:MillenniumGolem","theDuelist:BigFire","theDuelist:Terraforming"],"picked":"theDuelist:MudragonSwamp","floor":8},{"not_picked":["Jack Of All Trades","PanicButton","Violence"],"picked":"Panache","floor":10},{"not_picked":["theDuelist:ExodiaNecross","theDuelist:ExodiaHead"],"picked":"theDuelist:Wildfire","floor":12},{"not_picked":["theDuelist:MagiciansRod","theDuelist:VoidExpansion","theDuelist:BadReaction"],"picked":"theDuelist:MindAir","floor":14},{"not_picked":["theDuelist:RainbowDarkDragon","theDuelist:IrisEarthMother","theDuelist:RainbowKuriboh","theDuelist:RainbowOverdragon"],"picked":"theDuelist:RainbowMagician","floor":16},{"not_picked":["Impatience","Mayhem","Purity"],"picked":"Good Instincts","floor":18},{"not_picked":["theDuelist:VoidExpansion+1","theDuelist:MindAir+1","theDuelist:WhiteHowling+1","theDuelist:GoblinSecret+1"],"picked":"theDuelist:Yami+1","floor":21},{"not_picked":["theDuelist:ApprenticeIllusionMagician","theDuelist:TimeWizard","theDuelist:SangaEarth","theDuelist:BadReaction"],"picked":"theDuelist:DarkPaladin","floor":23},{"not_picked":["theDuelist:CharcoalInpachi","theDuelist:ApprenticeIllusionMagician","theDuelist:Cloning","theDuelist:MagicalStone+1"],"picked":"theDuelist:InfernoFireBlast+1","floor":24},{"not_picked":["theDuelist:Wildfire","theDuelist:IceQueen","theDuelist:SkilledDarkMagician","theDuelist:Yami"],"picked":"theDuelist:RainbowMagician","floor":25},{"not_picked":["theDuelist:SpellShatteringArrow","theDuelist:NeoMagic","theDuelist:DarkMagician","theDuelist:SangaThunder"],"picked":"theDuelist:InjectionFairy+1","floor":28},{"not_picked":["theDuelist:WhiteHowling+1","theDuelist:InariFire+1","theDuelist:GoblinSecret+1","theDuelist:BadReaction+1"],"picked":"theDuelist:Yami+1","floor":31},{"not_picked":["theDuelist:ExodiaHead","theDuelist:GrandSpellbookTower","theDuelist:ThousandEyesRestrict","theDuelist:IceQueen"],"picked":"theDuelist:Wildfire","floor":33},{"not_picked":["theDuelist:BlizzardWarrior+1","theDuelist:NeoMagic+1","theDuelist:DarkMagician","theDuelist:SkilledDarkMagician+1"],"picked":"theDuelist:InjectionFairy+1","floor":35},{"not_picked":["theDuelist:MagicalBlast","theDuelist:DiffusionWaveMotion+1","theDuelist:GrandSpellbookTower","theDuelist:VoidVanishment+1"],"picked":"theDuelist:Wildfire+1","floor":36},{"not_picked":["theDuelist:FrontierWiseman","theDuelist:GilfordLegend","theDuelist:PreventRat","theDuelist:BattleOx+1"],"picked":"theDuelist:BlackPendant","floor":38},{"not_picked":["theDuelist:LegendaryExodia","theDuelist:CosmicHorrorGangiel","theDuelist:FogKing","theDuelist:ExodiaNecross"],"picked":"theDuelist:InfernoFireBlast","floor":39},{"not_picked":["theDuelist:ClearKuriboh","theDuelist:GaiaMidNightSun","theDuelist:Mudora","theDuelist:RainbowOverdragon"],"picked":"theDuelist:MillenniumGolem","floor":40},{"not_picked":["theDuelist:SangaThunder","theDuelist:NeoMagic","theDuelist:DoomShaman","theDuelist:WhiteMagicalHat"],"picked":"theDuelist:BlueDragonSummoner","floor":41},{"not_picked":["theDuelist:SpellShatteringArrow","theDuelist:CircleFireKings","theDuelist:FrontierWiseman","theDuelist:GoblinSecret"],"picked":"theDuelist:MythicalBeast+1","floor":45},{"not_picked":["theDuelist:SilentDoom+1","theDuelist:Cloning","theDuelist:Hinotama+2","theDuelist:LightningDarts"],"picked":"theDuelist:SphereKuriboh","floor":48}],"player_experience":1540443,"relics_obtained":[{"floor":6,"key":"Red Skull"},{"floor":12,"key":"Dead Branch"},{"floor":26,"key":"PreservedInsect"},{"floor":28,"key":"Replay:Ringing Soul"},{"floor":32,"key":"theDuelist:DuelistUrn"},{"floor":34,"key":"Toy Ornithopter"},{"floor":34,"key":"theDuelist:TributeEggRelic"},{"floor":34,"key":"Magic Flower"},{"floor":40,"key":"Turnip"},{"floor":43,"key":"theDuelist:MillenniumRod"},{"floor":45,"key":"Anchor"}],"event_choices":[{"damage_healed":0,"gold_gain":75,"player_choice":"Gather Gold","damage_taken":11,"max_hp_gain":0,"max_hp_loss":0,"event_name":"World of Goop","floor":5,"gold_loss":0},{"damage_healed":0,"gold_gain":0,"player_choice":"Leave","duelist":true,"damage_taken":0,"max_hp_gain":0,"max_hp_loss":0,"event_name":"Card Trader","floor":19,"gold_loss":0},{"damage_healed":0,"gold_gain":0,"player_choice":"Leave","duelist":true,"damage_taken":0,"max_hp_gain":0,"max_hp_loss":0,"event_name":"Tomb of the Nameless","floor":20,"gold_loss":0},{"damage_healed":0,"gold_gain":0,"player_choice":"Traded Relic","damage_taken":0,"relics_obtained":["Nloth\u0027s Gift"],"max_hp_gain":0,"max_hp_loss":0,"event_name":"N\u0027loth","floor":22,"relics_lost":["theDuelist:CardPoolSaveRelic"],"gold_loss":0},{"damage_healed":0,"gold_gain":0,"player_choice":"Bought 2 Potions","damage_taken":0,"max_hp_gain":0,"max_hp_loss":0,"event_name":"The Woman in Blue","floor":37,"gold_loss":0}],"is_beta":false,"boss_relics":[{"not_picked":["Honey Jar","theDuelist:GamblerChip"],"picked":"Replay:Bronze Core"},{"not_picked":["theDuelist:ElectricKey","Astrolabe"],"picked":"Calling Bell"}],"items_purged_floors":[],"is_endless":false,"potions_floor_spawned":[2,6,12,16,21,23,24,33,35,39,40,41,45],"killed_by":"Donu and Deca","ascension_level":20}}