{"host":"sc0o2qwpf9j16a4i","time":1611697346,"event":{"mods":["AchievementEnabler","BaseMod","BetterRewards","Block Reminder","Colored Map","Colored Powertips","Custom Start","Highlight Path","Minty Spire (QoL Compilation)","Relic Stats"],"gold_per_floor":[115,126,76,76,76,111,111,162,162,162,190,307,410,451,451,601,601,711,722,758,874,967,967,998,998,1074,1200,1200,1257,1257,1289,1289,1438,1438,1456,1456,1731,1744,1744,2120,2134,2242,2254,1573,1602,1602,1634,1650,1650,1650],"floor_reached":51,"language":"ENG","playtime":3576,"items_purged":["Regret"],"score":1196,"play_id":"467675eb-c884-4676-8761-75185686075d","local_time":"20210126234226","daily_mods":["Shiny","Diverse","Elite Swarm"],"is_ascension_mode":false,"campfire_choices":[{"data":"Scrawl","floor":7,"key":"SMITH"},{"data":"1","floor":15,"key":"LIFT"},{"data":"2","floor":23,"key":"LIFT"},{"data":"3","floor":25,"key":"LIFT"},{"data":"Feed","floor":28,"key":"SMITH"},{"floor":32,"key":"REST"},{"data":"Devotion","floor":49,"key":"SMITH"}],"circlet_count":0,"master_deck":["MasterReality","Brilliance","Devotion+1","Blasphemy","Ragnarok","LessonLearned","Scrawl+1","Vault","Alpha","Wish","Omniscience","Establishment+1","SpiritShield","DevaForm","DeusExMachina","Multi-Cast","Hyperbeam","Thunder Strike","Biased Cognition","Machine Learning","Electrodynamics+1","Buffer","Rainbow","Seek","Meteor Strike","Echo Form","All For One","Reboot","Amplify","Creative AI","Fission","Core Surge","Venomology","Corpse Explosion","Malaise","Phantasmal Killer","Die Die Die","Adrenaline+1","Envenom","Doppelganger","Burst","Wraith Form v2","Tools of the Trade","Night Terror","Unload","After Image","Bullet Time","Storm of Steel","Glass Knife","A Thousand Cuts","Grand Finale","Double Tap","Demon Form","Bludgeon","Feed+1","Limit Break","Corruption","Barricade","Fiend Fire","Berserk","Impervious","Juggernaut","Brutality","Reaper","Exhume","Offering","Immolate","Armaments+1","Amplify","Wish","Omniscience","Limit Break","Well Laid Plans","PiercingWail+1","Feed","Steam","JustLucky","Body Slam+1","Meditate","Omniscience","Decay","Heatsinks","Impervious","Buffer+1","Heatsinks+1"],"relics":["Cracked Core","Prayer Wheel","Bird Faced Urn","Singing Bowl","HornCleat","Vajra","Girya","Black Star","Letter Opener","Incense Burner","Mercury Hourglass","CaptainsWheel","Sundial","FossilizedHelix","Oddly Smooth Stone","StoneCalendar","Boot","Cursed Key","Blue Candle","Old Coin","Potion Belt","MawBank","InkBottle","Dead Branch","Lee\u0027s Waffle","White Beast Statue","Blood Vial","Bag of Marbles","Regal Pillow","Du-Vu Doll","Frozen Egg 2"],"acts_visited":["Exordium","TheCity","TheBeyond"],"potions_floor_usage":[6,6,13,13,14,14,20,20,20,20,22,27,29,33,33,42,42,50,50],"damage_taken":[{"damage":0,"enemies":"Small Slimes","floor":1,"turns":3},{"damage":0,"enemies":"2 Louse","floor":2,"turns":2},{"damage":15,"enemies":"Lagavulin","floor":6,"turns":6},{"damage":1,"enemies":"Gremlin Nob","floor":8,"turns":3},{"damage":0,"enemies":"Lagavulin","floor":11,"turns":5},{"damage":38,"enemies":"Jaw Worm","floor":12,"turns":11},{"damage":6,"enemies":"3 Sentries","floor":13,"turns":12},{"damage":15,"enemies":"Lots of Slimes","floor":14,"turns":3},{"damage":12,"enemies":"Slime Boss","floor":16,"turns":11},{"damage":12,"enemies":"Shell Parasite","floor":18,"turns":13},{"damage":14,"enemies":"3 Byrds","floor":19,"turns":4},{"damage":25,"enemies":"Shelled Parasite and Fungi","floor":20,"turns":6},{"damage":26,"enemies":"Centurion and Healer","floor":21,"turns":9},{"damage":42,"enemies":"Snake Plant","floor":22,"turns":9},{"damage":19,"enemies":"Gremlin Leader","floor":24,"turns":7},{"damage":49,"enemies":"Book of Stabbing","floor":27,"turns":8},{"damage":76,"enemies":"Gremlin Leader","floor":29,"turns":7},{"damage":12,"enemies":"Book of Stabbing","floor":31,"turns":6},{"damage":14,"enemies":"Collector","floor":33,"turns":11},{"damage":0,"enemies":"3 Darklings","floor":35,"turns":2},{"damage":15,"enemies":"3 Shapes","floor":38,"turns":3},{"damage":58,"enemies":"Nemesis","floor":40,"turns":7},{"damage":10,"enemies":"3 Darklings","floor":41,"turns":3},{"damage":0,"enemies":"Giant Head","floor":42,"turns":8},{"damage":1,"enemies":"Nemesis","floor":45,"turns":10},{"damage":0,"enemies":"Giant Head","floor":47,"turns":8},{"damage":10,"enemies":"Sphere and 2 Shapes","floor":48,"turns":2},{"damage":24,"enemies":"Awakened One","floor":50,"turns":9}],"seed_played":"4275010049998230738","potions_obtained":[{"floor":1,"key":"AttackPotion"},{"floor":2,"key":"SneckoOil"},{"floor":11,"key":"ColorlessPotion"},{"floor":14,"key":"Fruit Juice"},{"floor":16,"key":"EntropicBrew"},{"floor":24,"key":"FearPotion"},{"floor":27,"key":"Strength Potion"},{"floor":38,"key":"SteroidPotion"},{"floor":41,"key":"SpeedPotion"},{"floor":42,"key":"Weak Potion"},{"floor":45,"key":"Ancient Potion"}],"is_trial":true,"path_per_floor":["M","M","$","?","?","E","R","E","T","?","E","M","E","M","R","B",null,"M","M","M","M","M","R","E","R","T","E","R","E","?","E","R","B",null,"M","?","?","M","?","E","M","E","T","$","E","?","E","M","R","B",null],"character_chosen":"DEFECT","items_purchased":["Explosive Potion","Lee\u0027s Waffle","White Beast Statue","Blood Vial","Heatsinks"],"campfire_rested":1,"item_purchase_floors":[3,44,44,44,44],"current_hp_per_floor":[75,78,78,78,78,66,66,78,78,78,86,75,96,95,95,102,108,113,108,110,137,103,103,141,141,141,102,102,40,40,48,93,113,159,161,161,161,156,156,134,130,158,158,180,180,180,180,178,178,178],"gold":1650,"neow_bonus":"","is_daily":false,"chose_seed":false,"campfire_upgraded":3,"win_rate":0.0,"timestamp":1611697346,"path_taken":["M","M","$","?","?","E","R","E","T","?","E","?","E","M","R","BOSS","M","M","M","M","M","R","E","R","T","E","R","E","?","E","R","BOSS","M","?","?","?","?","E","?","E","T","$","E","?","E","M","R","BOSS"],"items_purchased_type":["Potion","Relic","Relic","Relic","Card"],"build_version":"2020-12-22","purchased_purges":1,"victory":true,"max_hp_per_floor":[75,78,78,78,78,81,81,84,84,84,86,93,96,108,108,108,108,115,120,127,137,139,139,141,141,141,141,141,147,147,153,153,159,159,161,161,161,165,165,167,169,173,173,180,180,180,180,182,182,182],"relic_stats":{"Lee\u0027s Waffle":22,"Regal Pillow":0,"Singing Bowl":46,"counters":[28,188],"Blue Candle":[1],"Dead Branch":[63],"StoneCalendar":[197],"Letter Opener":[223],"Boot":[0],"Cursed Key":1,"MawBank":24,"Mercury Hourglass":[310],"Blood Vial":2,"Sundial":[2],"Bird Faced Urn":[287],"Prayer Wheel":11,"Black Star":8,"obtain_stats":[{"Regal Pillow":45,"Singing Bowl":8,"Vajra":11,"StoneCalendar":31,"Incense Burner":24,"Boot":31,"Cursed Key":34,"Old Coin":40,"Blood Vial":44,"HornCleat":9,"Sundial":27,"Prayer Wheel":4,"Cracked Core":0,"InkBottle":42,"Potion Belt":40,"Girya":13,"Lee\u0027s Waffle":44,"Blue Candle":39,"Dead Branch":43,"Oddly Smooth Stone":29,"Letter Opener":24,"Frozen Egg 2":47,"MawBank":42,"White Beast Statue":44,"Mercury Hourglass":26,"Du-Vu Doll":47,"CaptainsWheel":27,"Bird Faced Urn":6,"Black Star":17,"Bag of Marbles":45,"FossilizedHelix":29},{"Regal Pillow":25,"Singing Bowl":4,"Vajra":5,"StoneCalendar":18,"Incense Burner":15,"Boot":18,"Cursed Key":19,"Old Coin":22,"Blood Vial":24,"HornCleat":4,"Sundial":16,"Prayer Wheel":2,"Cracked Core":0,"InkBottle":24,"Potion Belt":22,"Girya":7,"Lee\u0027s Waffle":24,"Blue Candle":21,"Dead Branch":24,"Oddly Smooth Stone":17,"Letter Opener":15,"Frozen Egg 2":26,"MawBank":24,"White Beast Statue":24,"Mercury Hourglass":15,"Du-Vu Doll":26,"CaptainsWheel":16,"Bird Faced Urn":3,"Black Star":9,"Bag of Marbles":25,"FossilizedHelix":17},{"Regal Pillow":169,"Singing Bowl":14,"Vajra":19,"StoneCalendar":125,"Incense Burner":104,"Boot":125,"Cursed Key":136,"Old Coin":148,"Blood Vial":159,"HornCleat":14,"Sundial":112,"Prayer Wheel":5,"Cracked Core":0,"InkBottle":159,"Potion Belt":148,"Girya":42,"Lee\u0027s Waffle":159,"Blue Candle":141,"Dead Branch":159,"Oddly Smooth Stone":119,"Letter Opener":104,"Frozen Egg 2":177,"MawBank":159,"White Beast Statue":159,"Mercury Hourglass":104,"Du-Vu Doll":177,"CaptainsWheel":112,"Bird Faced Urn":11,"Black Star":56,"Bag of Marbles":169,"FossilizedHelix":119}],"InkBottle":[14]},"card_choices":[{"not_picked":["MentalFortress","Fusion","Darkness"],"picked":"SKIP","floor":1},{"not_picked":["Evaluate","PathToVictory"],"picked":"Armaments","floor":2},{"not_picked":["Machine Learning","Thunder Strike"],"picked":"Amplify","floor":6},{"not_picked":["Scrawl","Doppelganger"],"picked":"Wish","floor":8},{"not_picked":["All For One","After Image","Thunder Strike"],"picked":"Singing Bowl","floor":11},{"not_picked":["Prepared","PiercingWail","Slice"],"picked":"Singing Bowl","floor":12},{"not_picked":["Iron Wave","PiercingWail","Quick Slash"],"picked":"Singing Bowl","floor":12},{"not_picked":["DeusExMachina","Doppelganger"],"picked":"Omniscience","floor":13},{"not_picked":["Halt","Adaptation","Heavy Blade"],"picked":"Singing Bowl","floor":14},{"not_picked":["Sword Boomerang","Conserve Battery","Prostrate"],"picked":"Singing Bowl","floor":14},{"not_picked":["Brutality","Devotion"],"picked":"Limit Break","floor":16},{"not_picked":["Evaluate","Stack","Flying Knee"],"picked":"Singing Bowl","floor":18},{"not_picked":["True Grit","Hello World","Streamline"],"picked":"Singing Bowl","floor":18},{"not_picked":["Sword Boomerang","Steam Power","Darkness+1"],"picked":"Singing Bowl","floor":19},{"not_picked":["Slice","Choke"],"picked":"Well Laid Plans","floor":19},{"not_picked":["Slice","Accuracy+1","Power Through"],"picked":"Singing Bowl","floor":20},{"not_picked":["CutThroughFate","Twin Strike+1","Sword Boomerang+1"],"picked":"Singing Bowl","floor":20},{"not_picked":["Armaments","Sword Boomerang","Hologram"],"picked":"Singing Bowl","floor":21},{"not_picked":["Core Surge","Evaluate","Twin Strike+1"],"picked":"Singing Bowl","floor":21},{"not_picked":["SignatureMove","Coolheaded"],"picked":"PiercingWail+1","floor":22},{"not_picked":["Rupture","Crescendo+1","PathToVictory+1"],"picked":"Singing Bowl","floor":22},{"not_picked":["Venomology","Berserk","Limit Break"],"picked":"Singing Bowl","floor":24},{"not_picked":["Burst","DevaForm"],"picked":"Feed","floor":27},{"not_picked":["Multi-Cast","Reboot","Core Surge"],"picked":"Singing Bowl","floor":29},{"not_picked":["Bludgeon","Establishment","Amplify"],"picked":"Singing Bowl","floor":31},{"not_picked":["Hyperbeam","Unload","Biased Cognition"],"picked":"Singing Bowl","floor":33},{"not_picked":["Crescendo+1","Underhanded Strike+1"],"picked":"Body Slam+1","floor":35},{"not_picked":["Coolheaded","Quick Slash+1","Blur+1"],"picked":"Singing Bowl","floor":35},{"not_picked":["Clash+1","Adaptation","Cleave+1"],"picked":"Singing Bowl","floor":38},{"not_picked":["Turbo+1","Dodge and Roll","Flex+1"],"picked":"Singing Bowl","floor":38},{"not_picked":["Die Die Die","Phantasmal Killer","Envenom"],"picked":"Singing Bowl","floor":40},{"not_picked":["Carnage+1","Undo+1","Ball Lightning"],"picked":"Singing Bowl","floor":41},{"not_picked":["Capacitor","Clothesline+1"],"picked":"Meditate","floor":41},{"not_picked":["Reboot","Buffer"],"picked":"Omniscience","floor":42},{"not_picked":["Rainbow","Demon Form"],"picked":"Impervious","floor":45},{"not_picked":["Fiend Fire","Phantasmal Killer"],"picked":"Buffer+1","floor":47},{"not_picked":["Twin Strike","FollowUp"],"picked":"Heatsinks+1","floor":48},{"not_picked":["True Grit","EmptyFist","Armaments"],"picked":"Singing Bowl","floor":48}],"player_experience":1002191,"relics_obtained":[{"floor":6,"key":"Bird Faced Urn"},{"floor":8,"key":"Singing Bowl"},{"floor":9,"key":"HornCleat"},{"floor":11,"key":"Vajra"},{"floor":13,"key":"Girya"},{"floor":24,"key":"Letter Opener"},{"floor":24,"key":"Incense Burner"},{"floor":26,"key":"Mercury Hourglass"},{"floor":27,"key":"CaptainsWheel"},{"floor":27,"key":"Sundial"},{"floor":29,"key":"FossilizedHelix"},{"floor":29,"key":"Oddly Smooth Stone"},{"floor":31,"key":"StoneCalendar"},{"floor":31,"key":"Boot"},{"floor":40,"key":"Old Coin"},{"floor":40,"key":"Potion Belt"},{"floor":42,"key":"MawBank"},{"floor":42,"key":"InkBottle"},{"floor":43,"key":"Dead Branch"},{"floor":45,"key":"Bag of Marbles"},{"floor":45,"key":"Regal Pillow"},{"floor":47,"key":"Du-Vu Doll"},{"floor":47,"key":"Frozen Egg 2"}],"event_choices":[{"damage_healed":0,"gold_gain":0,"player_choice":"Box","damage_taken":0,"relics_obtained":["Prayer Wheel"],"max_hp_gain":0,"max_hp_loss":0,"event_name":"Big Fish","floor":4,"gold_loss":0,"cards_obtained":["Regret"]},{"damage_healed":0,"gold_gain":0,"player_choice":"Grow","damage_taken":0,"max_hp_gain":0,"max_hp_loss":0,"event_name":"Living Wall","floor":5,"gold_loss":0,"cards_upgraded":["Adrenaline"]},{"cards_removed":["Regret"],"damage_healed":0,"gold_gain":0,"player_choice":"Purged","damage_taken":0,"max_hp_gain":0,"max_hp_loss":0,"event_name":"Purifier","floor":10,"gold_loss":0},{"damage_healed":0,"gold_gain":0,"cards_transformed":["ConjureBlade","Judgement"],"player_choice":"Became Test Subject","damage_taken":0,"max_hp_gain":0,"max_hp_loss":0,"event_name":"Drug Dealer","floor":30,"gold_loss":0,"cards_obtained":["Steam","JustLucky"]},{"damage_healed":0,"gold_gain":0,"player_choice":"Ignored","damage_taken":0,"max_hp_gain":0,"max_hp_loss":0,"event_name":"Tomb of Lord Red Mask","floor":36,"gold_loss":0},{"damage_healed":0,"gold_gain":275,"player_choice":"Desecrate","damage_taken":0,"max_hp_gain":0,"max_hp_loss":0,"event_name":"Golden Shrine","floor":37,"gold_loss":0,"cards_obtained":["Regret"]},{"damage_healed":0,"gold_gain":0,"player_choice":"Gave Potion","damage_taken":0,"relics_obtained":["Blue Candle"],"max_hp_gain":0,"max_hp_loss":0,"event_name":"WeMeetAgain","floor":39,"gold_loss":0},{"damage_healed":0,"gold_gain":0,"player_choice":"Upgraded","damage_taken":0,"max_hp_gain":0,"max_hp_loss":0,"event_name":"Upgrade Shrine","floor":46,"gold_loss":0,"cards_upgraded":["Armaments"]}],"is_beta":false,"boss_relics":[{"not_picked":["Astrolabe","Busted Crown"],"picked":"Black Star"},{"not_picked":["Inserter","FrozenCore"],"picked":"Cursed Key"}],"items_purged_floors":[44],"is_endless":false,"potions_floor_spawned":[1,2,11,14,16,21,24,27,31,38,41,42,45,47,48],"ascension_level":0}}