{"host":"f5gffvlv6a66yqkd","time":1611625293,"event":{"mods":["2.2 Compatiblity","BaseMod","Colored Map","Custom Start","DeckTracker","Keyboard Shortcuts","Minty Spire (QoL Compilation)","Permanent Neow","Quick Restart","Relic Stats","StSLib","SuperFastMode"],"gold_per_floor":[116,4,0,0,17,17,33,33,33,33,33,53,68,144,144,221,221,235,72,72,87,100,100,150,150,173,173,83,99,118,18,18,95,95,106,125,138,138,138,138,138,138,138],"floor_reached":42,"language":"KOR","playtime":838,"items_purged":["Strike_B","Strike_B"],"score":797,"play_id":"9b33f405-6d02-441e-91f7-b0f905dc5f2a","local_time":"20210126104133","is_ascension_mode":true,"campfire_choices":[{"floor":6,"key":"REST"},{"data":"Dualcast","floor":8,"key":"SMITH"},{"data":"Coolheaded","floor":11,"key":"SMITH"},{"data":"Defragment","floor":15,"key":"SMITH"},{"data":"Self Repair","floor":23,"key":"SMITH"},{"floor":25,"key":"REST"},{"floor":27,"key":"RECALL"},{"floor":32,"key":"REST"},{"floor":40,"key":"REST"}],"circlet_count":0,"master_deck":["AscendersBane","Strike_B","Strike_B+1","Defend_B","Defend_B","Defend_B","Defend_B","Zap+1","Dualcast+1","Coolheaded+1","Streamline","Turbo+1","Cold Snap","Defragment+1","Ball Lightning","Electrodynamics","Self Repair+1","Gash","Chill","Capacitor","Gash+1","Core Surge","Conserve Battery+1","Recycle+1"],"relics":["Cracked Core","Letter Opener","Question Card","Runic Pyramid","Boot","SlaversCollar"],"acts_visited":["Exordium","TheCity","TheBeyond"],"potions_floor_usage":[7,22,33],"damage_taken":[{"damage":9,"enemies":"Jaw Worm","floor":1,"turns":4},{"damage":7,"enemies":"Small Slimes","floor":5,"turns":3},{"damage":0,"enemies":"Cultist","floor":7,"turns":4},{"damage":6,"enemies":"Blue Slaver","floor":12,"turns":3},{"damage":12,"enemies":"Red Slaver","floor":13,"turns":3},{"damage":24,"enemies":"The Guardian","floor":16,"turns":10},{"damage":30,"enemies":"2 Thieves","floor":18,"turns":3},{"damage":4,"enemies":"Spheric Guardian","floor":21,"turns":4},{"damage":6,"enemies":"Snecko","floor":22,"turns":4},{"damage":23,"enemies":"Centurion and Healer","floor":29,"turns":3},{"damage":41,"enemies":"Snake Plant","floor":30,"turns":4},{"damage":24,"enemies":"Automaton","floor":33,"turns":8},{"damage":51,"enemies":"3 Darklings","floor":35,"turns":5},{"damage":12,"enemies":"3 Shapes","floor":36,"turns":6},{"damage":25,"enemies":"Sphere and 2 Shapes","floor":37,"turns":6},{"damage":72,"enemies":"Nemesis","floor":42,"turns":2}],"seed_played":"-5669127431901717467","potions_obtained":[{"floor":1,"key":"Energy Potion"},{"floor":5,"key":"FocusPotion"},{"floor":7,"key":"Fruit Juice"},{"floor":13,"key":"SneckoOil"},{"floor":22,"key":"Dexterity Potion"}],"is_trial":false,"path_per_floor":["M","$","?","?","M","R","M","R","T","$","R","M","M","T","R","B",null,"M","$","?","M","M","R","?","R","T","R","$","M","M","$","R","B",null,"M","M","M","?","?","R","?","E"],"character_chosen":"DEFECT","items_purchased":["Streamline","Turbo","Self Repair","Capacitor"],"campfire_rested":4,"item_purchase_floors":[2,2,19,28],"current_hp_per_floor":[51,51,51,25,18,43,48,48,48,48,48,42,30,30,30,6,69,39,39,39,42,43,43,43,70,70,70,70,47,16,16,43,29,75,34,32,17,17,17,44,44,0,0],"gold":138,"neow_bonus":"TWENTY_PERCENT_HP_BONUS","is_daily":false,"chose_seed":false,"campfire_upgraded":4,"win_rate":0.0,"timestamp":1611625293,"path_taken":["M","$","?","?","M","R","M","R","T","?","R","M","?","?","R","BOSS","M","$","?","?","M","R","?","R","T","R","$","M","M","?","R","BOSS","M","M","M","?","?","R","?","E"],"items_purchased_type":["Card","Card","Card","Card"],"build_version":"2020-12-22","purchased_purges":2,"victory":false,"max_hp_per_floor":[85,85,85,85,85,85,90,90,90,90,90,90,90,90,90,90,90,90,90,90,90,90,90,90,90,90,90,90,90,90,90,90,90,90,90,90,90,90,90,90,90,90,90],"relic_stats":{"counters":[16,72],"Letter Opener":[95],"Question Card":10,"Boot":[24],"obtain_stats":[{"SlaversCollar":34,"Letter Opener":9,"Cracked Core":0,"Question Card":14,"Boot":26,"Runic Pyramid":17},{"SlaversCollar":12,"Letter Opener":3,"Cracked Core":0,"Question Card":5,"Boot":9,"Runic Pyramid":6},{"SlaversCollar":53,"Letter Opener":11,"Cracked Core":0,"Question Card":17,"Boot":38,"Runic Pyramid":27}]},"card_choices":[{"not_picked":["Reprogram","Rebound"],"picked":"Coolheaded","floor":1},{"not_picked":["Stack","Coolheaded","Turbo"],"picked":"SKIP","floor":5},{"not_picked":["Turbo","Storm"],"picked":"Cold Snap","floor":7},{"not_picked":["Recycle","Coolheaded"],"picked":"Defragment","floor":12},{"not_picked":["Chill","Compile Driver"],"picked":"Ball Lightning","floor":13},{"not_picked":["Amplify","Rainbow","Seek"],"picked":"Electrodynamics","floor":16},{"not_picked":["Ball Lightning","Steam","Rebound","Sweeping Beam"],"picked":"SKIP","floor":18},{"not_picked":["Rebound","Redo","Static Discharge"],"picked":"Gash","floor":21},{"not_picked":["Leap","Hologram","Auto Shields"],"picked":"Chill","floor":22},{"not_picked":["Rebound","Melter","Redo"],"picked":"Gash+1","floor":29},{"not_picked":["Aggregate+1","Redo","Static Discharge"],"picked":"Gash","floor":30},{"not_picked":["Rainbow","Creative AI","Amplify"],"picked":"Core Surge","floor":33},{"not_picked":["Ball Lightning","Stack","Barrage","Sweeping Beam"],"picked":"SKIP","floor":35},{"not_picked":["Gash","Sweeping Beam","Go for the Eyes"],"picked":"Conserve Battery+1","floor":36},{"not_picked":["Rebound","Glacier","Stack"],"picked":"Recycle+1","floor":37}],"player_experience":1623017,"relics_obtained":[{"floor":9,"key":"Letter Opener"},{"floor":14,"key":"Question Card"},{"floor":26,"key":"Boot"}],"event_choices":[{"damage_healed":0,"gold_gain":0,"player_choice":"Left Gold","damage_taken":0,"max_hp_gain":0,"max_hp_loss":0,"event_name":"World of Goop","floor":3,"gold_loss":4},{"damage_healed":0,"gold_gain":0,"player_choice":"Entered Light","damage_taken":26,"max_hp_gain":0,"max_hp_loss":0,"event_name":"Shining Light","floor":4,"gold_loss":0,"cards_upgraded":["Strike_B","Zap"]},{"damage_healed":0,"gold_gain":0,"player_choice":"Forge","damage_taken":0,"max_hp_gain":0,"max_hp_loss":0,"event_name":"Accursed Blacksmith","floor":20,"gold_loss":0,"cards_upgraded":["Turbo"]},{"damage_healed":0,"gold_gain":50,"player_choice":"Stole From Cult","damage_taken":0,"max_hp_gain":0,"max_hp_loss":0,"event_name":"Nest","floor":24,"gold_loss":0},{"damage_healed":0,"gold_gain":0,"player_choice":"Ignored","damage_taken":0,"max_hp_gain":0,"max_hp_loss":0,"event_name":"Mysterious Sphere","floor":38,"gold_loss":0},{"damage_healed":0,"gold_gain":0,"player_choice":"Ignored","damage_taken":0,"max_hp_gain":0,"max_hp_loss":0,"event_name":"Tomb of Lord Red Mask","floor":39,"gold_loss":0},{"cards_removed":["Gash"],"damage_healed":0,"gold_gain":0,"player_choice":"Removed Attack","damage_taken":0,"max_hp_gain":0,"max_hp_loss":0,"event_name":"Falling","floor":41,"gold_loss":0}],"is_beta":false,"boss_relics":[{"not_picked":["Runic Dome","Coffee Dripper"],"picked":"Runic Pyramid"},{"not_picked":["Cursed Key","Busted Crown"],"picked":"SlaversCollar"}],"items_purged_floors":[19,31],"is_endless":false,"potions_floor_spawned":[1,5,7,13,21,22,30],"killed_by":"Nemesis","ascension_level":20}}