{"host":"r6da5kb9dzaaglw2","time":1611696366,"event":{"mods":["AchievementEnabler","BaseMod","Colored Powertips","Duelist Mod","GifTheSpireLib","Minty Spire (QoL Compilation)","StSLib"],"gold_per_floor":[142,161,179,179,179,210,222,268,280,16,72,72,172,191,191,286,336,351,363,374,386,386,386,411,424,424,454,473,473,500,111,111,215,215,228,228,228,52,65,99,116,116,116],"floor_reached":42,"language":"ENG","playtime":5276,"items_purged":["theDuelist:GravekeeperCurse","theDuelist:BookEclipse"],"score":828,"play_id":"7f1b0994-c797-4ae7-9e43-d3f7f1de0fb7","local_time":"20210126222606","is_ascension_mode":true,"campfire_choices":[{"data":"theDuelist:JunkWarrior","floor":7.0,"key":"SMITH"},{"floor":15.0,"key":"RECALL"},{"data":"theDuelist:LeviaDragon","floor":23.0,"key":"SMITH"},{"data":"theDuelist:NightmareWheel","floor":32.0,"key":"SMITH"}],"circlet_count":0,"master_deck":["theDuelist:Biofalcon+1","theDuelist:Deskbot004+1","theDuelist:Deskbot004+1","theDuelist:Deskbot005+1","theDuelist:Deskbot005+1","theDuelist:GreenGadget+1","theDuelist:PotGreed","theDuelist:JunkWarrior+1","theDuelist:Deskbot008+1","theDuelist:Deskbot001+1","theDuelist:MegafleetDragon+1","theDuelist:ParallelPortArmor+1","theDuelist:LeviaDragon+1","theDuelist:NightmareWheel+1","theDuelist:GoldenApples+1","theDuelist:MachineKing+1","theDuelist:GravityAxe","theDuelist:AquaSpirit","theDuelist:TorrentialTribute","theDuelist:Deskbot002+1","theDuelist:Deskbot001+1"],"relics":["theDuelist:MillenniumPuzzle","theDuelist:CardPoolRelic","theDuelist:CardPoolBasicRelic","theDuelist:BoosterPackPoolRelic","theDuelist:CardPoolAddRelic","theDuelist:CardPoolMinusRelic","theDuelist:CardPoolSaveRelic","theDuelist:CardPoolOptionsRelic","theDuelist:MillenniumSymbol","MawBank","Mummified Hand","Vajra","theDuelist:SummonAnchor","Tiny House","MutagenicStrength","theDuelist:InsectRelic","Omamori","Lantern","theDuelist:DuelistTeaSet","War Paint","Singing Bowl","Pandora\u0027s Box","theDuelist:TributeEggRelic"],"acts_visited":["Exordium","TheCity","TheBeyond"],"potions_floor_usage":[35,40],"damage_taken":[{"damage":0.0,"enemies":"Small Slimes","floor":1.0,"turns":3.0},{"damage":0.0,"enemies":"Jaw Worm","floor":2.0,"turns":3.0},{"damage":0.0,"enemies":"2 Louse","floor":3.0,"turns":3.0},{"damage":4.0,"enemies":"3 Sentries","floor":6.0,"turns":5.0},{"damage":5.0,"enemies":"Lagavulin","floor":8.0,"turns":5.0},{"damage":3.0,"enemies":"3 Sentries","floor":11.0,"turns":7.0},{"damage":0.0,"enemies":"Lots of Slimes","floor":14.0,"turns":3.0},{"damage":3.0,"enemies":"Slime Boss","floor":16.0,"turns":14.0},{"damage":0.0,"enemies":"3 Byrds","floor":18.0,"turns":6.0},{"damage":11.0,"enemies":"2 Thieves","floor":19.0,"turns":4.0},{"damage":0.0,"enemies":"Sentry and Sphere","floor":20.0,"turns":7.0},{"damage":0.0,"enemies":"Shelled Parasite and Fungi","floor":21.0,"turns":6.0},{"damage":0.0,"enemies":"Gremlin Leader","floor":24.0,"turns":8.0},{"damage":7.0,"enemies":"Chosen and Byrds","floor":25.0,"turns":4.0},{"damage":13.0,"enemies":"theDuelist:KaibaA2","floor":27.0,"turns":4.0},{"damage":7.0,"enemies":"3 Cultists","floor":28.0,"turns":5.0},{"damage":5.0,"enemies":"Slavers","floor":30.0,"turns":8.0},{"damage":0.0,"enemies":"Collector","floor":33.0,"turns":12.0},{"damage":41,"enemies":"3 Darklings","floor":35,"turns":9},{"damage":0,"enemies":"3 Shapes","floor":39,"turns":4},{"damage":26,"enemies":"Giant Head","floor":40,"turns":10},{"damage":0,"enemies":"Maw","floor":41,"turns":6},{"damage":11,"enemies":"Nemesis","floor":42,"turns":2}],"seed_played":"1910197757073318100","potions_obtained":[{"floor":1.0,"key":"theDuelist:FlamingBottle"},{"floor":2.0,"key":"theDuelist:SolderPotionB"},{"floor":3.0,"key":"SkillPotion"},{"floor":16.0,"key":"Weak Potion"},{"floor":17.0,"key":"theDuelist:SealedPack"},{"floor":18.0,"key":"theDuelist:StunPotion"},{"floor":19.0,"key":"BlessingOfTheForge"},{"floor":25.0,"key":"theDuelist:VampireVial"},{"floor":33,"key":"theDuelist:MudBottle"},{"floor":39,"key":"theDuelist:StunPotion"},{"floor":40,"key":"theDuelist:SummonFuryPotion"}],"is_trial":false,"path_per_floor":["M","M","M","?","?","E","R","E","T","$","?","?","?","M","R","B",null,"M","M","M","M","?","R","E","M","T","E","M","?","E","$","R","B",null,"M","?","?","$","M","E","M","E"],"character_chosen":"THE_DUELIST","items_purchased":["theDuelist:Deskbot001","Vajra","War Paint","Singing Bowl","theDuelist:Deskbot002"],"campfire_rested":0,"item_purchase_floors":[10,10,31,31,38],"current_hp_per_floor":[72,72,72,72,72,68,68,63,63,63,60,60,60,60,60,57,79,79,68,68,68,68,68,68,61,61,48,41,33,28,28,28,28,71,32,32,32,32,34,8,10,0,0],"gold":116,"neow_bonus":"RANDOM_COLORLESS","is_daily":false,"chose_seed":false,"campfire_upgraded":3,"win_rate":0.0,"timestamp":1611696366,"path_taken":["M","M","M","?","?","E","R","E","T","$","?","?","?","M","R","BOSS","BOSS","M","M","?","M","?","R","E","M","T","E","M","?","E","?","R","BOSS","BOSS","M","?","?","$","M","E","?","E"],"items_purchased_type":["Card","Relic","Relic","Relic","Card"],"build_version":"2020-12-22","purchased_purges":2,"victory":false,"max_hp_per_floor":[80,80,80,80,80,80,80,80,80,80,80,80,80,80,80,80,85,85,85,85,85,85,85,85,85,85,85,85,85,85,85,85,85,85,87,87,83,83,85,85,87,87,87],"card_choices":[{"not_picked":["Deep Breath","Dark Shackles"],"picked":"theDuelist:PotGreed","floor":0.0},{"not_picked":["theDuelist:Chewbone","theDuelist:Polymerization","theDuelist:GenexAllyBirdman","theDuelist:VampireDesire"],"picked":"theDuelist:JunkWarrior","floor":1.0},{"not_picked":["theDuelist:FishRain","theDuelist:GhostrickScare","theDuelist:GhostrickParade","theDuelist:FragmentFusion","theDuelist:OrbitalBombardment"],"picked":"SKIP","floor":2.0},{"not_picked":["theDuelist:Gernia","theDuelist:JumboDrill"],"picked":"theDuelist:Deskbot008","floor":3.0},{"not_picked":["theDuelist:WormWarlord","theDuelist:GemElephant","theDuelist:Sangan","theDuelist:Wiseman","theDuelist:Reload"],"picked":"SKIP","floor":6.0},{"not_picked":["theDuelist:HydraViper","theDuelist:BoulderTortoise","theDuelist:SkullServant","theDuelist:Biofalcon","theDuelist:AbyssSoldier"],"picked":"SKIP","floor":8.0},{"not_picked":["theDuelist:YukiOnnaIce","theDuelist:YukiOnnaAbsolute","theDuelist:Yoko","theDuelist:OboroGuruma","theDuelist:Hajun"],"picked":"SKIP","floor":14.0},{"not_picked":["theDuelist:YukiOnnaIce","theDuelist:YukiOnnaAbsolute","theDuelist:Yoko","theDuelist:OboroGuruma","theDuelist:Hajun"],"picked":"SKIP","floor":14.0},{"not_picked":["theDuelist:Hinotama","theDuelist:Kuriboh","theDuelist:RedMedicine","theDuelist:DianKeto"],"picked":"theDuelist:MegafleetDragon","floor":17.0},{"not_picked":["theDuelist:DimensionBurial+1","theDuelist:SparkBlaster+1","theDuelist:CoreBlaster+1","theDuelist:AncientGearFist+1"],"picked":"theDuelist:ParallelPortArmor+1","floor":18.0},{"not_picked":["theDuelist:VampireVamp","theDuelist:VendreadHoundhorde","theDuelist:RevendreadExecutor","theDuelist:GhostrickWarwolf","theDuelist:GhostrickSpecter"],"picked":"SKIP","floor":19.0},{"not_picked":["theDuelist:GraydleDragon+1","theDuelist:RedEyesZombie","theDuelist:BarrelDragon","theDuelist:AncientGearGadjiltron"],"picked":"theDuelist:LeviaDragon","floor":20.0},{"not_picked":["theDuelist:QuillboltHedgehog","theDuelist:VendreadStriges"],"picked":"theDuelist:NightmareWheel","floor":21.0},{"not_picked":["theDuelist:GishkiPsychelone","theDuelist:MonsterReborn","theDuelist:IronhammerGiant"],"picked":"SKIP","floor":24.0},{"not_picked":["theDuelist:Sangan","theDuelist:WormWarlord","theDuelist:FlyingSaucer+1","theDuelist:FluteKuriboh"],"picked":"theDuelist:GoldenApples","floor":25.0},{"not_picked":["theDuelist:BigFire","theDuelist:Hinotama","theDuelist:LightningDarts+1","theDuelist:LightningVortex","theDuelist:WingedKuriboh"],"picked":"SKIP","floor":27.0},{"not_picked":["theDuelist:VampireSorcerer","theDuelist:RevendreadSlayer+1","theDuelist:VendreadHoundhorde","theDuelist:GhostrickWarwolf","theDuelist:GhostrickYeti"],"picked":"SKIP","floor":28.0},{"not_picked":["theDuelist:VampireSorcerer","theDuelist:AvendreadSavior","theDuelist:VendreadBattlelord","theDuelist:GhostrickAlucard","theDuelist:GhostrickJackfrost+1"],"picked":"SKIP","floor":30.0},{"not_picked":["theDuelist:Deskbot009+1","theDuelist:SwordsConcealing","theDuelist:ZombieMaster","theDuelist:LostBlueBreaker"],"picked":"theDuelist:MachineKing+1","floor":33},{"not_picked":["theDuelist:AirCrackingStorm+1","theDuelist:PyramidTurtle+1","theDuelist:AquaactressArowana","theDuelist:UnshavenAngler","theDuelist:PlatinumGadget+1"],"picked":"Singing Bowl","floor":35},{"not_picked":["theDuelist:VendreadCore","theDuelist:VampireDuke","theDuelist:VampireFamiliar+1","theDuelist:SwampFrog","theDuelist:FishborgDoctor+1"],"picked":"Singing Bowl","floor":39},{"not_picked":["theDuelist:DepthShark","theDuelist:Tsukahagi+1","theDuelist:CardsFromTheSky","theDuelist:NecroworldBanshee+1"],"picked":"theDuelist:Deskbot001","floor":40},{"not_picked":["theDuelist:ShadowVampire+1","theDuelist:RevendreadExecutor+1","theDuelist:VendreadChimera","theDuelist:GhostrickJiangshi+1","theDuelist:GhostrickMummy"],"picked":"Singing Bowl","floor":41}],"player_experience":539203,"relics_obtained":[{"floor":6.0,"key":"MawBank"},{"floor":8.0,"key":"Mummified Hand"},{"floor":24.0,"key":"theDuelist:InsectRelic"},{"floor":26.0,"key":"Omamori"},{"floor":27.0,"key":"Lantern"},{"floor":30.0,"key":"theDuelist:DuelistTeaSet"},{"floor":40,"key":"theDuelist:TributeEggRelic"}],"event_choices":[{"damage_healed":0.0,"max_hp_gain":0.0,"max_hp_loss":0.0,"gold_gain":0.0,"event_name":"Millennium Items","player_choice":"Took item - Received: Millennium Symbol","duelist":true,"floor":4.0,"gold_loss":0.0,"damage_taken":0.0},{"damage_healed":0.0,"max_hp_gain":0.0,"max_hp_loss":0.0,"gold_gain":0.0,"event_name":"Battle City","player_choice":"Leave","duelist":true,"floor":5.0,"gold_loss":0.0,"damage_taken":0.0},{"damage_healed":0.0,"max_hp_gain":0.0,"max_hp_loss":0.0,"gold_gain":30.0,"event_name":"Dead Adventurer","player_choice":"Searched \u00273\u0027 times","floor":11.0,"gold_loss":0.0,"damage_taken":0.0,"relics_obtained":["theDuelist:SummonAnchor"]},{"damage_healed":0.0,"max_hp_gain":0.0,"max_hp_loss":0.0,"gold_gain":0.0,"event_name":"Living Wall","player_choice":"Grow","floor":12.0,"gold_loss":0.0,"damage_taken":0.0,"cards_upgraded":["theDuelist:Deskbot001"]},{"damage_healed":0.0,"max_hp_gain":0.0,"max_hp_loss":0.0,"gold_gain":100.0,"event_name":"Golden Shrine","player_choice":"Pray","floor":13.0,"gold_loss":0.0,"damage_taken":0.0},{"damage_healed":0.0,"max_hp_gain":0.0,"max_hp_loss":0.0,"gold_gain":0.0,"event_name":"Drug Dealer","player_choice":"Inject Mutagens","floor":22.0,"gold_loss":0.0,"damage_taken":0.0,"relics_obtained":["MutagenicStrength"]},{"damage_healed":0.0,"max_hp_gain":0.0,"max_hp_loss":0.0,"gold_gain":0.0,"event_name":"Wheel of Change","player_choice":"Damaged","floor":29.0,"gold_loss":0.0,"damage_taken":8.0},{"damage_healed":0,"gold_gain":0,"player_choice":"Leave","duelist":true,"damage_taken":0,"max_hp_gain":0,"max_hp_loss":0,"event_name":"Tomb of the Nameless","floor":36,"gold_loss":0},{"damage_healed":0,"gold_gain":0,"player_choice":"Max HP","damage_taken":0,"max_hp_gain":0,"max_hp_loss":4,"event_name":"Winding Halls","floor":37,"gold_loss":0}],"is_beta":false,"boss_relics":[{"not_picked":["Cursed Key","Runic Cube"],"picked":"Tiny House"},{"not_picked":["Inserter","Fusion Hammer"],"picked":"Pandora\u0027s Box"}],"items_purged_floors":[10,38],"is_endless":false,"potions_floor_spawned":[1,2,3,16,18,19,25,33,39,40],"killed_by":"Nemesis","ascension_level":9}}