{"host":"rgcz6yx3duq0lh14","time":1611674890,"event":{"mods":["100% Spire Juice","ATMod(à¢‡ıMod)","AchievementEnabler","Act Like it!","Aspiration","Astrologer","BaseMod","CapriCore","Chen","Colored Map","Decade(â§è¨ñæ)","Friendly Minions","Gensokyo","GungeonMod","Hallownest","Hermit","Jedi Mod","KinomotoSakuraMod(ñÿîVñ{?)","Koishi","Mari Mod (Legacy)","Mari\u0027s V1 Patch","MarisaÅiñ∂âJÅ@ñÇóùçπÅj","Minty Spire (QoL Compilation)","MostiFishMod","Pale of the Ancients","Permanent Neow","Potionbrewer","Prisma Mod","Quarter Circle Forward PUNCH!","Quick Restart","ReimuÅiîé??öÎÅj","Replay The Spire","Robot Space Explorer","RumiaBox-òIïƒ?ìIê_îÈ·¥éq","SIMod","Spicy Shops","StSLib","The Alterego","The Animator","The Bug Knight","The Cursed","The Dragon Tamer","The Forsaken","The Gatherer","The Immortal","The Marked","The Mystic","The Poker Player","The Runesmith","The Servant 0.9.4","TheWitcher","Yakumo Yukari mod","YoumuÅiç∞ÈÆódöÎÅj","Åy?ï®?îvÅzREMEMod"],"gold_per_floor":[11,86,97,107,107,142,142,142,142,167,167,201,201,232,312,312,312,416,416,429,429,439,449,274,307,307,27,78,78,106,106,200,220,220,318,368,384,384,428,444,247,276,291,305,328,328,328,85,135,150,150,150,150,150,50,80,80],"floor_reached":58,"language":"ZHS","playtime":2662,"items_purged":["PrismaMod:IllyaCommonAttack","PrismaMod:IllyaCommonDefend","PrismaMod:IllyaCommonDefend","PrismaMod:IllyaCommonDefend","PrismaMod:IllyaCommonDefend","PrismaMod:IllyaCommonAttack","PrismaMod:IllyaCommonDefend"],"score":2124,"play_id":"06be0ed6-2bb4-4b1b-b9a6-955cbbdddb14","local_time":"20210126232810","is_ascension_mode":true,"campfire_choices":[{"data":"Apotheosis","floor":9,"key":"SMITH"},{"data":"Embodiment","floor":13,"key":"SMITH"},{"data":"PrismaMod:IllyaUncommonDefend","floor":17,"key":"SMITH"},{"data":"PrismaMod:IllyaBride","floor":26,"key":"SMITH"},{"data":"PrismaMod:IllyaCarnivalOrbs","floor":29,"key":"SMITH"},{"data":"PrismaMod:IllyaDetonatingBlow","floor":31,"key":"SMITH"},{"data":"PrismaMod:IllyaCommonAttack","floor":34,"key":"PURGE"},{"floor":51,"key":"RECALL"},{"data":"PrismaMod:IllyaUberAttackChannel","floor":54,"key":"SMITH"}],"circlet_count":0,"master_deck":["PrismaMod:IllyaCommonAttack","PrismaMod:IllyaUncommonAttack","PrismaMod:IllyaUncommonDefend+1","Apotheosis+1","AT_ChampionStep+1","Embodiment+1","PrismaMod:IllyaCarnivalOrbs+1","PrismaMod:IllyaAOECommonAttack+1","PrismaMod:IllyaMinorRapidFire","PrismaMod:IllyaUncommonAOEAttack","PrismaMod:IllyaFeed","PrismaMod:IllyaDetonatingBlow+1","PrismaMod:IllyaPoisonTippedWeapons","PrismaMod:IllyaBride+1","PrismaMod:IllyaInstallSaber","Pot Of Greed","Pot Of Greed","Pot Of Greed","PrismaMod:IllyaUncommonDefend+1","PrismaMod:IllyaDevil","PrismaMod:IllyaGrail","PrismaMod:IllyaCarnivalPrismaAstolfo","PrismaMod:IllyaUberAttackChannel+1","PrismaMod:IllyaGrail+1","PrismaMod:IllyaPoisonTippedWeapons+1","PrismaMod:IllyaDevil","PrismaMod:IllyaDevil","PrismaMod:IllyaCommandSeal","PrismaMod:IllyaMinorReinForce","PrismaMod:IllyaUberChannel","Pot Of Greed"],"relics":["PrismaMod:PrismaRuby","AT_ATBox","DaveBox","REME_ComplimentaryCards","ImprovedEquipment","SynthV:TestCard","AT_BladeRuinedKing","LastBattle","ReplayTheSpireMod:Shallot","ZombieArmy","HereWithMe","Grinning Jar","MostiFishMod:Haymaker","AT_ArcaneBoots","Smiling Mask","Omamori","HollowMod:PaleOreRelic","Tiny House","AT_EbonyIvory","Juzu Bracelet","Blue Doll","Bag of Preparation","DemoMod:MonsterBlood","Centennial Puzzle"],"acts_visited":["Exordium","TheCity","TheBeyond","TheEnding"],"potions_floor_usage":[1,20,23,30,39,42,52,57,57],"damage_taken":[{"damage":0,"enemies":"Jaw Worm","floor":1,"turns":4},{"damage":0,"enemies":"Small Slimes","floor":3,"turns":4},{"damage":0,"enemies":"Cultist","floor":4,"turns":4},{"damage":11,"enemies":"Gremlin Nob","floor":6,"turns":5},{"damage":0,"enemies":"Lagavulin","floor":10,"turns":6},{"damage":22,"enemies":"3 Sentries","floor":12,"turns":7},{"damage":8,"enemies":"Lagavulin","floor":14,"turns":6},{"damage":0,"enemies":"The Guardian","floor":18,"turns":7},{"damage":0,"enemies":"Chosen","floor":20,"turns":4},{"damage":0,"enemies":"Shell Parasite","floor":22,"turns":2},{"damage":0,"enemies":"Snake Plant","floor":23,"turns":2},{"damage":2,"enemies":"HollowMod:Nosk","floor":25,"turns":5},{"damage":7,"enemies":"Replay:Snechameleon","floor":30,"turns":5},{"damage":0,"enemies":"Cultist and Chosen","floor":33,"turns":4},{"damage":0,"enemies":"Champ","floor":35,"turns":5},{"damage":0,"enemies":"Orb Walker","floor":37,"turns":4},{"damage":0,"enemies":"3 Darklings","floor":39,"turns":3},{"damage":0,"enemies":"Spire Growth","floor":40,"turns":4},{"damage":3,"enemies":"R_Hoarder","floor":42,"turns":4},{"damage":0,"enemies":"Jaw Worm Horde","floor":43,"turns":3},{"damage":26,"enemies":"Writhing Mass","floor":44,"turns":4},{"damage":0,"enemies":"HollowMod:StalkingDevout","floor":49,"turns":4},{"damage":0,"enemies":"Maw","floor":50,"turns":3},{"damage":0,"enemies":"Time Eater","floor":52,"turns":5},{"damage":52,"enemies":"Shield and Spear","floor":56,"turns":6},{"damage":3,"enemies":"The Heart","floor":57,"turns":4}],"seed_played":"6397156754718594341","potions_obtained":[{"floor":1,"key":"jedi:mysterypotion"},{"floor":6,"key":"Elixir"},{"floor":14,"key":"SpeedPotion"},{"floor":18,"key":"Energy Potion"},{"floor":23,"key":"potionbrewer:MidasPotion"},{"floor":30,"key":"potionbrewer:DiscountPotion"},{"floor":33,"key":"BlessingOfTheForge"},{"floor":36,"key":"MagicPotion:ReiMu"},{"floor":37,"key":"PowerPotion"},{"floor":39,"key":"FearPotion"},{"floor":43,"key":"Toxic Potion"},{"floor":46,"key":"Regen Potion"},{"floor":46,"key":"Ancient Potion"}],"is_trial":false,"path_per_floor":["M","?","M","M","?","E","PTL","PTL","R","E","T","E","R","E","?","?","R","B",null,"M","?","M","M","$","E","R","$","T","R","E","R","?","M","R_BF","B",null,"M","?","M","M","$","E","M","M","T","?","?","$","E","M","R","B",null,"R","$","E","B",null],"character_chosen":"ILLYA","items_purchased":["AT_SpeedBoots","AT_EbonyIvory","Bag of Preparation","PrismaMod:IllyaDevil"],"campfire_rested":0,"item_purchase_floors":[27,41,48,48],"current_hp_per_floor":[68,57,57,57,57,46,46,46,46,46,46,26,26,18,18,18,18,22,62,68,53,53,53,53,54,54,54,54,54,53,53,35,38,38,56,75,77,77,80,82,82,79,82,56,56,56,56,56,63,69,69,92,92,92,92,46,46],"gold":80,"neow_bonus":"RANDOM_COLORLESS_2","is_daily":false,"chose_seed":false,"campfire_upgraded":7,"win_rate":0.0,"timestamp":1611674890,"path_taken":["M","?","M","M","?","E","PTL","PTL","R","E","T","E","R","E","?","?","R","BOSS","M","?","M","?","$","E","R","$","T","R","E","R","?","M","R_BF","BOSS","M","?","?","M","$","E","M","M","T","?","?","?","E","M","R","BOSS","R","$","E","BOSS"],"items_purchased_type":["Relic","Relic","Relic","Card"],"build_version":"2020-12-22","purchased_purges":7,"victory":true,"max_hp_per_floor":[75,75,75,75,75,75,75,75,75,75,75,75,75,75,75,75,75,75,75,75,75,75,75,75,75,75,75,75,75,75,75,75,75,75,75,80,82,82,82,82,82,82,82,82,82,82,82,82,89,89,89,92,92,92,92,95,95],"card_choices":[{"not_picked":["AT_TearsDenial","Mayhem"],"picked":"Apotheosis","floor":0},{"not_picked":["PrismaMod:IllyaAOECommonAttack","PrismaMod:IllyaMinorZwei","PrismaMod:IllyaTestament"],"picked":"SKIP","floor":1},{"not_picked":["PrismaMod:IllyaMaid","PrismaMod:IllyaTestament","PrismaMod:IllyaRubysPotion","PrismaMod:IllyaPoisonBomb","PrismaMod:IllyaBoysLove"],"picked":"SKIP","floor":3},{"not_picked":["PrismaMod:IllyaGrailKun","PrismaMod:IllyaBlindPoisonToss","PrismaMod:IllyaAlice","PrismaMod:IllyaCheapChannelDefend"],"picked":"PrismaMod:IllyaCarnivalOrbs","floor":4},{"not_picked":["PrismaMod:IllyaUncommonAOEAttack","PrismaMod:IllyaMinorZwei","PrismaMod:IllyaInstallForeigner","PrismaMod:IllyaPoisonBlock","PrismaMod:IllyaBerserCAR"],"picked":"SKIP","floor":6},{"not_picked":["PrismaMod:IllyaHassanGift","PrismaMod:IllyaUncommonDefend","PrismaMod:IllyaRapidFire","PrismaMod:IllyaDetonatingBlow"],"picked":"PrismaMod:IllyaPoisonTippedWeapons","floor":10},{"not_picked":["PrismaMod:IllyaRussianRoulette","PrismaMod:IllyaCheapDefend","PrismaMod:IllyaReinForce","PrismaMod:IllyaUpgradeOrbs"],"picked":"PrismaMod:IllyaBride","floor":12},{"not_picked":["PrismaMod:IllyaAssassinRevenge","PrismaMod:IllyaCheapAttack","PrismaMod:IllyaRussianRoulette","PrismaMod:IllyaBlindPoisonToss","PrismaMod:IllyaCheapChannelAttack"],"picked":"SKIP","floor":14},{"not_picked":["PrismaMod:IllyaUberPoisonChannel","PrismaMod:IllyaCarnivalAttack","PrismaMod:IllyaUberDefendChannel","PrismaMod:IllyaZwei"],"picked":"PrismaMod:IllyaInstallSaber","floor":18},{"not_picked":["PrismaMod:IllyaUncommonEvoke","PrismaMod:IllyaPartialInstallAssassin","PrismaMod:IllyaDetonatingBlow","PrismaMod:IllyaPoisonBomb","PrismaMod:IllyaSaphire"],"picked":"SKIP","floor":20},{"not_picked":["PrismaMod:IllyaInstallForeigner","PrismaMod:IllyaBerserCAR+1","PrismaMod:IllyaBlindPoisonToss","PrismaMod:IllyaFriendMaker+1","PrismaMod:IllyaGrailKun+1"],"picked":"SKIP","floor":22},{"not_picked":["PrismaMod:IllyaBoysLove","PrismaMod:IllyaStunPoison","PrismaMod:IllyaUncommonEvoke","PrismaMod:IllyaGrailKun+1"],"picked":"PrismaMod:IllyaUncommonDefend+1","floor":23},{"not_picked":["PrismaMod:IllyaCheapChannelAttack","PrismaMod:IllyaMinorReinForce","PrismaMod:IllyaCheapAttack+1","PrismaMod:IllyaUberDefendChannel","PrismaMod:IllyaDualEvoke"],"picked":"SKIP","floor":25},{"not_picked":["PrismaMod:IllyaCheapDefend+1","PrismaMod:IllyaAssassinRevenge","PrismaMod:IllyaInstallArcher","PrismaMod:IllyaHassanGift","PrismaMod:IllyaUpgradeOrbs"],"picked":"SKIP","floor":30},{"not_picked":["PrismaMod:IllyaUpgradeOrbs","PrismaMod:IllyaMinorReinForce","PrismaMod:IllyaPoisonTippedWeapons+1","PrismaMod:IllyaPoisonBlock"],"picked":"PrismaMod:IllyaDevil","floor":32},{"not_picked":["PrismaMod:IllyaMaid","PrismaMod:IllyaDualEvoke","PrismaMod:IllyaFeed","PrismaMod:IllyaBlindPoisonToss"],"picked":"PrismaMod:IllyaGrail","floor":33},{"not_picked":["PrismaMod:IllyaInstallAssassin","PrismaMod:IllyaInstallShielder","PrismaMod:IllyaInstallRider","PrismaMod:IllyaInstallAvenger"],"picked":"PrismaMod:IllyaCarnivalPrismaAstolfo","floor":35},{"not_picked":["PrismaMod:IllyaStunPoison+1","PrismaMod:IllyaPoisonTippedWeapons+1","PrismaMod:IllyaCheapChannelPoison+1","PrismaMod:IllyaUncommonDefend+1","PrismaMod:IllyaCheapDefend+1"],"picked":"SKIP","floor":37},{"not_picked":["PrismaMod:IllyaStunPoison","PrismaMod:IllyaCheapChannelAttack","PrismaMod:IllyaBlindPoisonToss+1","PrismaMod:IllyaBoysLove+1","PrismaMod:IllyaEvokeAll"],"picked":"SKIP","floor":39},{"not_picked":["PrismaMod:IllyaGun+1","PrismaMod:IllyaCommonEvoke","PrismaMod:IllyaFeed+1","PrismaMod:IllyaRussianRoulette"],"picked":"PrismaMod:IllyaUberAttackChannel","floor":40},{"not_picked":["PrismaMod:IllyaBoysLove","PrismaMod:IllyaBerserCAR","PrismaMod:IllyaRapidFire","PrismaMod:IllyaReinForce"],"picked":"PrismaMod:IllyaGrail+1","floor":42},{"not_picked":["PrismaMod:IllyaStunPoison","PrismaMod:IllyaGrailKun","PrismaMod:IllyaCommonEvoke","PrismaMod:IllyaBoysLove+1"],"picked":"PrismaMod:IllyaPoisonTippedWeapons+1","floor":43},{"not_picked":["PrismaMod:IllyaMaid+1","PrismaMod:IllyaBoysLove+1","PrismaMod:IllyaDualEvoke","PrismaMod:IllyaUncommonDefend+1","PrismaMod:IllyaCheapDefend"],"picked":"SKIP","floor":44},{"not_picked":["PrismaMod:IllyaMaid+1","PrismaMod:IllyaBerserCAR","PrismaMod:IllyaAOECommonAttack+1","PrismaMod:IllyaUpgradeOrbs"],"picked":"PrismaMod:IllyaCommandSeal","floor":49},{"not_picked":["PrismaMod:IllyaCheapChannelDefend+1","PrismaMod:IllyaInstallArcher","PrismaMod:IllyaEvokeAll","PrismaMod:IllyaGrailKun+1"],"picked":"PrismaMod:IllyaMinorReinForce","floor":50},{"not_picked":["PrismaMod:IllyaBoysLove","PrismaMod:IllyaUncommonAttack","PrismaMod:IllyaCommonEvoke","PrismaMod:IllyaStunPoison"],"picked":"PrismaMod:IllyaUberChannel","floor":56}],"player_experience":957662,"relics_obtained":[{"floor":1,"key":"SynthV:TestCard"},{"floor":6,"key":"AT_BladeRuinedKing"},{"floor":10,"key":"LastBattle"},{"floor":12,"key":"ReplayTheSpireMod:Shallot"},{"floor":14,"key":"ZombieArmy"},{"floor":25,"key":"MostiFishMod:Haymaker"},{"floor":28,"key":"Smiling Mask"},{"floor":30,"key":"Omamori"},{"floor":32,"key":"HollowMod:PaleOreRelic"},{"floor":42,"key":"Juzu Bracelet"},{"floor":45,"key":"Blue Doll"},{"floor":49,"key":"DemoMod:MonsterBlood"},{"floor":56,"key":"Centennial Puzzle"}],"event_choices":[{"damage_healed":0,"gold_gain":75,"player_choice":"Gather Gold","damage_taken":11,"max_hp_gain":0,"max_hp_loss":0,"event_name":"World of Goop","floor":2,"gold_loss":0},{"damage_healed":0,"gold_gain":0,"player_choice":"Ignored","damage_taken":0,"max_hp_gain":0,"max_hp_loss":0,"event_name":"Liars Game","floor":16,"gold_loss":0},{"damage_healed":0,"gold_gain":0,"player_choice":"Upgraded","damage_taken":0,"max_hp_gain":0,"max_hp_loss":0,"event_name":"Upgrade Shrine","floor":38,"gold_loss":0,"cards_upgraded":["AT_ChampionStep"]},{"damage_healed":0,"gold_gain":0,"player_choice":"Got Potions","damage_taken":0,"max_hp_gain":0,"max_hp_loss":0,"event_name":"Lab","floor":46,"gold_loss":0},{"cards_removed":["PrismaMod:IllyaCommonAttack"],"damage_healed":0,"gold_gain":0,"player_choice":"Purged","damage_taken":0,"max_hp_gain":0,"max_hp_loss":0,"event_name":"Purifier","floor":47,"gold_loss":0}],"is_beta":false,"boss_relics":[{"not_picked":["theForsaken:PaleLantern","SoulBox"],"picked":"HereWithMe"},{"not_picked":["NightmareShop","Replay:Drink Me"],"picked":"Tiny House"}],"items_purged_floors":[24,24,27,41,48,55,55],"is_endless":false,"potions_floor_spawned":[1,6,14,18,23,30,33,35,37,39,43,49,50],"ascension_level":9}}