{"host":"meib18gsulage5jw","time":1611671834,"event":{"mods":["Aspiration","BaseMod","BetterRewards","CCEM2","Colored Map","Conspire","Defuse TimeMaze Blight","Energized Spire","Hubris","Infinite Spire","Minty Spire (QoL Compilation)","Relic Sorter","Reliquary","Replay The Spire","Spikes Relics","StSLib","The Blue Laboratory","Uncapped"],"gold_per_floor":[112,112,112,39,39,39,53,78,78,102,125,125,125],"floor_reached":12,"language":"ENG","playtime":368,"items_purged":[],"score":70,"play_id":"5e3a99aa-f92b-4df0-bac8-44a03d7bc227","local_time":"20210127003714","is_ascension_mode":false,"campfire_choices":[{"floor":6,"key":"REST"}],"circlet_count":0,"master_deck":["theextravagant:SlyStrike","theextravagant:SlyStrike","theextravagant:SlyStrike","theextravagant:SlyStrike","theextravagant:Fence","theextravagant:Fence","theextravagant:Fence","theextravagant:Fence","theextravagant:QuickAttack","theextravagant:Triumph","Outmaneuver","hubris:Rewind","theextravagant:GlyphOfTime","theextravagant:Firework","theextravagant:ZeroHero","theextravagant:Ravage","JustLucky"],"relics":["theextravagant:TranslucentFeather","aspiration:Nostalgia","Replay:M_StaffOfTheSnake","Golden Idol","hubris:Potato"],"acts_visited":["Exordium"],"potions_floor_usage":[10,11],"damage_taken":[{"damage":0,"enemies":"2 Louse","floor":1,"turns":4},{"damage":15,"enemies":"Jaw Worm","floor":7,"turns":4},{"damage":2,"enemies":"Small Slimes","floor":8,"turns":4},{"damage":4,"enemies":"3 Louse","floor":10,"turns":4},{"damage":5,"enemies":"Exordium Thugs","floor":11,"turns":4},{"damage":37,"enemies":"Gremlin Nob","floor":12,"turns":4}],"seed_played":"-5967855442254946306","potions_obtained":[{"floor":8,"key":"blueLaboratory:FrostheartPotion"},{"floor":10,"key":"Swift Potion"}],"is_trial":false,"path_per_floor":["M","?","?","$","?","R","M","M","T","M","M","E"],"character_chosen":"THE_EXTRAVAGANT","items_purchased":["theextravagant:GlyphOfTime"],"campfire_rested":1,"item_purchase_floors":[4],"current_hp_per_floor":[75,57,40,40,33,55,40,38,38,34,29,0,0],"gold":125,"neow_bonus":"NOSTALGIA","is_daily":false,"chose_seed":false,"campfire_upgraded":0,"win_rate":0.0,"timestamp":1611671834,"path_taken":["M","?","?","$","?","R","M","M","T","M","M","E"],"items_purchased_type":["Card"],"build_version":"2020-12-22","purchased_purges":0,"victory":false,"max_hp_per_floor":[75,75,75,75,75,75,75,75,75,75,75,75,75],"card_choices":[{"not_picked":["theextravagant:Foil","theextravagant:Castle"],"picked":"Outmaneuver","floor":1},{"not_picked":["infinitespire:FutureSight","infinitespire:FinalStrike"],"picked":"hubris:Rewind","floor":3},{"not_picked":["theextravagant:Defy","CutThroughFate"],"picked":"theextravagant:Firework","floor":7},{"not_picked":["Predator","CutThroughFate"],"picked":"theextravagant:ZeroHero","floor":8},{"not_picked":["theextravagant:PuffUp","theextravagant:Drift"],"picked":"theextravagant:Ravage","floor":10},{"not_picked":["Glass Knife","theextravagant:Tension"],"picked":"JustLucky","floor":11}],"player_experience":319754,"relics_obtained":[{"floor":9,"key":"hubris:Potato"}],"event_choices":[{"damage_healed":0,"gold_gain":0,"player_choice":"Take Damage","damage_taken":18,"relics_obtained":["Golden Idol"],"max_hp_gain":0,"max_hp_loss":0,"event_name":"Golden Idol","floor":2,"gold_loss":0},{"damage_healed":0,"gold_gain":0,"player_choice":"Damaged","damage_taken":7,"max_hp_gain":0,"max_hp_loss":0,"event_name":"Wheel of Change","floor":5,"gold_loss":0}],"is_beta":false,"boss_relics":[],"items_purged_floors":[],"is_endless":false,"potions_floor_spawned":[8,10],"killed_by":"Gremlin Nob","ascension_level":0}}