{"host":"p7j7o00jacnw7qzt","time":1611648119,"event":{"mods":["BaseMod","Colored Map","Colored Powertips","DeckTracker","Highlight Path","Minty Spire (QoL Compilation)","Relic Stats"],"gold_per_floor":[119,119,133,148,198,198,225,236,236,236,246,246,261,110,110,110,110],"floor_reached":16,"language":"ZHS","playtime":532,"items_purged":["Strike_G"],"score":204,"play_id":"3754bcda-0904-49e6-974c-deb7a269df06","local_time":"20210126030159","is_ascension_mode":true,"campfire_choices":[{"data":"Deadly Poison","floor":6.0,"key":"SMITH"},{"data":"Catalyst","floor":10.0,"key":"SMITH"},{"data":"Well Laid Plans","floor":12.0,"key":"SMITH"},{"data":"Concentrate","floor":15.0,"key":"SMITH"}],"circlet_count":0,"master_deck":["AscendersBane","Strike_G","Strike_G","Strike_G","Defend_G","Defend_G","Defend_G","Defend_G","Defend_G","Survivor","Neutralize","Die Die Die","Catalyst+1","Prepared","Deadly Poison+1","Calculated Gamble","Well Laid Plans+1","Concentrate+1"],"relics":["Ring of the Snake","Centennial Puzzle","Omamori"],"acts_visited":["Exordium"],"potions_floor_usage":[],"damage_taken":[{"damage":0.0,"enemies":"2 Louse","floor":1.0,"turns":2.0},{"damage":0.0,"enemies":"Cultist","floor":3.0,"turns":4.0},{"damage":4.0,"enemies":"Small Slimes","floor":4.0,"turns":5.0},{"damage":8.0,"enemies":"Gremlin Nob","floor":7.0,"turns":5.0},{"damage":0.0,"enemies":"Red Slaver","floor":8.0,"turns":4.0},{"damage":1.0,"enemies":"2 Fungi Beasts","floor":11.0,"turns":3.0},{"damage":1.0,"enemies":"Looter","floor":13.0,"turns":3.0},{"damage":30,"enemies":"Slime Boss","floor":16,"turns":9}],"seed_played":"2705519730028909049","potions_obtained":[{"floor":4.0,"key":"PowerPotion"}],"is_trial":false,"path_per_floor":["M","?","M","M","?","R","E","M","T","R","M","R","M","$","R","B"],"character_chosen":"THE_SILENT","items_purchased":["Concentrate"],"campfire_rested":0,"item_purchase_floors":[14],"current_hp_per_floor":[44,44,44,40,40,40,32,32,32,32,31,31,30,30,30,0,0],"gold":110,"neow_bonus":"THREE_RARE_CARDS","is_daily":false,"chose_seed":false,"campfire_upgraded":4,"win_rate":0.0,"timestamp":1611648119,"path_taken":["M","?","?","M","?","R","E","?","T","R","M","R","M","?","R","BOSS"],"items_purchased_type":["Card"],"build_version":"2020-12-22","purchased_purges":1,"victory":false,"max_hp_per_floor":[66,66,66,66,66,66,66,66,66,66,66,66,66,66,66,66,66],"relic_stats":{"Centennial Puzzle":[9],"counters":[8,35],"obtain_stats":[{"Centennial Puzzle":7,"Omamori":9,"Ring of the Snake":0},{"Centennial Puzzle":4,"Omamori":5,"Ring of the Snake":0},{"Centennial Puzzle":16,"Omamori":20,"Ring of the Snake":0}],"Ring of the Snake":[16]},"card_choices":[{"not_picked":["Burst","Venomology"],"picked":"Die Die Die","floor":0.0},{"not_picked":["Prepared","Finisher"],"picked":"Catalyst","floor":1.0},{"not_picked":["Flying Knee","Quick Slash"],"picked":"Prepared","floor":3.0},{"not_picked":["Tactician","Quick Slash"],"picked":"Deadly Poison","floor":4.0},{"not_picked":["Bane","Sucker Punch"],"picked":"Calculated Gamble","floor":7.0},{"not_picked":["Underhanded Strike","Outmaneuver","Dodge and Roll"],"picked":"SKIP","floor":8.0},{"not_picked":["Die Die Die","Flying Knee"],"picked":"Well Laid Plans","floor":11.0},{"not_picked":["Sucker Punch","Prepared","Blade Dance"],"picked":"SKIP","floor":13.0}],"player_experience":1053905,"relics_obtained":[{"floor":7.0,"key":"Centennial Puzzle"},{"floor":9.0,"key":"Omamori"}],"event_choices":[{"cards_removed":["Strike_G"],"damage_healed":0.0,"max_hp_gain":0.0,"max_hp_loss":0.0,"gold_gain":0.0,"event_name":"Bonfire Elementals","player_choice":"Offered Basic","floor":2.0,"gold_loss":0.0,"damage_taken":0.0},{"damage_healed":0.0,"max_hp_gain":0.0,"max_hp_loss":0.0,"gold_gain":50.0,"event_name":"Golden Shrine","player_choice":"Pray","floor":5.0,"gold_loss":0.0,"damage_taken":0.0}],"is_beta":false,"boss_relics":[],"items_purged_floors":[14],"is_endless":false,"potions_floor_spawned":[4],"killed_by":"Slime Boss","ascension_level":20}}