{"host":"f6w7z8zvb0mi4wy9","time":1611689082,"event":{"mods":["BaseMod","Colored Map","Minty Spire (QoL Compilation)","READ ME - Guardian Mod","StSLib","SuperFastMode","The Jungle"],"gold_per_floor":[110,110,57,70,70,70,101,111,135,135,175,194,194,235,235,356,356,369,385,401,422,443,477,477,508,508,508,508,508,508],"floor_reached":29,"language":"KOR","playtime":757,"items_purged":[],"score":375,"play_id":"3a1d97d9-915b-4798-aac9-4c521468ce80","local_time":"20210127042442","is_ascension_mode":true,"campfire_choices":[{"data":"Zap","floor":6.0,"key":"SMITH"},{"data":"Defragment","floor":13.0,"key":"SMITH"},{"data":"Dualcast","floor":15.0,"key":"SMITH"},{"data":"Beam Cell","floor":28.0,"key":"SMITH"}],"circlet_count":0,"master_deck":["Defend_B","Defend_B","Defend_B","Defend_B","Zap+1","Dualcast+1","Ball Lightning","Hologram","Conserve Battery","Steam","Defragment+1","Sunder","Coolheaded","Force Field","Thunder Strike","Sweeping Beam","Capacitor","Beam Cell+1","Coolheaded+1","Redo+1","Scrape+1","Bite","Bite","Bite","Bite","Bite+1"],"relics":["Cracked Core","NeowsBlessing","CultistMask","Nunchaku","Bag of Marbles","Golden Idol","Question Card","Coffee Dripper","Akabeko","Whetstone"],"acts_visited":["Exordium","TheCity"],"potions_floor_usage":[],"damage_taken":[{"damage":0.0,"enemies":"2 Louse","floor":1.0,"turns":1.0},{"damage":0.0,"enemies":"Cultist","floor":4.0,"turns":1.0},{"damage":0.0,"enemies":"Lagavulin","floor":7.0,"turns":1.0},{"damage":0.0,"enemies":"Small Slimes","floor":8.0,"turns":3.0},{"damage":22.0,"enemies":"Gremlin Nob","floor":11.0,"turns":5.0},{"damage":0.0,"enemies":"Looter","floor":12.0,"turns":2.0},{"damage":0.0,"enemies":"Lagavulin","floor":14.0,"turns":7.0},{"damage":14.0,"enemies":"Hexaghost","floor":16.0,"turns":9.0},{"damage":13.0,"enemies":"2 Thieves","floor":18.0,"turns":4.0},{"damage":3.0,"enemies":"Chosen","floor":19.0,"turns":3.0},{"damage":11.0,"enemies":"Sentry and Sphere","floor":20.0,"turns":5.0},{"damage":4.0,"enemies":"Shelled Parasite and Fungi","floor":21.0,"turns":6.0},{"damage":11.0,"enemies":"Centurion and Healer","floor":22.0,"turns":6.0},{"damage":9.0,"enemies":"Gremlin Leader","floor":23.0,"turns":7.0},{"damage":29.0,"enemies":"Book of Stabbing","floor":25.0,"turns":4.0},{"damage":14,"enemies":"Slavers","floor":29,"turns":1}],"seed_played":"-1311428840057345901","potions_obtained":[{"floor":1.0,"key":"Block Potion"},{"floor":4.0,"key":"SpeedPotion"},{"floor":12.0,"key":"Weak Potion"},{"floor":18.0,"key":"Ancient Potion"},{"floor":19.0,"key":"FearPotion"}],"is_trial":false,"path_per_floor":["M","?","$","M","$","R","E","M","T","?","E","M","R","E","R","B",null,"M","M","M","M","M","E","?","E","T","?","R","E"],"character_chosen":"DEFECT","items_purchased":["Hologram"],"campfire_rested":0,"item_purchase_floors":[3],"current_hp_per_floor":[75,75,75,75,75,75,75,75,75,57,35,37,37,39,39,27,75,62,61,52,50,41,34,34,13,13,13,13,0,0],"gold":508,"neow_bonus":"THREE_ENEMY_KILL","is_daily":false,"chose_seed":false,"campfire_upgraded":4,"win_rate":0.0,"timestamp":1611689082,"path_taken":["M","?","$","?","$","R","E","M","T","?","E","M","R","E","R","BOSS","M","M","M","M","M","E","?","E","T","?","R","E"],"items_purchased_type":["Card"],"build_version":"2020-12-22","purchased_purges":0,"victory":false,"max_hp_per_floor":[75,75,75,75,75,75,75,75,75,75,75,75,75,75,75,75,75,75,75,75,75,75,75,75,75,75,75,75,75,75],"card_choices":[{"not_picked":["Blizzard","Barrage"],"picked":"Ball Lightning","floor":1.0},{"not_picked":["Barrage","Compile Driver"],"picked":"Conserve Battery","floor":4.0},{"not_picked":["Rebound","Skim"],"picked":"Steam","floor":7.0},{"not_picked":["Recycle","Glacier"],"picked":"Defragment","floor":8.0},{"not_picked":["Amplify","Stack"],"picked":"Sunder","floor":11.0},{"not_picked":["Sweeping Beam","Hello World"],"picked":"Coolheaded","floor":12.0},{"not_picked":["Auto Shields","Conserve Battery"],"picked":"Force Field","floor":14.0},{"not_picked":["Reboot","Hyperbeam","Buffer"],"picked":"Thunder Strike","floor":16.0},{"not_picked":["Leap","Rebound","Darkness"],"picked":"Sweeping Beam","floor":18.0},{"not_picked":["FTL","Beam Cell","BootSequence"],"picked":"Capacitor","floor":19.0},{"not_picked":["Coolheaded","Compile Driver","Streamline+1"],"picked":"Beam Cell","floor":20.0},{"not_picked":["Steam","Streamline","Conserve Battery+1"],"picked":"Coolheaded+1","floor":21.0},{"not_picked":["Hologram","Barrage","Streamline"],"picked":"Redo+1","floor":22.0},{"not_picked":["Gash","Echo Form","Barrage"],"picked":"Scrape","floor":23.0},{"not_picked":["Loop","Coolheaded","Amplify","Stack"],"picked":"SKIP","floor":25.0}],"player_experience":902609,"relics_obtained":[{"floor":7.0,"key":"Nunchaku"},{"floor":9.0,"key":"Bag of Marbles"},{"floor":11.0,"key":"Blood Vial"},{"floor":14.0,"key":"Question Card"},{"floor":23.0,"key":"Akabeko"},{"floor":25.0,"key":"Whetstone"}],"event_choices":[{"damage_healed":0.0,"max_hp_gain":0.0,"max_hp_loss":0.0,"gold_gain":0.0,"event_name":"FaceTrader","player_choice":"Trade","floor":2.0,"gold_loss":0.0,"damage_taken":0.0,"relics_obtained":["CultistMask"]},{"damage_healed":0.0,"max_hp_gain":0.0,"max_hp_loss":0.0,"gold_gain":0.0,"event_name":"Golden Idol","player_choice":"Take Damage","floor":10.0,"gold_loss":0.0,"damage_taken":18.0,"relics_obtained":["Golden Idol"]},{"damage_healed":0.0,"max_hp_gain":0.0,"max_hp_loss":0.0,"gold_gain":0.0,"event_name":"Vampires","player_choice":"Became a vampire (Vial)","floor":24.0,"relics_lost":["Blood Vial"],"gold_loss":0.0,"damage_taken":0.0,"cards_obtained":["Bite","Bite","Bite","Bite","Bite"]},{"damage_healed":0.0,"max_hp_gain":0.0,"max_hp_loss":0.0,"gold_gain":0.0,"event_name":"Ghosts","player_choice":"Ignored","floor":27.0,"gold_loss":0.0,"damage_taken":0.0}],"is_beta":false,"boss_relics":[{"not_picked":["Snecko Eye","SlaversCollar"],"picked":"Coffee Dripper"}],"items_purged_floors":[],"is_endless":false,"potions_floor_spawned":[1,4,12,18,19],"killed_by":"Slavers","ascension_level":1}}