{"host":"hfxahm4y1ssattqc","time":1611633187,"event":{"mods":["2.2 Compatiblity","Act Like it!","Aspiration","BaseMod","Beaked The Cultist","Better Third Choice","BetterRewards","Colored Map","Colored Powertips","Custom Start","Googly Eyes","Halation","Hallownest","Hermit","Highlight Path","Hubris","Mimic Mod","Minty Spire (QoL Compilation)","Reorder Act Four","Shop Mod","Spikes Relics","StSLib","The Bug Knight","The IronCluck","The Jungle","Unknown Chances","slay the spire mod where everything is the same but ironclad has a cowboy hat"],"gold_per_floor":[118,129,129,143,143,143,160,160,183,202,215,215,215,490,490,585,585,602,602,602,614,632,632,643,558,558,558,576,592,592,602,602,602,602],"floor_reached":33,"language":"ENG","playtime":1481,"items_purged":[],"score":241,"play_id":"fa323142-c00c-4e23-8e49-5609994e9251","local_time":"20210125195307","is_ascension_mode":false,"campfire_choices":[{"data":"hermit:Virtue","floor":6.0,"key":"SMITH"},{"data":"hermit:Dive","floor":8.0,"key":"SMITH"},{"floor":12.0,"key":"REST"},{"floor":15.0,"key":"RECALL"},{"data":"hermit:FlashPowder","floor":23,"key":"SMITH"},{"floor":27,"key":"REST"},{"floor":30,"key":"REST"},{"floor":32,"key":"REST"}],"circlet_count":0,"master_deck":["hermit:Strike_Hermit","hermit:Strike_Hermit","hermit:Strike_Hermit","hermit:Strike_Hermit","hermit:Defend_Hermit","hermit:Defend_Hermit","hermit:Defend_Hermit","hermit:Defend_Hermit","hermit:Snapshot","hermit:Covet","hermit:Adapt","hermit:ShadowCloak","hermit:Determination+1","hermit:Virtue+1","hermit:Dive+1","hermit:FlashPowder+1","hermit:GoldenBullet","Parasite","Regret","hermit:BlackWind","hermit:Coalescence","hermit:Maintenance+1","hermit:FlashPowder+1","hermit:Glare+1","hermit:Showdown"],"relics":["hermit:Momento","hubris:Towel","hubris:ScarierMask","hubris:SlimyHat","Bottled Lightning"],"acts_visited":["Exordium","TheCity"],"potions_floor_usage":[16,16,22,22,33],"damage_taken":[{"damage":0.0,"enemies":"2 Louse","floor":1.0,"turns":3.0},{"damage":9.0,"enemies":"Cultist","floor":2.0,"turns":4.0},{"damage":0.0,"enemies":"Small Slimes","floor":4.0,"turns":3.0},{"damage":20.0,"enemies":"2 Fungi Beasts","floor":7.0,"turns":5.0},{"damage":8.0,"enemies":"Red Slaver","floor":10.0,"turns":4.0},{"damage":6.0,"enemies":"Gremlin Gang","floor":11.0,"turns":8.0},{"damage":44,"enemies":"Hexaghost","floor":16,"turns":16},{"damage":25,"enemies":"Shell Parasite","floor":18,"turns":17},{"damage":17,"enemies":"Chosen","floor":21,"turns":9},{"damage":0,"enemies":"Snake Plant","floor":22,"turns":5},{"damage":25,"enemies":"Chosen and Byrds","floor":24,"turns":13},{"damage":7,"enemies":"Shelled Parasite and Fungi","floor":28,"turns":10},{"damage":17,"enemies":"Snecko","floor":29,"turns":6},{"damage":2,"enemies":"3 Cultists","floor":31,"turns":7},{"damage":50,"enemies":"hubris:MusketHawk","floor":33,"turns":7}],"seed_played":"-4427934535267342674","potions_obtained":[{"floor":2.0,"key":"LiquidBronze"},{"floor":5.0,"key":"Weak Potion"},{"floor":5.0,"key":"AttackPotion"},{"floor":16,"key":"Energy Potion"},{"floor":21,"key":"ColorlessPotion"},{"floor":22,"key":"Weak Potion"},{"floor":28,"key":"Energy Potion"}],"is_trial":false,"path_per_floor":["M","M","?","M","?","R","M","R","T","M","M","R","?","?","R","B",null,"M","$","?","M","M","R","M","?","T","R","M","M","R","M","R","B"],"character_chosen":"HERMIT","items_purchased":[],"campfire_rested":4,"item_purchase_floors":[],"current_hp_per_floor":[75,66,66,66,66,66,46,46,46,38,32,54,72,72,72,28,75,50,50,50,33,33,33,8,8,8,30,23,6,28,26,48,0,0],"gold":602,"neow_bonus":"ONE_RANDOM_RARE_CARD","is_daily":false,"chose_seed":false,"campfire_upgraded":3,"win_rate":0.0,"timestamp":1611633187,"path_taken":["M","M","?","M","?","R","M","R","T","M","?","R","?","?","R","BOSS","M","$","?","M","?","R","M","?","T","R","M","M","R","M","R","BOSS"],"items_purchased_type":[],"build_version":"2020-12-22","purchased_purges":0,"victory":false,"max_hp_per_floor":[75,75,75,75,75,75,75,75,75,75,75,75,75,75,75,75,75,75,75,75,75,75,75,75,75,75,75,75,75,75,75,75,75,75],"card_choices":[{"not_picked":["hermit:Roulette","hermit:CalledShot"],"picked":"hermit:ShadowCloak","floor":1.0},{"not_picked":["hermit:DeadMansHand","hermit:FlashPowder"],"picked":"hermit:Determination","floor":2.0},{"not_picked":["hermit:Midnight","hermit:Coalescence"],"picked":"hermit:Virtue","floor":4.0},{"not_picked":["hermit:HoleUp","hermit:OverwhelmingPower"],"picked":"hermit:Dive","floor":7.0},{"not_picked":["hermit:BodyArmor","hermit:HoleUp"],"picked":"hermit:FlashPowder","floor":10.0},{"not_picked":["hermit:TakeCover","hermit:ItchyTrigger"],"picked":"hermit:GoldenBullet","floor":11.0},{"not_picked":["hermit:HeroicBravado","hermit:Dissolve"],"picked":"hermit:BlackWind","floor":16},{"not_picked":["hermit:Feint","hermit:Snipe"],"picked":"hermit:Coalescence","floor":18},{"not_picked":["hermit:BodyArmor","hermit:Roulette"],"picked":"hermit:Maintenance+1","floor":21},{"not_picked":["hermit:Ricochet","hermit:SprayPray+1"],"picked":"hermit:FlashPowder+1","floor":22},{"not_picked":["hermit:ItchyTrigger","hermit:GhostlyPresence"],"picked":"hermit:Glare+1","floor":24},{"not_picked":["hermit:HoleUp+1","hermit:Quickdraw","hermit:ItchyTrigger"],"picked":"SKIP","floor":28},{"not_picked":["hermit:BigShot","hermit:Snipe"],"picked":"hermit:Showdown","floor":29},{"not_picked":["hermit:GoldenBullet+1","hermit:ShadowCloak+1","hermit:CalledShot"],"picked":"SKIP","floor":31}],"player_experience":912731,"relics_obtained":[{"floor":26,"key":"Bottled Lightning"}],"event_choices":[{"damage_healed":0.0,"max_hp_gain":0.0,"max_hp_loss":0.0,"gold_gain":0.0,"event_name":"Lab","player_choice":"Got Potions","floor":5.0,"gold_loss":0.0,"damage_taken":0.0},{"damage_healed":18.0,"max_hp_gain":0.0,"max_hp_loss":0.0,"gold_gain":0.0,"event_name":"Mushrooms","player_choice":"Healed and dodged fight","floor":13.0,"gold_loss":0.0,"damage_taken":0.0,"cards_obtained":["Parasite"]},{"damage_healed":0.0,"max_hp_gain":0.0,"max_hp_loss":0.0,"gold_gain":275.0,"event_name":"Golden Shrine","player_choice":"Desecrate","floor":14.0,"gold_loss":0.0,"damage_taken":0.0,"cards_obtained":["Regret"]},{"damage_healed":0,"gold_gain":0,"player_choice":"Upgraded","damage_taken":0,"max_hp_gain":0,"max_hp_loss":0,"event_name":"Upgrade Shrine","floor":20,"gold_loss":0,"cards_upgraded":["hermit:Determination"]},{"damage_healed":0,"gold_gain":0,"player_choice":"Obtained Relic","damage_taken":0,"relics_obtained":["hubris:SlimyHat"],"max_hp_gain":0,"max_hp_loss":0,"event_name":"Addict","floor":25,"gold_loss":85}],"is_beta":false,"boss_relics":[{"not_picked":["aspiration:WatcherSkillbook","Cursed Key"],"picked":"hubris:ScarierMask"}],"items_purged_floors":[],"is_endless":false,"potions_floor_spawned":[2,7,10,16,21,22,28,29],"killed_by":"hubris:MusketHawk","ascension_level":0}}