{"host":"bxd97rc2ofc6op20","time":1611650710,"event":{"mods":["BaseMod","Colored Map","Colored Powertips","Googly Eyes","Highlight Path","Minty Spire (QoL Compilation)","Quick Restart","Rare Cards Sparkle"],"gold_per_floor":[116,0,75,75,92,118,128,128,128,141,175,186,30,48,48,145,145,160,175,226,245,45,45,70,70,119,148,168,185,42,74,74,174,174,187,200,0,50,50,83,83,83,109,109,134,134,134,159,159,159,159,159,9,9,9],"floor_reached":54,"language":"ENG","playtime":3802,"items_purged":["Defend_R"],"score":1029,"play_id":"1ee24a9e-93f4-4ccc-bfc7-a004852be29a","local_time":"20210126004510","is_ascension_mode":true,"campfire_choices":[{"data":"Perfected Strike","floor":8,"key":"SMITH"},{"data":"Combust","floor":15,"key":"SMITH"},{"data":"Perfected Strike","floor":23,"key":"SMITH"},{"data":"Power Through","floor":25,"key":"SMITH"},{"data":"Swift Strike","floor":32,"key":"SMITH"},{"data":"Rupture","floor":44,"key":"SMITH"},{"data":"Juggernaut","floor":46,"key":"SMITH"},{"data":"Fire Breathing","floor":47,"key":"SMITH"},{"floor":49,"key":"RECALL"},{"data":"Pommel Strike","floor":52,"key":"SMITH"}],"circlet_count":0,"master_deck":["Strike_R","Strike_R","Strike_R","Strike_R","Strike_R","Bash","Power Through+1","Perfected Strike+1","Swift Strike+1","Reckless Charge","Pommel Strike+1","Pommel Strike","Blood for Blood","Combust+1","Perfected Strike+1","Double Tap+1","Infernal Blade+1","Offering+1","Shrug It Off+1","Spot Weakness+1","Dark Shackles+1","Fire Breathing+1","Exhume+1","Second Wind+1","Disarm+1","Juggernaut+1","Disarm+1","Thunderclap+1","Spot Weakness+1","Pommel Strike+1","Twin Strike+1","Rupture+1","Metamorphosis+1","Trip+1","Swift Strike","Writhe","Wild Strike+1","Burning Pact+1","Shockwave+1","Shrug It Off+1"],"relics":["Burning Blood","NeowsBlessing","Toxic Egg 2","Omamori","Bottled Tornado","Bag of Preparation","Calling Bell","Red Skull","Singing Bowl","Mango","Juzu Bracelet","Eternal Feather","Art of War","Gremlin Horn","Happy Flower","Oddly Smooth Stone","Astrolabe","Red Mask","WingedGreaves","WarpedTongs","Turnip","Molten Egg 2","Bottled Lightning"],"acts_visited":["Exordium","TheCity","TheBeyond","TheEnding"],"potions_floor_usage":[11,11,18,24,27,33,33,40,50],"damage_taken":[{"damage":0,"enemies":"2 Louse","floor":1,"turns":1},{"damage":0,"enemies":"Jaw Worm","floor":5,"turns":1},{"damage":0,"enemies":"Lagavulin","floor":6,"turns":1},{"damage":0,"enemies":"Cultist","floor":7,"turns":2},{"damage":6,"enemies":"Exordium Thugs","floor":10,"turns":3},{"damage":9,"enemies":"Gremlin Nob","floor":11,"turns":3},{"damage":1,"enemies":"Exordium Wildlife","floor":12,"turns":2},{"damage":0,"enemies":"Looter","floor":14,"turns":1},{"damage":13,"enemies":"Slime Boss","floor":16,"turns":7},{"damage":6,"enemies":"Shell Parasite","floor":18,"turns":3},{"damage":14,"enemies":"2 Thieves","floor":19,"turns":3},{"damage":17,"enemies":"Centurion and Healer","floor":21,"turns":3},{"damage":18,"enemies":"Slavers","floor":24,"turns":3},{"damage":17,"enemies":"Book of Stabbing","floor":27,"turns":3},{"damage":21,"enemies":"Chosen and Byrds","floor":28,"turns":3},{"damage":7,"enemies":"Snake Plant","floor":29,"turns":2},{"damage":3,"enemies":"Gremlin Leader","floor":31,"turns":3},{"damage":62,"enemies":"Champ","floor":33,"turns":9},{"damage":17,"enemies":"3 Shapes","floor":35,"turns":6},{"damage":0,"enemies":"Orb Walker","floor":36,"turns":1},{"damage":28,"enemies":"Mind Bloom Boss Battle","floor":38,"turns":5},{"damage":10,"enemies":"Giant Head","floor":40,"turns":6},{"damage":57,"enemies":"Nemesis","floor":45,"turns":3},{"damage":45,"enemies":"Giant Head","floor":48,"turns":6},{"damage":49,"enemies":"Time Eater","floor":50,"turns":9},{"damage":105,"enemies":"Shield and Spear","floor":54,"turns":5}],"seed_played":"-423988970338033395","potions_obtained":[{"floor":6,"key":"GamblersBrew"},{"floor":10,"key":"SkillPotion"},{"floor":11,"key":"LiquidBronze"},{"floor":14,"key":"Block Potion"},{"floor":18,"key":"Ancient Potion"},{"floor":24,"key":"GamblersBrew"},{"floor":29,"key":"Fire Potion"},{"floor":31,"key":"AttackPotion"},{"floor":33,"key":"SneckoOil"},{"floor":35,"key":"Dexterity Potion"},{"floor":36,"key":"SpeedPotion"},{"floor":40,"key":"EntropicBrew"}],"is_trial":false,"path_per_floor":["M","$","?","?","M","E","M","R","T","M","E","M","$","M","R","B",null,"M","M","T","M","$","R","E","R","T","E","M","M","$","E","R","B",null,"M","M","?","?","?","E","?","?","T","R","E","R","R","E","R","B",null,"R","$","E"],"character_chosen":"IRONCLAD","items_purchased":["Perfected Strike","Swift Strike","Bag of Preparation","Dark Shackles+1","Fire Breathing","Happy Flower","Shockwave+1","Shrug It Off+1","SpeedPotion"],"campfire_rested":0,"item_purchase_floors":[2,2,13,22,22,30,53,53,53],"current_hp_per_floor":[80,80,69,69,75,80,80,80,80,80,77,80,80,80,80,73,94,94,86,86,77,77,77,65,80,80,71,56,55,55,58,73,17,98,87,93,93,73,73,69,59,84,84,100,49,70,91,52,73,30,100,100,100,0,0],"gold":9,"neow_bonus":"THREE_ENEMY_KILL","is_daily":false,"chose_seed":false,"campfire_upgraded":9,"win_rate":0.0,"timestamp":1611650710,"path_taken":["M","$","?","?","M","E","M","R","T","M","E","M","$","M","R","BOSS","M","M","?","M","?","R","E","R","T","E","M","M","?","E","R","BOSS","M","M","?","?","?","E","?","?","T","R","E","R","R","E","R","BOSS","R","$","E"],"items_purchased_type":["Card","Card","Relic","Card","Card","Relic","Card","Card","Potion"],"build_version":"2020-12-22","purchased_purges":1,"victory":false,"max_hp_per_floor":[80,80,80,80,80,80,80,80,80,80,80,80,80,80,80,80,94,94,94,94,96,96,96,96,96,96,98,98,98,98,98,98,98,98,98,98,98,100,100,100,100,100,100,100,100,100,100,100,100,100,100,100,100,100,100],"card_choices":[{"not_picked":["Clothesline","True Grit"],"picked":"Power Through","floor":1},{"not_picked":["Inflame","Armaments"],"picked":"Pommel Strike","floor":5},{"not_picked":["Shrug It Off+1","Inflame"],"picked":"Pommel Strike","floor":6},{"not_picked":["Heavy Blade","Reckless Charge"],"picked":"Blood for Blood","floor":7},{"not_picked":["Flame Barrier+1","Sentinel+1"],"picked":"Combust","floor":10},{"not_picked":["Sword Boomerang","Rampage"],"picked":"Perfected Strike","floor":11},{"not_picked":["Perfected Strike","True Grit+1"],"picked":"Double Tap+1","floor":12},{"not_picked":["Headbutt","Armaments+1"],"picked":"Infernal Blade+1","floor":14},{"not_picked":["Immolate","Bludgeon"],"picked":"Offering+1","floor":16},{"not_picked":["Sword Boomerang","Clothesline+1"],"picked":"Shrug It Off+1","floor":18},{"not_picked":["Thunderclap+1","Havoc+1"],"picked":"Spot Weakness+1","floor":19},{"not_picked":["Blood for Blood","Headbutt","Uppercut"],"picked":"Singing Bowl","floor":21},{"not_picked":["Combust","Headbutt"],"picked":"Exhume+1","floor":24},{"not_picked":["Shrug It Off+1","Cleave","Double Tap+1"],"picked":"Singing Bowl","floor":27},{"not_picked":["Armaments+1","Headbutt+1"],"picked":"Second Wind+1","floor":28},{"not_picked":["Metallicize","Armaments+1"],"picked":"Disarm+1","floor":29},{"not_picked":["Heavy Blade+1","Perfected Strike"],"picked":"Ghostly Armor+1","floor":31},{"not_picked":["Exhume+1","Brutality"],"picked":"Juggernaut","floor":33},{"not_picked":["Disarm+1","Perfected Strike"],"picked":"Pommel Strike+1","floor":35},{"not_picked":["Heavy Blade+1","Immolate"],"picked":"Twin Strike+1","floor":36},{"not_picked":["Anger+1","Warcry+1","Armaments+1"],"picked":"Singing Bowl","floor":38},{"not_picked":["Double Tap+1","Flex+1"],"picked":"Rupture","floor":40},{"not_picked":["Purity+1","Thinking Ahead+1"],"picked":"Metamorphosis+1","floor":41},{"not_picked":["Mayhem","Jack Of All Trades+1"],"picked":"Trip+1","floor":41},{"not_picked":["Trip+1","Master of Strategy+1"],"picked":"Swift Strike","floor":41},{"not_picked":["Cleave+1","Evolve"],"picked":"Wild Strike+1","floor":45},{"not_picked":["Wild Strike+1","Combust"],"picked":"Burning Pact+1","floor":48}],"player_experience":380364,"relics_obtained":[{"floor":6,"key":"Toxic Egg 2"},{"floor":9,"key":"Omamori"},{"floor":11,"key":"Bottled Tornado"},{"floor":17,"key":"Red Skull"},{"floor":17,"key":"Singing Bowl"},{"floor":17,"key":"Mango"},{"floor":20,"key":"Juzu Bracelet"},{"floor":24,"key":"Eternal Feather"},{"floor":26,"key":"Art of War"},{"floor":27,"key":"Gremlin Horn"},{"floor":31,"key":"Oddly Smooth Stone"},{"floor":38,"key":"WingedGreaves"},{"floor":40,"key":"Turnip"},{"floor":45,"key":"Molten Egg 2"},{"floor":48,"key":"Bottled Lightning"}],"event_choices":[{"damage_healed":0,"gold_gain":75,"player_choice":"Gather Gold","damage_taken":11,"max_hp_gain":0,"max_hp_loss":0,"event_name":"World of Goop","floor":3,"gold_loss":0},{"damage_healed":0,"gold_gain":0,"cards_transformed":["Defend_R"],"player_choice":"Transformed","damage_taken":0,"max_hp_gain":0,"max_hp_loss":0,"event_name":"Transmorgrifier","floor":4,"gold_loss":0,"cards_obtained":["Reckless Charge"]},{"damage_healed":0,"gold_gain":0,"player_choice":"Paid","damage_taken":0,"relics_obtained":["Red Mask"],"max_hp_gain":0,"max_hp_loss":0,"event_name":"Tomb of Lord Red Mask","floor":37,"gold_loss":200},{"damage_healed":0,"gold_gain":0,"player_choice":"Fight","damage_taken":0,"max_hp_gain":0,"max_hp_loss":0,"event_name":"MindBloom","floor":38,"gold_loss":0},{"damage_healed":0,"gold_gain":0,"player_choice":"Rummage","damage_taken":0,"relics_obtained":["WarpedTongs"],"max_hp_gain":0,"max_hp_loss":0,"event_name":"Accursed Blacksmith","floor":39,"gold_loss":0,"cards_obtained":["Pain"]},{"damage_healed":0,"gold_gain":0,"player_choice":"Memory 3","damage_taken":10,"max_hp_gain":0,"max_hp_loss":0,"event_name":"SensoryStone","floor":41,"gold_loss":0},{"damage_healed":25,"gold_gain":0,"player_choice":"Writhe","damage_taken":0,"max_hp_gain":0,"max_hp_loss":0,"event_name":"Winding Halls","floor":42,"gold_loss":0,"cards_obtained":["Writhe"]}],"is_beta":false,"boss_relics":[{"not_picked":["Black Star","SacredBark"],"picked":"Calling Bell"},{"not_picked":["Runic Pyramid","Tiny House"],"picked":"Astrolabe"}],"items_purged_floors":[22],"is_endless":false,"potions_floor_spawned":[6,10,11,14,18,24,29,31,33,35,36,40],"killed_by":"Shield and Spear","ascension_level":4}}