{"host":"vrsxkkch9ccrec7k","time":1611657403,"event":{"mods":["Act Like it!","BaseMod","Bestiary","Better Altar","Better Match","Better Note","Better Sensory Stone","Better Skull","Better Third Choice","Better Vampires","Downfall","Minty Spire (QoL Compilation)","Permanent Neow","Relic Stats","Spicy Shops","StSLib"],"gold_per_floor":[0,0,20,20,39,57,134,134,134,134,134,162,162,4,20,20,20,20],"floor_reached":16,"language":"ENG","playtime":852,"items_purged":[],"score":132,"play_id":"d2bdf36b-8b49-4a56-bfa0-5571dc3495b6","local_time":"20210126053643","is_ascension_mode":true,"campfire_choices":[{"data":"hexamod:Float","floor":1,"key":"SMITH"},{"data":"hexamod:NightmareStrike","floor":8,"key":"SMITH"},{"data":"hexamod:ShieldOfDarkness","floor":11,"key":"SMITH"},{"data":"hexamod:Sear","floor":13,"key":"SMITH"}],"circlet_count":0,"master_deck":["hexamod:Strike","hexamod:Strike","hexamod:Strike","hexamod:Defend","hexamod:Defend","hexamod:Defend","hexamod:Defend","hexamod:Sear+1","hexamod:Float+1","Dark Shackles","hexamod:NightmareStrike+1","hexamod:GhostLash","hexamod:ShieldOfDarkness+1","hexamod:SpectersWail","hexamod:AdvancingGuard"],"relics":["hexamod:SpiritBrand","Mango","Blood Vial","Mercury Hourglass","Blue Candle","hexamod:SoulConsumer","Potion Belt"],"acts_visited":["Exordium"],"potions_floor_usage":[],"damage_taken":[{"damage":1,"enemies":"Jaw Worm","floor":3,"turns":4},{"damage":0,"enemies":"Small Slimes","floor":5,"turns":3},{"damage":2,"enemies":"2 Louse","floor":6,"turns":3},{"damage":17,"enemies":"Lagavulin","floor":12,"turns":7},{"damage":0,"enemies":"downfall:FleeingMerchant","floor":14,"turns":4},{"damage":1,"enemies":"Exordium Thugs","floor":15,"turns":3},{"damage":86,"enemies":"DF_ARCHETYPE_STREAMLINE","floor":16,"turns":14}],"seed_played":"-2210876682498079794","potions_obtained":[{"floor":5,"key":"Regen Potion"},{"floor":6,"key":"SneckoOil"},{"floor":12,"key":"Regen Potion"}],"is_trial":false,"path_per_floor":["R","?","M","T","M","M","T","R","?","?","R","E","R","$","M","B"],"character_chosen":"THE_SPIRIT","items_purchased":["Potion Belt"],"campfire_rested":0,"item_purchase_floors":[14],"current_hp_per_floor":[77,77,76,76,78,78,78,78,78,73,73,58,58,64,69,0,0,0],"gold":20,"neow_bonus":"ONE_RARE_RELIC","is_daily":false,"chose_seed":false,"campfire_upgraded":4,"win_rate":0.0,"timestamp":1611657403,"path_taken":["R","?","M","?","M","M","T","R","?","?","R","E","R","?","M","BOSS"],"items_purchased_type":["Relic"],"build_version":"2020-12-22","purchased_purges":0,"victory":false,"max_hp_per_floor":[84,84,84,84,84,84,84,84,84,84,84,84,84,84,84,84,84,84],"relic_stats":{"Blood Vial":12,"counters":[7,38],"Blue Candle":[0],"obtain_stats":[{"Blood Vial":4,"Potion Belt":14,"Blue Candle":10,"Mango":0,"hexamod:SoulConsumer":12,"hexamod:SpiritBrand":0,"Mercury Hourglass":7},{"Blood Vial":1,"Potion Belt":5,"Blue Candle":3,"Mango":0,"hexamod:SoulConsumer":4,"hexamod:SpiritBrand":0,"Mercury Hourglass":3},{"Blood Vial":4,"Potion Belt":21,"Blue Candle":10,"Mango":0,"hexamod:SoulConsumer":17,"hexamod:SpiritBrand":0,"Mercury Hourglass":10}],"Mercury Hourglass":[45]},"card_choices":[{"not_picked":["The Bomb","Trip"],"picked":"Dark Shackles","floor":2},{"not_picked":["hexamod:ChargedBarrage","hexamod:Haunt"],"picked":"hexamod:NightmareStrike","floor":3},{"not_picked":["hexamod:NightmareGuise","hexamod:FastForward"],"picked":"hexamod:GhostLash","floor":5},{"not_picked":["hexamod:HeatShield","hexamod:GhostLash"],"picked":"hexamod:ShieldOfDarkness","floor":6},{"not_picked":["hexamod:FifthSeal","hexamod:SwordOfDarkness"],"picked":"hexamod:SpectersWail","floor":12},{"not_picked":["hexamod:InspiringFlames","hexamod:SwordOfDarkness"],"picked":"hexamod:AdvancingGuard","floor":14},{"not_picked":["hexamod:SuperheatedStrike","hexamod:HeatMetal","hexamod:ThermalTransfer"],"picked":"SKIP","floor":15}],"player_experience":1742699,"relics_obtained":[{"floor":4,"key":"Blood Vial"},{"floor":7,"key":"Mercury Hourglass"},{"floor":12,"key":"hexamod:SoulConsumer"}],"event_choices":[{"damage_healed":0,"gold_gain":1,"player_choice":"1","damage_taken":0,"max_hp_gain":0,"max_hp_loss":0,"event_name":"betterStone:BetterStone","floor":2,"gold_loss":0}],"is_beta":false,"boss_relics":[],"items_purged_floors":[],"is_endless":false,"potions_floor_spawned":[5,6,12],"killed_by":"DF_ARCHETYPE_STREAMLINE","ascension_level":7}}