{"host":"pec1bvkeldr5yzx1","time":1611626923,"event":{"mods":["ATMod(°¢èªMod)","AchievementEnabler","Act Like it!","Aspiration","BaseMod","Better Altar","Better Match","Better Sensory Stone","Better Skull","Better Vampires","BetterRewards","Conspire","Dota2Spire","Energized Spire","Friendly Minions","GifTheSpireLib","Hubris","Minty Spire (QoL Compilation)","Replay The Spire","Spicy Shops","StSLib","Stuff the Spire","SuperFastMode","óô»ðÖ¸ÄÏ"],"gold_per_floor":[112,122,122,157,177,177,202,221,246,271,282,282,295,245,245,245,245],"floor_reached":16,"language":"ZHS","playtime":650,"items_purged":[],"score":146,"play_id":"edb89c49-625a-41e9-b02f-2e511e07ae3c","local_time":"20210126100843","is_ascension_mode":true,"campfire_choices":[{"data":"AT_KingSlayer","floor":6,"key":"SMITH"},{"floor":15,"key":"DIG"}],"circlet_count":0,"master_deck":["Strike_R","Strike_R","Strike_R","Strike_R","Strike_R","Defend_R","Defend_R","Defend_R","Defend_R+1","Bash","AT_KingSlayer+1","Double Tap+1","AT_IchimonjiDouble","Heavy Blade+1","ThirdEye","Wild Strike","Seeing Red","Thunderclap","Iron Wave","Shrug It Off","Limit Break","Dropkick","Sentinel","Havoc"],"relics":["Burning Blood","AT_ATBox","aspiration:Nostalgia","Replay:M_StaffOfTheSnake","AT_ChloranthyRing","hubris:MedicalManual","Juzu Bracelet","CaptainsWheel","StuffTheSpire:NeowsTribute","AT_GoldPhoenixTree","Dota2Spire:LotusOrb"],"acts_visited":["Exordium"],"potions_floor_usage":[4,16,16],"damage_taken":[{"damage":5,"enemies":"Jaw Worm","floor":1,"turns":3},{"damage":7,"enemies":"Small Slimes","floor":2,"turns":3},{"damage":13,"enemies":"conspire:MimicChest","floor":4,"turns":3},{"damage":6,"enemies":"Cultist","floor":5,"turns":3},{"damage":19,"enemies":"Gremlin Nob","floor":7,"turns":4},{"damage":9,"enemies":"2 Fungi Beasts","floor":8,"turns":2},{"damage":15,"enemies":"3 Sentries","floor":10,"turns":6},{"damage":7,"enemies":"3 Louse","floor":11,"turns":3},{"damage":0,"enemies":"Blue Slaver","floor":13,"turns":3},{"damage":27,"enemies":"Fading Forest","floor":16,"turns":8}],"seed_played":"-2126436658229699070","potions_obtained":[{"floor":1,"key":"AttackPotion"},{"floor":4,"key":"FairyPotion"},{"floor":8,"key":"SkillPotion"},{"floor":13,"key":"Dota2Spire:Clarity"}],"is_trial":false,"path_per_floor":["M","M","?","?","M","R","E","M","T","E","M","?","M","?","R","B"],"character_chosen":"IRONCLAD","items_purchased":["aspiration:Nostalgia","AT_ChloranthyRing","Double Tap","AT_IchimonjiDouble","Heavy Blade+1","ThirdEye"],"campfire_rested":0,"item_purchase_floors":[0,0,0,0,0,0],"current_hp_per_floor":[37,36,20,13,13,13,30,27,27,18,17,17,23,23,23,0,0],"gold":245,"neow_bonus":"","is_daily":false,"chose_seed":false,"campfire_upgraded":1,"win_rate":0.0,"timestamp":1611626923,"path_taken":["M","M","?","?","M","R","E","M","T","E","M","?","M","?","R","BOSS"],"items_purchased_type":["Relic","Relic","Card","Card","Card","Card"],"build_version":"2020-12-22","purchased_purges":0,"victory":false,"max_hp_per_floor":[80,80,80,80,80,80,80,80,80,80,80,80,80,80,80,80,80],"card_choices":[{"not_picked":["ThirdEye","Pommel Strike"],"picked":"Wild Strike","floor":1},{"not_picked":["Massacre","Anger"],"picked":"Seeing Red","floor":2},{"not_picked":["Sword Boomerang","ThirdEye"],"picked":"Thunderclap","floor":4},{"not_picked":["Whirlwind","Clothesline"],"picked":"Iron Wave","floor":5},{"not_picked":["Thunderclap","AT_IchimonjiDouble"],"picked":"Shrug It Off","floor":7},{"not_picked":["StuffTheSpire:RockThrow","Shrug It Off"],"picked":"Limit Break","floor":8},{"not_picked":["Perfected Strike","Impervious"],"picked":"Dropkick","floor":10},{"not_picked":["Massacre","EmptyMind"],"picked":"Sentinel","floor":11},{"not_picked":["Feel No Pain","Fire Breathing"],"picked":"Havoc","floor":13}],"player_experience":99590,"relics_obtained":[{"floor":4,"key":"Juzu Bracelet"},{"floor":7,"key":"CaptainsWheel"},{"floor":10,"key":"StuffTheSpire:NeowsTribute"},{"floor":15,"key":"Dota2Spire:LotusOrb"}],"event_choices":[{"damage_healed":0,"gold_gain":0,"player_choice":"Entered Light","damage_taken":16,"max_hp_gain":0,"max_hp_loss":0,"event_name":"Shining Light","floor":3,"gold_loss":0,"cards_upgraded":["Defend_R","Double Tap"]},{"cards_removed":["StuffTheSpire:CuriosityCurse"],"damage_healed":0,"gold_gain":0,"player_choice":"Card Removal","damage_taken":0,"max_hp_gain":0,"max_hp_loss":0,"event_name":"The Cleric","floor":14,"gold_loss":50}],"is_beta":false,"boss_relics":[],"items_purged_floors":[],"is_endless":false,"potions_floor_spawned":[1,4,8,13],"killed_by":"Fading Forest","ascension_level":6}}