{"host":"gx7yyrn1gkym3qpb","time":1611674877,"event":{"mods":["AchievementEnabler","BaseMod","Better Altar","Better Match","Better Note","Better Sensory Stone","Better Skull","Better Third Choice","Hubris","Minty Spire (QoL Compilation)","Permanent Neow","StSLib","Unceasing Turn Reminder"],"gold_per_floor":[115,115,115,128,145,145,180,180,248,263,292,307,336,356,356,431,431,442,460,471,482,482,482,482,482,482,495,523,537,569,582,582,653,653,665,676,687,687,687],"floor_reached":38,"language":"ENG","playtime":1901,"items_purged":[],"score":887,"play_id":"8ecaf77d-2a43-48a9-8ea9-466caa8cf0f0","local_time":"20210126102757","is_ascension_mode":true,"campfire_choices":[{"data":"Zap","floor":6,"key":"SMITH"},{"data":"Beam Cell","floor":8,"key":"SMITH"},{"data":"Consume","floor":15,"key":"SMITH"},{"floor":23,"key":"REST"},{"floor":25,"key":"REST"},{"floor":32,"key":"REST"}],"circlet_count":0,"master_deck":["AscendersBane","Strike_B","Strike_B","Strike_B","Strike_B","Defend_B","Defend_B+1","Defend_B","Defend_B","Zap+1","Dualcast","Static Discharge","Ball Lightning","Beam Cell+1","Glacier+1","Doom and Gloom","Ball Lightning","Multi-Cast","Consume+1","Echo Form","Go for the Eyes+1","Electrodynamics","Defragment"],"relics":["Cracked Core","Omamori","Pocketwatch","Bottled Lightning","hubris:BottledRain","War Paint","Fusion Hammer","Calipers","WarpedTongs","Incense Burner","Question Card","hubris:TenFootPole","Velvet Choker"],"acts_visited":["Exordium","TheCity","TheBeyond"],"potions_floor_usage":[11,14,30,33,33,37],"damage_taken":[{"damage":13,"enemies":"Small Slimes","floor":1,"turns":3},{"damage":7,"enemies":"2 Louse","floor":4,"turns":2},{"damage":1,"enemies":"Cultist","floor":5,"turns":3},{"damage":19,"enemies":"3 Sentries","floor":7,"turns":5},{"damage":9,"enemies":"Gremlin Gang","floor":10,"turns":3},{"damage":6,"enemies":"Lagavulin","floor":11,"turns":6},{"damage":0,"enemies":"Large Slime","floor":12,"turns":3},{"damage":1,"enemies":"Gremlin Nob","floor":13,"turns":3},{"damage":0,"enemies":"2 Fungi Beasts","floor":14,"turns":2},{"damage":5,"enemies":"The Guardian","floor":16,"turns":9},{"damage":0,"enemies":"Shell Parasite","floor":18,"turns":4},{"damage":16,"enemies":"Chosen","floor":19,"turns":4},{"damage":4,"enemies":"Centurion and Healer","floor":20,"turns":6},{"damage":17,"enemies":"Snake Plant","floor":21,"turns":5},{"damage":8,"enemies":"Chosen and Byrds","floor":27,"turns":4},{"damage":0,"enemies":"Gremlin Leader","floor":28,"turns":6},{"damage":3,"enemies":"Snecko","floor":29,"turns":4},{"damage":24,"enemies":"Slavers","floor":30,"turns":5},{"damage":19,"enemies":"Snake Plant","floor":31,"turns":4},{"damage":25,"enemies":"Collector","floor":33,"turns":10},{"damage":0,"enemies":"3 Darklings","floor":35,"turns":3},{"damage":7,"enemies":"Orb Walker","floor":36,"turns":4},{"damage":40,"enemies":"Jaw Worm Horde","floor":37,"turns":4},{"damage":8,"enemies":"Transient","floor":38,"turns":3}],"seed_played":"-975845474003769225","potions_obtained":[{"floor":1,"key":"Weak Potion"},{"floor":7,"key":"DuplicationPotion"},{"floor":11,"key":"SteroidPotion"},{"floor":16,"key":"Swift Potion"},{"floor":18,"key":"SteroidPotion"},{"floor":20,"key":"BlessingOfTheForge"},{"floor":30,"key":"AttackPotion"},{"floor":33,"key":"SkillPotion"},{"floor":35,"key":"Strength Potion"}],"is_trial":false,"path_per_floor":["M","?","?","M","M","R","E","R","T","M","E","M","E","M","R","B",null,"M","M","M","M","?","R","?","R","T","M","E","M","E","M","R","B",null,"M","M","M","M"],"character_chosen":"DEFECT","items_purchased":[],"campfire_rested":3,"item_purchase_floors":[],"current_hp_per_floor":[51,51,51,44,43,43,24,24,24,15,9,9,8,8,8,3,54,54,38,34,17,17,38,38,59,59,51,51,48,24,5,26,1,54,54,47,7,0,0],"gold":687,"neow_bonus":"THREE_CARDS","is_daily":false,"chose_seed":false,"campfire_upgraded":3,"win_rate":0.0,"timestamp":1611674877,"path_taken":["M","?","?","M","M","R","E","R","T","M","E","?","E","M","R","BOSS","M","M","?","M","?","R","?","R","T","M","E","M","E","M","R","BOSS","M","M","M","M"],"items_purchased_type":[],"build_version":"2020-12-22","purchased_purges":0,"victory":false,"max_hp_per_floor":[71,71,71,71,71,71,71,71,71,71,71,71,71,71,71,71,71,71,71,71,71,71,71,71,71,71,71,71,71,71,71,71,71,71,71,71,71,71,71],"card_choices":[{"not_picked":["Hologram","Double Energy"],"picked":"Static Discharge","floor":0},{"not_picked":["Barrage","Beam Cell"],"picked":"Ball Lightning","floor":1},{"not_picked":["Scrape","Beam Cell"],"picked":"Glacier","floor":4},{"not_picked":["Barrage","Sweeping Beam"],"picked":"Doom and Gloom","floor":5},{"not_picked":["Melter","White Noise","Skim"],"picked":"SKIP","floor":7},{"not_picked":["Gash","Hello World"],"picked":"Ball Lightning","floor":10},{"not_picked":["Redo","Recycle"],"picked":"Multi-Cast","floor":11},{"not_picked":["Compile Driver","Beam Cell","Hologram"],"picked":"SKIP","floor":12},{"not_picked":["Blizzard","Steam Power","Sunder"],"picked":"SKIP","floor":13},{"not_picked":["Sweeping Beam","Gash"],"picked":"Consume","floor":14},{"not_picked":["hubris:SpecializedCircuitry","hubris:DoWhile"],"picked":"Echo Form","floor":16},{"not_picked":["Aggregate","Ball Lightning","Conserve Battery"],"picked":"SKIP","floor":18},{"not_picked":["Chill","Turbo","Cold Snap"],"picked":"SKIP","floor":19},{"not_picked":["Redo","BootSequence","Sweeping Beam"],"picked":"SKIP","floor":20},{"not_picked":["Auto Shields","Lockon","Coolheaded"],"picked":"SKIP","floor":21},{"not_picked":["Ball Lightning","Stack","Steam Power"],"picked":"SKIP","floor":27},{"not_picked":["Tempest","BootSequence","Go for the Eyes"],"picked":"SKIP","floor":28},{"not_picked":["Scrape","Sweeping Beam","Turbo","Hologram"],"picked":"SKIP","floor":29},{"not_picked":["Leap","hubris:Ukulele","Hello World"],"picked":"Go for the Eyes+1","floor":30},{"not_picked":["Darkness","Sweeping Beam","Undo+1","Steam"],"picked":"SKIP","floor":31},{"not_picked":["hubris:SpecializedCircuitry","Echo Form","Thunder Strike"],"picked":"Electrodynamics","floor":33},{"not_picked":["Blizzard+1","Hologram","Go for the Eyes","Compile Driver"],"picked":"SKIP","floor":35},{"not_picked":["Sunder+1","Turbo","Hello World"],"picked":"Defragment","floor":36},{"not_picked":["BootSequence","Tempest","Barrage","Coolheaded"],"picked":"SKIP","floor":37}],"player_experience":417672,"relics_obtained":[{"floor":7,"key":"Pocketwatch"},{"floor":9,"key":"Bottled Lightning"},{"floor":11,"key":"hubris:BottledRain"},{"floor":13,"key":"War Paint"},{"floor":26,"key":"Incense Burner"},{"floor":28,"key":"Question Card"},{"floor":30,"key":"hubris:TenFootPole"}],"event_choices":[{"damage_healed":0,"gold_gain":0,"player_choice":"Gave Potion","damage_taken":0,"relics_obtained":["Omamori"],"max_hp_gain":0,"max_hp_loss":0,"event_name":"WeMeetAgain","floor":3,"gold_loss":0},{"damage_healed":0,"gold_gain":0,"player_choice":"Stole Relic","damage_taken":0,"relics_obtained":["Calipers"],"max_hp_gain":0,"max_hp_loss":0,"event_name":"Addict","floor":22,"gold_loss":0,"cards_obtained":["Shame"]},{"damage_healed":0,"gold_gain":0,"player_choice":"Rummage","damage_taken":0,"relics_obtained":["WarpedTongs"],"max_hp_gain":0,"max_hp_loss":0,"event_name":"Accursed Blacksmith","floor":24,"gold_loss":0,"cards_obtained":["Pain"]}],"is_beta":false,"boss_relics":[{"not_picked":["FrozenCore","Empty Cage"],"picked":"Fusion Hammer"},{"not_picked":["Runic Pyramid","Philosopher\u0027s Stone"],"picked":"Velvet Choker"}],"items_purged_floors":[],"is_endless":false,"potions_floor_spawned":[1,7,11,16,18,20,28,30,33,35],"killed_by":"Transient","ascension_level":18}}