{"host":"ftwnpa9ceeptmrn1","time":1611651276,"event":{"mods":["Aspiration","BaseMod","Colored Map","Colored Powertips","Conspire","Hubris","Infinite Spire","Minty Spire (QoL Compilation)","Relic Stats","Replay The Spire","StSLib"],"gold_per_floor":[111,36,48,62,73,105,123,156,156,156,172,42,42,42,42,42,42],"floor_reached":16,"language":"ENG","playtime":1268,"items_purged":["Strike_R"],"score":123,"play_id":"069b9b54-b1a2-4b94-9d7c-f3ebaa64dfc5","local_time":"20210126025436","is_ascension_mode":true,"campfire_choices":[{"floor":15,"key":"REST"}],"circlet_count":0,"master_deck":["Strike_R","Strike_R","Strike_R","Defend_R+1","Defend_R","Defend_R","Defend_R","Bash","Disarm","Cleave","Havoc+1","Anger","Body Slam","conspire:HitWhereItHurts","True Grit","Battle Trance","Replay:BasicMightCard","Shrug It Off"],"relics":["Burning Blood","Replay:Wax Seal","War Paint","hubris:Towel"],"acts_visited":["Exordium"],"potions_floor_usage":[5,8,16],"damage_taken":[{"damage":1,"enemies":"2 Louse","floor":1,"turns":4},{"damage":5,"enemies":"Cultist","floor":3,"turns":5},{"damage":11,"enemies":"Jaw Worm","floor":4,"turns":6},{"damage":0,"enemies":"3 Louse","floor":5,"turns":1},{"damage":38,"enemies":"Lagavulin","floor":6,"turns":6},{"damage":12,"enemies":"Looter","floor":7,"turns":3},{"damage":28,"enemies":"Replay:BlueRogue","floor":8,"turns":5},{"damage":10,"enemies":"conspire:2 RoseBushes","floor":11,"turns":7},{"damage":55,"enemies":"Slime Boss","floor":16,"turns":9}],"seed_played":"-3847780284965642420","potions_obtained":[{"floor":3,"key":"Explosive Potion"},{"floor":6,"key":"Energy Potion"},{"floor":11,"key":"Cursed Concoction"}],"is_trial":false,"path_per_floor":["M","$","M","M","M","E","M","E","T","?","M","$","?","?","R","B"],"character_chosen":"IRONCLAD","items_purchased":["Replay:BasicMightCard","Shrug It Off"],"campfire_rested":1,"item_purchase_floors":[12,12],"current_hp_per_floor":[88,88,88,83,88,56,50,28,28,28,24,24,24,24,50,0,0],"gold":42,"neow_bonus":"TEN_PERCENT_HP_BONUS","is_daily":false,"chose_seed":false,"campfire_upgraded":0,"win_rate":0.0,"timestamp":1611651276,"path_taken":["M","$","M","M","M","E","M","E","T","?","?","$","?","?","R","BOSS"],"items_purchased_type":["Card","Card"],"build_version":"2020-12-22","purchased_purges":1,"victory":false,"max_hp_per_floor":[88,88,88,88,88,88,88,88,88,88,88,88,88,88,88,88,88],"relic_stats":{"counters":[9,46],"War Paint":["Havoc","Defend_R"],"obtain_stats":[{"Replay:Wax Seal":6,"War Paint":8,"hubris:Towel":14,"Burning Blood":0},{"Replay:Wax Seal":5,"War Paint":7,"hubris:Towel":8,"Burning Blood":0},{"Replay:Wax Seal":22,"War Paint":30,"hubris:Towel":37,"Burning Blood":0}],"Burning Blood":41},"card_choices":[{"not_picked":["Clash","Thunderclap"],"picked":"Disarm","floor":1},{"not_picked":["Havoc","ReplayTheSpireMod:Stacked"],"picked":"Cleave","floor":3},{"not_picked":["Heavy Blade","Thunderclap"],"picked":"Havoc","floor":4},{"not_picked":["Pommel Strike","Cleave"],"picked":"Anger","floor":5},{"not_picked":["Iron Wave","Perfected Strike"],"picked":"Body Slam","floor":6},{"not_picked":["ReplayTheSpireMod:Strike From Hell","Iron Wave"],"picked":"conspire:HitWhereItHurts","floor":7},{"not_picked":["Life Link","Offering"],"picked":"True Grit","floor":8},{"not_picked":["hubris:SharpeningStone","Heavy Blade"],"picked":"Battle Trance","floor":11}],"player_experience":240327,"relics_obtained":[{"floor":6,"key":"Replay:Wax Seal"},{"floor":8,"key":"War Paint"}],"event_choices":[{"cards_removed":["Strike_R"],"damage_healed":0,"gold_gain":0,"player_choice":"Purged","damage_taken":0,"max_hp_gain":0,"max_hp_loss":0,"event_name":"Purifier","floor":10,"gold_loss":0},{"damage_healed":0,"gold_gain":0,"player_choice":"Searched \u00270\u0027 times","damage_taken":0,"max_hp_gain":0,"max_hp_loss":0,"event_name":"Dead Adventurer","floor":13,"gold_loss":0}],"is_beta":false,"boss_relics":[],"items_purged_floors":[2],"is_endless":false,"potions_floor_spawned":[3,6,11],"killed_by":"Slime Boss","ascension_level":2}}