{"host":"lqpohq4gcbrqfekp","time":1611627874,"event":{"mods":["AchievementEnabler","BaseMod","BetterRewards","Colored Map","Colored Powertips","Highlight Path","Marisa????????","Minty Spire (QoL Compilation)","Shop Mod","StSLib","The Senshi"],"gold_per_floor":[119,138,138,138,149,183,183,200,200,211,211,231,231,231,231,330,330,347,262,361,361,227,227,243,254,302,314,349,349,384,48,48,152,152,169,183,195,210,259,259,259,284,284,57,57,57,57,74,74,74],"floor_reached":51,"language":"ENG","playtime":2083,"items_purged":["Dualcast","Strike_B","Strike_B"],"score":1126,"play_id":"5c552a27-3209-4c3e-a705-faa0fbee50c1","local_time":"20210126002434","is_ascension_mode":true,"campfire_choices":[{"floor":7,"key":"REST"},{"data":"Defragment","floor":11,"key":"SMITH"},{"floor":13,"key":"REST"},{"floor":15,"key":"REST"},{"data":"Echo Form","floor":23,"key":"SMITH"},{"floor":29,"key":"REST"},{"data":"Storm","floor":32,"key":"SMITH"},{"floor":40,"key":"REST"},{"floor":41,"key":"REST"},{"data":"Apotheosis","floor":47,"key":"SMITH"},{"data":"Creative AI","floor":49,"key":"SMITH"}],"circlet_count":0,"master_deck":["Strike_B+1","Defend_B","Defend_B","Defend_B+1","Defend_B","Zap","Chill","Conserve Battery","Glacier","Echo Form+1","Ball Lightning","Ball Lightning","BootSequence","Heatsinks","Defragment+1","Redo","Electrodynamics","Coolheaded","Capacitor","Cold Snap","Defragment","Seek","Storm+1","Steam Power","Force Field","Storm","Electrodynamics","Apotheosis+1","Skim","Creative AI+1","Cold Snap","Heatsinks","Glacier","Double Energy+1","Self Repair+1","Glacier"],"relics":["Cracked Core","Orrery","Prayer Wheel","Girya","Art of War","Mummified Hand","Centennial Puzzle","MerchantsRug","Vajra","Question Card","WingedGreaves","Empty Cage","Thread and Needle","DataDisk","Gremlin Horn","Runic Capacitor","Spirit Poop"],"acts_visited":["Exordium","TheCity","TheBeyond"],"potions_floor_usage":[12,24,30,39],"damage_taken":[{"damage":1,"enemies":"Cultist","floor":1,"turns":4},{"damage":0,"enemies":"Jaw Worm","floor":2,"turns":4},{"damage":0,"enemies":"Small Slimes","floor":5,"turns":4},{"damage":7,"enemies":"3 Sentries","floor":6,"turns":6},{"damage":17,"enemies":"Exordium Wildlife","floor":8,"turns":5},{"damage":0,"enemies":"2 Fungi Beasts","floor":10,"turns":3},{"damage":23,"enemies":"3 Louse","floor":12,"turns":3},{"damage":0,"enemies":"Hexaghost","floor":16,"turns":9},{"damage":15,"enemies":"Shell Parasite","floor":18,"turns":5},{"damage":8,"enemies":"3 Byrds","floor":24,"turns":4},{"damage":2,"enemies":"Sentry and Sphere","floor":25,"turns":3},{"damage":0,"enemies":"3 Cultists","floor":27,"turns":4},{"damage":18,"enemies":"Gremlin Leader","floor":28,"turns":4},{"damage":3,"enemies":"Book of Stabbing","floor":30,"turns":4},{"damage":12,"enemies":"Collector","floor":33,"turns":5},{"damage":15,"enemies":"Orb Walker","floor":35,"turns":3},{"damage":12,"enemies":"3 Shapes","floor":36,"turns":2},{"damage":3,"enemies":"Jaw Worm Horde","floor":37,"turns":3},{"damage":12,"enemies":"Writhing Mass","floor":38,"turns":4},{"damage":7,"enemies":"2 Orb Walkers","floor":39,"turns":3},{"damage":22,"enemies":"Giant Head","floor":42,"turns":8},{"damage":0,"enemies":"4 Shapes","floor":48,"turns":5},{"damage":8,"enemies":"Time Eater","floor":50,"turns":9}],"seed_played":"4353731036955117778","potions_obtained":[{"floor":1,"key":"LiquidMemories"},{"floor":2,"key":"Weak Potion"},{"floor":8,"key":"EssenceOfSteel"},{"floor":12,"key":"EssenceOfDarkness"},{"floor":16,"key":"EssenceOfSteel"},{"floor":24,"key":"Swift Potion"},{"floor":33,"key":"Weak Potion"},{"floor":38,"key":"FocusPotion"},{"floor":48,"key":"FocusPotion"}],"is_trial":false,"path_per_floor":["M","M","?","T","M","E","R","M","T","M","R","M","R","?","R","B",null,"M","?","?","?","$","R","M","M","T","M","E","R","E","$","R","B",null,"M","M","M","M","?","R","R","E","T","$","?","?","R","M","R","B",null],"character_chosen":"DEFECT","items_purchased":["Chill","Conserve Battery","Orrery","MerchantsRug","Apotheosis","Skim","Glacier","Runic Capacitor"],"campfire_rested":6,"item_purchase_floors":[0,0,0,22,31,31,44,44],"current_hp_per_floor":[61,61,46,46,46,39,61,44,44,44,44,21,43,25,47,47,75,60,60,60,60,60,60,52,50,50,50,32,54,51,51,51,39,75,60,48,45,33,26,48,70,58,58,58,58,58,58,68,68,60],"gold":74,"neow_bonus":"","is_daily":false,"chose_seed":false,"campfire_upgraded":5,"win_rate":0.0,"timestamp":1611627874,"path_taken":["M","?","?","?","M","E","R","M","T","M","R","?","R","?","R","BOSS","M","?","?","?","$","R","M","M","T","M","E","R","E","$","R","BOSS","M","M","M","?","?","R","R","E","T","$","?","?","R","?","R","BOSS"],"items_purchased_type":["Card","Card","Relic","Relic","Card","Card","Card","Relic"],"build_version":"2020-12-22","purchased_purges":3,"victory":true,"max_hp_per_floor":[75,75,75,75,75,75,75,75,75,75,75,75,75,75,75,75,75,75,75,75,75,75,75,75,75,75,75,75,75,75,75,75,75,75,75,75,75,75,75,75,75,75,75,75,75,72,72,72,72,72],"card_choices":[{"not_picked":["Sweeping Beam","Redo"],"picked":"Glacier","floor":0},{"not_picked":["Machine Learning","Conserve Battery"],"picked":"Echo Form","floor":0},{"not_picked":["Beam Cell","Capacitor"],"picked":"Ball Lightning","floor":0},{"not_picked":["Conserve Battery","Reinforced Body"],"picked":"Ball Lightning","floor":0},{"not_picked":["Beam Cell","Skim"],"picked":"BootSequence","floor":0},{"not_picked":["Hologram","Conserve Battery"],"picked":"Heatsinks","floor":1},{"not_picked":["Redo","Leap"],"picked":"Defragment","floor":2},{"not_picked":["Compile Driver","Gash"],"picked":"Redo","floor":5},{"not_picked":["Compile Driver","Tempest","Reinforced Body"],"picked":"SKIP","floor":5},{"not_picked":["Streamline","Leap"],"picked":"Static Discharge","floor":6},{"not_picked":["Auto Shields","Skim"],"picked":"Electrodynamics","floor":8},{"not_picked":["Conserve Battery","Barrage"],"picked":"Coolheaded","floor":8},{"not_picked":["Redo","Self Repair"],"picked":"Capacitor","floor":10},{"not_picked":["Sunder","Beam Cell"],"picked":"Cold Snap","floor":10},{"not_picked":["Heatsinks","Core Surge"],"picked":"Defragment","floor":12},{"not_picked":["Stack","Melter","Sweeping Beam"],"picked":"SKIP","floor":12},{"not_picked":["Thunder Strike","Multi-Cast"],"picked":"Seek","floor":16},{"not_picked":["Double Energy+1","Loop"],"picked":"Storm","floor":18},{"not_picked":["Beam Cell","Genetic Algorithm","Reinforced Body"],"picked":"SKIP","floor":18},{"not_picked":["Genetic Algorithm+1","Ball Lightning"],"picked":"Steam Power","floor":24},{"not_picked":["Rebound","Leap+1","Barrage+1"],"picked":"SKIP","floor":24},{"not_picked":["Hologram","Turbo"],"picked":"Force Field","floor":25},{"not_picked":["Sunder+1","Turbo+1","Ball Lightning+1"],"picked":"SKIP","floor":25},{"not_picked":["Ball Lightning","Coolheaded"],"picked":"Storm","floor":27},{"not_picked":["Leap","Hologram"],"picked":"Electrodynamics","floor":27},{"not_picked":["Gash","Sweeping Beam","Conserve Battery"],"picked":"SKIP","floor":28},{"not_picked":["Redo+1","Hello World","Steam"],"picked":"Electrodynamics","floor":30},{"not_picked":["Biased Cognition","Echo Form","Rainbow"],"picked":"Creative AI","floor":33},{"not_picked":["Go for the Eyes","Storm","Reprogram"],"picked":"Cold Snap","floor":35},{"not_picked":["Ball Lightning+1","Static Discharge","Sweeping Beam+1","Echo Form"],"picked":"SKIP","floor":35},{"not_picked":["Hologram+1","Force Field+1","Sweeping Beam+1"],"picked":"Heatsinks","floor":36},{"not_picked":["Ball Lightning","Chaos+1","Storm+1"],"picked":"Glacier","floor":36},{"not_picked":["Doom and Gloom","Fusion","Beam Cell+1"],"picked":"Double Energy+1","floor":37},{"not_picked":["Turbo","Compile Driver","Stack","Undo+1"],"picked":"SKIP","floor":37},{"not_picked":["Storm","White Noise+1","Scrape","Redo+1"],"picked":"SKIP","floor":38},{"not_picked":["Sunder","Streamline+1","White Noise","Redo+1"],"picked":"SKIP","floor":38},{"not_picked":["Go for the Eyes","Steam+1","Stack+1"],"picked":"Self Repair+1","floor":39},{"not_picked":["Chaos","White Noise","Hologram","Sweeping Beam"],"picked":"SKIP","floor":42},{"not_picked":["Go for the Eyes+1","Redo","Turbo","Stack"],"picked":"SKIP","floor":48},{"not_picked":["Steam","Biased Cognition","Rebound","Redo+1"],"picked":"SKIP","floor":48}],"player_experience":144140,"relics_obtained":[{"floor":4,"key":"Prayer Wheel"},{"floor":6,"key":"Girya"},{"floor":9,"key":"Art of War"},{"floor":26,"key":"Vajra"},{"floor":28,"key":"Question Card"},{"floor":30,"key":"WingedGreaves"},{"floor":39,"key":"Thread and Needle"},{"floor":42,"key":"DataDisk"},{"floor":43,"key":"Gremlin Horn"}],"event_choices":[{"damage_healed":0,"gold_gain":0,"player_choice":"Entered Light","damage_taken":15,"max_hp_gain":0,"max_hp_loss":0,"event_name":"Shining Light","floor":3,"gold_loss":0,"cards_upgraded":["Defend_B","Strike_B"]},{"damage_healed":0,"gold_gain":0,"player_choice":"Success","damage_taken":18,"relics_obtained":["Mummified Hand"],"max_hp_gain":0,"max_hp_loss":0,"event_name":"Scrap Ooze","floor":14,"gold_loss":0},{"damage_healed":0,"gold_gain":0,"player_choice":"Obtained Relic","damage_taken":0,"relics_obtained":["Centennial Puzzle"],"max_hp_gain":0,"max_hp_loss":0,"event_name":"Addict","floor":19,"gold_loss":85},{"damage_healed":0,"gold_gain":99,"player_choice":"Stole From Cult","damage_taken":0,"max_hp_gain":0,"max_hp_loss":0,"event_name":"Nest","floor":20,"gold_loss":0},{"damage_healed":0,"gold_gain":0,"player_choice":"Got Potions","damage_taken":0,"max_hp_gain":0,"max_hp_loss":0,"event_name":"Lab","floor":21,"gold_loss":0},{"damage_healed":0,"gold_gain":0,"player_choice":"Fight","damage_taken":0,"max_hp_gain":0,"max_hp_loss":0,"event_name":"Mysterious Sphere","floor":39,"gold_loss":0},{"cards_removed":["Static Discharge"],"damage_healed":0,"gold_gain":0,"player_choice":"Removed Power","damage_taken":0,"max_hp_gain":0,"max_hp_loss":0,"event_name":"Falling","floor":45,"gold_loss":0},{"cards_removed":["Parasite"],"damage_healed":0,"gold_gain":0,"player_choice":"Offered Curse","damage_taken":0,"relics_obtained":["Spirit Poop"],"max_hp_gain":0,"max_hp_loss":0,"event_name":"Bonfire Elementals","floor":46,"gold_loss":0}],"is_beta":false,"boss_relics":[{"not_picked":["Pandora\u0027s Box","SlaversCollar"],"picked":"Runic Dome"},{"not_picked":["Nuclear Battery","Snecko Eye"],"picked":"Empty Cage"}],"items_purged_floors":[0,22,31],"is_endless":false,"potions_floor_spawned":[1,2,8,12,16,24,25,27,33,38,48],"ascension_level":3}}