{"host":"5v9rfzf5qju8k9wy","time":1611664310,"event":{"mods":["Act Like it!","BaseMod","Downfall","Gensokyo","Hermit","Koishi","Marisa£®ÏF”Í°°ƒß¿Ì…≥£©","Minty Spire (QoL Compilation)","StSLib","The Cursed"],"gold_per_floor":[99,99,163,163,163,197,221,239,139,154,172,172,172,172,190,295,295,295,295,295,295],"floor_reached":19,"language":"ZHS","playtime":4399,"items_purged":[],"score":188,"play_id":"744112e9-4cad-487e-b1f4-87b14b5b195c","local_time":"20210126203150","is_ascension_mode":false,"campfire_choices":[{"data":"sneckomod:SnekBite","floor":1,"key":"SMITH"},{"data":"sneckomod:CheapStock","floor":13,"key":"SMITH"},{"data":"sneckomod:SoulExchange","floor":18,"key":"SMITH"}],"circlet_count":0,"master_deck":["sneckomod:Strike","sneckomod:Strike","sneckomod:Strike","sneckomod:Defend","sneckomod:Defend","sneckomod:Defend","sneckomod:TailWhip","sneckomod:SnekBite+1","sneckomod:Unknown","sneckomod:UnendingSupply","sneckomod:QuickBite","sneckomod:SnakeSap","sneckomod:UnknownUncommonPower","sneckomod:CheapStock+1","Rip and Tear","sneckomod:UnknownExhaust","sneckomod:SoulDraw","sneckomod:SoulExchange+1","sneckomod:UnknownClassBLUE","sneckomod:UnknownClassBLUE","sneckomod:UnknownClassBLUE","sneckomod:UnknownClassBLUE","sneckomod:UnknownClassBLUE"],"relics":["sneckomod:SneckoSoul","downfall:HeartsMalice","Akabeko","downfall:ShatteredFragment","Lantern","Potion Belt","downfall:HeartBlessingGreen","PreservedInsect","sneckomod:SneckoBoss"],"acts_visited":["Exordium","TheCity"],"potions_floor_usage":[8,16,16],"damage_taken":[{"damage":0,"enemies":"Cultist","floor":2,"turns":1},{"damage":0,"enemies":"Gremlin Nob","floor":3,"turns":1},{"damage":0,"enemies":"2 Louse","floor":5,"turns":1},{"damage":35,"enemies":"3 Sentries","floor":6,"turns":7},{"damage":0,"enemies":"Jaw Worm","floor":8,"turns":2},{"damage":0,"enemies":"Exordium Wildlife","floor":10,"turns":2},{"damage":0,"enemies":"3 Louse","floor":11,"turns":1},{"damage":0,"enemies":"2 Fungi Beasts","floor":15,"turns":2},{"damage":60,"enemies":"WA_ARCHETYPE_RETAIN","floor":16,"turns":7},{"damage":3,"enemies":"Spheric Guardian","floor":19,"turns":3}],"seed_played":"4341201235893179320","potions_obtained":[{"floor":3,"key":"Energy Potion"},{"floor":6,"key":"champ:CounterPotion"},{"floor":8,"key":"Fruit Juice"},{"floor":10,"key":"Swift Potion"},{"floor":15,"key":"Regen Potion"}],"is_trial":false,"path_per_floor":["R","M","?","?","M","E","T","M","R","M","M","?","R","?","M","B",null,"R","M"],"character_chosen":"THE_SNECKO","items_purchased":[],"campfire_rested":0,"item_purchase_floors":[],"current_hp_per_floor":[90,90,90,69,69,41,41,46,46,46,46,51,51,48,48,3,100,100,97,97,97],"gold":295,"neow_bonus":"THREE_ENEMY_KILL","is_daily":false,"chose_seed":false,"campfire_upgraded":3,"win_rate":0.0,"timestamp":1611664310,"path_taken":["R","?","?","?","M","E","T","M","R","M","?","?","R","?","M","BOSS","R","M"],"items_purchased_type":[],"build_version":"2020-12-22","purchased_purges":0,"victory":false,"max_hp_per_floor":[90,90,90,90,90,90,90,95,95,95,95,100,100,100,100,100,100,100,100,100,100],"card_choices":[{"not_picked":["sneckomod:WideSting","sneckomod:UnknownCommonAttack"],"picked":"sneckomod:UnendingSupply","floor":2},{"not_picked":["sneckomod:DiceBoulder","sneckomod:RainOfDice"],"picked":"sneckomod:QuickBite","floor":3},{"not_picked":["sneckomod:UnknownBlock","sneckomod:SoulDraw"],"picked":"sneckomod:SnakeSap","floor":5},{"not_picked":["sneckomod:ImprovisedGuard","sneckomod:ImprovisedAttack"],"picked":"sneckomod:UnknownUncommonPower","floor":6},{"not_picked":["sneckomod:DefensiveFlair","sneckomod:Nope"],"picked":"sneckomod:CheapStock","floor":8},{"not_picked":["sneckomod:Unknown1Cost","sneckomod:QuickMove"],"picked":"sneckomod:UnknownExhaust","floor":10},{"not_picked":["sneckomod:RainOfDice","sneckomod:QuickBite","sneckomod:Unknown1Cost"],"picked":"SKIP","floor":11},{"not_picked":["sneckomod:DefensiveFlair","sneckomod:UnknownWeak"],"picked":"sneckomod:SoulDraw","floor":15},{"not_picked":["sneckomod:Mudshield","sneckomod:UnknownBoss"],"picked":"sneckomod:SoulExchange","floor":16}],"player_experience":116077,"relics_obtained":[{"floor":3,"key":"Akabeko"},{"floor":6,"key":"Lantern"},{"floor":7,"key":"Potion Belt"}],"event_choices":[{"damage_healed":0,"gold_gain":0,"player_choice":"Donut","damage_taken":0,"max_hp_gain":5,"max_hp_loss":0,"event_name":"Big Fish","floor":12,"gold_loss":0},{"damage_healed":0,"gold_gain":0,"player_choice":"Success","damage_taken":3,"relics_obtained":["PreservedInsect"],"max_hp_gain":0,"max_hp_loss":0,"event_name":"Scrap Ooze","floor":14,"gold_loss":0}],"is_beta":false,"boss_relics":[{"not_picked":["Empty Cage","Black Star"],"picked":"sneckomod:SneckoBoss"}],"items_purged_floors":[],"is_endless":false,"potions_floor_spawned":[3,6,8,10,15],"killed_by":"Spheric Guardian","ascension_level":0}}