{"host":"rhakyh2m1vy6smuu","time":1611682433,"event":{"mods":["BaseMod","Downfall","Minty Spire (QoL Compilation)","StSLib"],"gold_per_floor":[99,109,124,135,151,151,151,180,180,193,220,238,238,256,276,276,276,276],"floor_reached":16,"language":"ENG","playtime":1625,"items_purged":[],"score":122,"play_id":"379eca81-b5bd-4df4-a4a1-38f499415812","local_time":"20210126103353","is_ascension_mode":true,"campfire_choices":[{"data":"bronze:Replicate","floor":1,"key":"SMITH"},{"data":"bronze:FineTuning","floor":9,"key":"SMITH"},{"floor":13,"key":"REST"}],"circlet_count":0,"master_deck":["bronze:Strike","bronze:Strike","bronze:Defend","bronze:Defend","bronze:Defend","bronze:Defend","bronze:Replicate+1","bronze:Goto","bronze:Overheat","bronze:Deprecate","bronze:FineTuning+1","bronze:ClassDefault","bronze:WhirlingStrike","bronze:Invalidate","bronze:ChosenStrike","bronze:Break","bronze:Philosophize","bronze:BronzeOrb"],"relics":["Empty Cage","StoneCalendar","Girya","Singing Bowl"],"acts_visited":["Exordium"],"potions_floor_usage":[10],"damage_taken":[{"damage":1,"enemies":"Cultist","floor":2,"turns":3},{"damage":0,"enemies":"Small Slimes","floor":3,"turns":3},{"damage":0,"enemies":"2 Louse","floor":4,"turns":2},{"damage":13,"enemies":"Exordium Thugs","floor":5,"turns":6},{"damage":16,"enemies":"Lagavulin","floor":8,"turns":7},{"damage":6,"enemies":"Exordium Wildlife","floor":10,"turns":2},{"damage":19,"enemies":"3 Sentries","floor":11,"turns":5},{"damage":7,"enemies":"Blue Slaver","floor":12,"turns":3},{"damage":6,"enemies":"3 Louse","floor":14,"turns":3},{"damage":14,"enemies":"Blue Slaver","floor":15,"turns":4},{"damage":54,"enemies":"IC_STATUS_ARCHETYPE","floor":16,"turns":4}],"seed_played":"4404759610521351645","potions_obtained":[{"floor":4,"key":"SteroidPotion"},{"floor":8,"key":"Explosive Potion"},{"floor":10,"key":"SpeedPotion"},{"floor":15,"key":"FairyPotion"}],"is_trial":false,"path_per_floor":["R","M","M","M","M","?","T","E","R","M","E","M","R","M","M","B"],"character_chosen":"THE_AUTOMATON","items_purchased":[],"campfire_rested":1,"item_purchase_floors":[],"current_hp_per_floor":[70,69,69,69,56,56,56,40,40,34,15,8,29,23,9,0,0,0],"gold":276,"neow_bonus":"BOSS_RELIC","is_daily":false,"chose_seed":false,"campfire_upgraded":2,"win_rate":0.0,"timestamp":1611682433,"path_taken":["R","M","M","M","M","?","T","E","R","M","E","M","R","M","M","BOSS"],"items_purchased_type":[],"build_version":"2020-12-22","purchased_purges":0,"victory":false,"max_hp_per_floor":[70,70,70,70,70,70,70,70,70,70,70,70,70,70,70,70,70,70],"card_choices":[{"not_picked":["bronze:DelayedGuard","bronze:Branch"],"picked":"bronze:Overheat","floor":2},{"not_picked":["bronze:Iterate","bronze:BuggyMess"],"picked":"bronze:Deprecate","floor":3},{"not_picked":["bronze:MaxOutput","bronze:Branch"],"picked":"bronze:FineTuning","floor":4},{"not_picked":["bronze:Constructor","bronze:Frontload"],"picked":"bronze:ClassDefault","floor":5},{"not_picked":["bronze:Branch","bronze:BuggyMess"],"picked":"bronze:WhirlingStrike","floor":8},{"not_picked":["bronze:Turbo","bronze:BronzeArmor"],"picked":"bronze:Invalidate","floor":10},{"not_picked":["bronze:Deprecate","bronze:FollowUp"],"picked":"bronze:ChosenStrike","floor":11},{"not_picked":["bronze:Turbo","bronze:MaxOutput"],"picked":"bronze:Break","floor":12},{"not_picked":["bronze:ItsAFeature","bronze:Deprecate"],"picked":"bronze:Philosophize","floor":14},{"not_picked":["bronze:Frontload","bronze:ForceShield"],"picked":"bronze:BronzeOrb","floor":15}],"player_experience":1645781,"relics_obtained":[{"floor":7,"key":"StoneCalendar"},{"floor":8,"key":"Girya"},{"floor":11,"key":"Singing Bowl"}],"event_choices":[],"is_beta":false,"boss_relics":[],"items_purged_floors":[],"is_endless":false,"potions_floor_spawned":[4,8,10,15],"killed_by":"IC_STATUS_ARCHETYPE","ascension_level":1}}