{"host":"7s9cy3ihj997zbmc","time":1611674439,"event":{"mods":["Act Like it!","BaseMod","Card Filter","Custom Start","Downfall","Highlight Path","Minty Spire (QoL Compilation)","Permanent Neow","Quick Restart","Relic Filter","Relic Sorter","StSLib","SuperFastMode"],"gold_per_floor":[99,99,99,113,213,213,236,298,313,323,358,258,334,163,177,177,177,177],"floor_reached":16,"language":"ZHS","playtime":626,"items_purged":["Regret"],"score":100,"play_id":"e84749bb-8183-487c-abbf-1505c47d9a97","local_time":"20210126232039","is_ascension_mode":false,"campfire_choices":[{"data":"champ:HoldFirm","floor":1,"key":"SMITH"},{"data":"champ:FocusedDefense","floor":6,"key":"SMITH"},{"data":"champ:FalseCounter","floor":12,"key":"SMITH"}],"circlet_count":0,"master_deck":["champ:Strike","champ:Strike","champ:Strike","champ:Strike","champ:Defend","champ:Defend","champ:Defend","champ:Defend","champ:Execute","champ:Taunt","champ:HoldFirm+1","champ:BringItOn","champ:FocusedDefense+1","champ:SkillfulDodge","champ:FalseCounter+1","expansioncontent:Chronoboost"],"relics":["champ:ChampionCrown","Torii","downfall:CloakOfManyFaces","CultistMask","FaceOfCleric","NlothsMask","GremlinMask","SsserpentHead","Omamori","downfall:HeartBlessingGreen"],"acts_visited":["Exordium"],"potions_floor_usage":[10,16],"damage_taken":[{"damage":13,"enemies":"Cultist","floor":4,"turns":4},{"damage":76,"enemies":"downfall:FaceTrader","floor":5,"turns":15},{"damage":7,"enemies":"2 Louse","floor":8,"turns":3},{"damage":1,"enemies":"Jaw Worm","floor":9,"turns":3},{"damage":12,"enemies":"Exordium Thugs","floor":10,"turns":6},{"damage":32,"enemies":"3 Sentries","floor":11,"turns":10},{"damage":6,"enemies":"downfall:FleeingMerchant","floor":14,"turns":4},{"damage":6,"enemies":"Large Slime","floor":15,"turns":8},{"damage":21,"enemies":"DF_ARCHETYPE_STREAMLINE","floor":16,"turns":9}],"seed_played":"-6103199147981577975","potions_obtained":[{"floor":5,"key":"Dexterity Potion"},{"floor":8,"key":"Ancient Potion"},{"floor":10,"key":"SmokeBomb"},{"floor":15,"key":"EssenceOfSteel"}],"is_trial":false,"path_per_floor":["R","?","?","M","?","R","T","M","M","M","E","R","T","$","M","B"],"character_chosen":"THE_CHAMP","items_purchased":["expansioncontent:Chronoboost"],"campfire_rested":0,"item_purchase_floors":[14],"current_hp_per_floor":[81,81,81,78,42,42,42,41,41,40,24,24,24,24,24,3,3,3],"gold":177,"neow_bonus":"THREE_RARE_CARDS","is_daily":false,"chose_seed":false,"campfire_upgraded":3,"win_rate":0.0,"timestamp":1611674439,"path_taken":["R","?","?","M","?","R","T","?","M","M","E","R","?","$","M","BOSS"],"items_purchased_type":["Card"],"build_version":"2020-12-22","purchased_purges":1,"victory":false,"max_hp_per_floor":[81,81,81,81,81,81,81,82,83,84,85,85,85,86,87,87,87,87],"card_choices":[{"not_picked":["champ:HeavySlash","champ:TripleStrike"],"picked":"champ:HoldFirm","floor":0},{"not_picked":["champ:CrownThrow","champ:DeathBlow"],"picked":"champ:BringItOn","floor":4},{"not_picked":["champ:CalledShot","champ:CrownThrow"],"picked":"champ:FocusedDefense","floor":5},{"not_picked":["champ:FaceSlap","champ:PreciseThrust"],"picked":"champ:SkillfulDodge","floor":8},{"not_picked":["champ:GutPunch","champ:Haymaker","champ:FlashCut"],"picked":"SKIP","floor":9},{"not_picked":["champ:FlashCut","champ:GutPunch"],"picked":"champ:FalseCounter","floor":10},{"not_picked":["champ:PreciseThrust","champ:RecklessLeap","champ:SwordThrow"],"picked":"SKIP","floor":11},{"not_picked":["champ:StrikeOfGenius","champ:RapidStrikes","champ:FlashCut"],"picked":"SKIP","floor":14},{"not_picked":["champ:FlashCut","champ:Circumvent","champ:Duel"],"picked":"SKIP","floor":15}],"player_experience":334992,"relics_obtained":[{"floor":5,"key":"downfall:CloakOfManyFaces"},{"floor":11,"key":"Omamori"}],"event_choices":[{"damage_healed":0,"gold_gain":0,"player_choice":"Box","damage_taken":0,"relics_obtained":["Torii"],"max_hp_gain":0,"max_hp_loss":0,"event_name":"Big Fish","floor":3,"gold_loss":0,"cards_obtained":["Regret"]}],"is_beta":false,"boss_relics":[],"items_purged_floors":[14],"is_endless":false,"potions_floor_spawned":[5,8,10,15],"killed_by":"DF_ARCHETYPE_STREAMLINE","ascension_level":0}}