{"host":"vyjryxuuuxkt43k4","time":1611624399,"event":{"mods":["AchievementEnabler","BaseMod","Colored Map","DeckTracker","Keyboard Shortcuts","Minty Spire (QoL Compilation)","Permanent Neow","Quick Restart","Rare Cards Sparkle","StSLib","SuperFastMode","everything is the same but u backflip on backflip"],"gold_per_floor":[361,372,386,112,112,112,139,139,189,189,189],"floor_reached":10,"language":"KOR","playtime":463,"items_purged":["Strike_R"],"score":132,"play_id":"fd320646-b671-4a04-8db1-b767125b4d47","local_time":"20210126102639","is_ascension_mode":true,"campfire_choices":[{"data":"Whirlwind","floor":6.0,"key":"SMITH"}],"circlet_count":0,"master_deck":["AscendersBane","Strike_R","Strike_R","Strike_R","Defend_R","Defend_R","Defend_R","Defend_R","Bash","Whirlwind+1","Shrug It Off","Blood for Blood","Trip"],"relics":["Burning Blood","Dream Catcher","Pocketwatch","Bronze Scales"],"acts_visited":["Exordium"],"potions_floor_usage":[],"damage_taken":[{"damage":6.0,"enemies":"Cultist","floor":1.0,"turns":3.0},{"damage":0.0,"enemies":"Small Slimes","floor":2.0,"turns":2.0},{"damage":23.0,"enemies":"Jaw Worm","floor":3.0,"turns":5.0},{"damage":27.0,"enemies":"Lagavulin","floor":7.0,"turns":5.0},{"damage":22,"enemies":"3 Sentries","floor":10,"turns":4}],"seed_played":"-899064979817350270","potions_obtained":[{"floor":3.0,"key":"ColorlessPotion"}],"is_trial":false,"path_per_floor":["M","M","M","$","?","R","E","?","T","E"],"character_chosen":"IRONCLAD","items_purchased":["Blood for Blood","Trip","SteroidPotion"],"campfire_rested":0,"item_purchase_floors":[4,4,4],"current_hp_per_floor":[68,68,51,51,40,40,19,19,19,0,0],"gold":189,"neow_bonus":"TWO_FIFTY_GOLD","is_daily":false,"chose_seed":false,"campfire_upgraded":1,"win_rate":0.0,"timestamp":1611624399,"path_taken":["M","M","?","$","?","R","E","?","T","E"],"items_purchased_type":["Card","Card","Potion"],"build_version":"2020-12-22","purchased_purges":1,"victory":false,"max_hp_per_floor":[68,68,68,68,68,68,68,68,68,68,68],"card_choices":[{"not_picked":["Pommel Strike","Heavy Blade"],"picked":"Whirlwind","floor":1.0},{"not_picked":["Thunderclap","Armaments"],"picked":"Shrug It Off","floor":2.0},{"not_picked":["Evolve","Entrench","Warcry"],"picked":"SKIP","floor":3.0},{"not_picked":["Warcry","Havoc","Corruption"],"picked":"SKIP","floor":7.0}],"player_experience":349437,"relics_obtained":[{"floor":7.0,"key":"Pocketwatch"},{"floor":9.0,"key":"Bronze Scales"}],"event_choices":[{"damage_healed":0.0,"max_hp_gain":0.0,"max_hp_loss":0.0,"gold_gain":0.0,"event_name":"Scrap Ooze","player_choice":"Success","floor":5.0,"gold_loss":0.0,"damage_taken":11.0,"relics_obtained":["Dream Catcher"]},{"cards_removed":["Strike_R"],"damage_healed":0.0,"max_hp_gain":0.0,"max_hp_loss":0.0,"gold_gain":0.0,"event_name":"Living Wall","player_choice":"Forget","floor":8.0,"gold_loss":0.0,"damage_taken":0.0}],"is_beta":false,"boss_relics":[],"items_purged_floors":[4],"is_endless":false,"potions_floor_spawned":[3],"killed_by":"3 Sentries","ascension_level":20}}