{"host":"88sw61cmk1203zgj","time":1611632719,"event":{"mods":["BaseMod","Minty Spire (QoL Compilation)"],"gold_per_floor":[116,116,129,129,146,146,146,146,223,242,271,291,43,57,57,131,131,148,247,247,264,283,283,293,327,327,337,337,87,87,87,87,158,158,175,187,187,187,187,220,142,160,160,187,187,187],"floor_reached":45,"language":"ENG","playtime":2903,"items_purged":["Strike_G"],"score":937,"play_id":"bbf1fc4a-fa69-4b17-81d5-9d4294ea30d9","local_time":"20210125224519","is_ascension_mode":true,"campfire_choices":[{"data":"Dash","floor":6.0,"key":"SMITH"},{"data":"Neutralize","floor":8.0,"key":"SMITH"},{"data":"Noxious Fumes","floor":15.0,"key":"SMITH"},{"data":"Envenom","floor":23,"key":"SMITH"},{"data":"Apotheosis","floor":30,"key":"SMITH"},{"floor":32,"key":"REST"}],"circlet_count":0,"master_deck":["AscendersBane","Survivor","Neutralize+1","Blade Dance+1","Dash+1","Noxious Fumes+1","Dagger Throw","Infinite Blades","Footwork","Cloak And Dagger","PiercingWail","Leg Sweep","Envenom+1","Backstab","Riddle With Holes","Wraith Form v2","Riddle With Holes","Slice","Acrobatics","Night Terror","Finisher","Deflect+1","Caltrops","Accuracy","Die Die Die+1","Terror","Apotheosis+1","Calculated Gamble","Night Terror","Acrobatics+1","Expertise","Leg Sweep","Catalyst"],"relics":["WristBlade","Pear","Mummified Hand","Ancient Tea Set","Pandora\u0027s Box","Nunchaku","Akabeko","Molten Egg 2","Sozu","Bronze Scales","Bag of Preparation"],"acts_visited":["Exordium","TheCity","TheBeyond"],"potions_floor_usage":[18,22,45],"damage_taken":[{"damage":2.0,"enemies":"Jaw Worm","floor":1.0,"turns":5.0},{"damage":0.0,"enemies":"Small Slimes","floor":3.0,"turns":3.0},{"damage":0.0,"enemies":"2 Louse","floor":5.0,"turns":1.0},{"damage":1.0,"enemies":"Exordium Wildlife","floor":10.0,"turns":3.0},{"damage":5.0,"enemies":"3 Sentries","floor":11.0,"turns":6.0},{"damage":0.0,"enemies":"Looter","floor":12.0,"turns":1.0},{"damage":0.0,"enemies":"Blue Slaver","floor":14.0,"turns":4.0},{"damage":0.0,"enemies":"Slime Boss","floor":16.0,"turns":8.0},{"damage":11,"enemies":"Chosen","floor":18,"turns":5},{"damage":1,"enemies":"Shell Parasite","floor":21,"turns":2},{"damage":0,"enemies":"Cultist and Chosen","floor":22,"turns":3},{"damage":0,"enemies":"Snecko","floor":24,"turns":3},{"damage":0,"enemies":"Gremlin Leader","floor":25,"turns":6},{"damage":6,"enemies":"3 Cultists","floor":27,"turns":3},{"damage":25,"enemies":"Automaton","floor":33,"turns":7},{"damage":0,"enemies":"3 Darklings","floor":35,"turns":4},{"damage":18,"enemies":"3 Shapes","floor":36,"turns":4},{"damage":39,"enemies":"Nemesis","floor":40,"turns":5},{"damage":1,"enemies":"Spire Growth","floor":42,"turns":4},{"damage":4,"enemies":"Reptomancer","floor":44,"turns":6},{"damage":17,"enemies":"Writhing Mass","floor":45,"turns":3}],"seed_played":"-3419489522381747805","potions_obtained":[{"floor":3.0,"key":"Weak Potion"},{"floor":5.0,"key":"LiquidMemories"},{"floor":12.0,"key":"FearPotion"},{"floor":18,"key":"Fire Potion"},{"floor":21,"key":"Block Potion"},{"floor":22,"key":"Fruit Juice"}],"is_trial":false,"path_per_floor":["M","?","M","?","M","R","?","R","T","M","E","M","$","M","R","B",null,"M","?","T","M","M","R","M","E","T","M","?","$","R","?","R","B",null,"M","M","$","?","?","E","$","M","T","E","M"],"character_chosen":"THE_SILENT","items_purchased":["Footwork","Cloak And Dagger","PiercingWail","Apotheosis","Calculated Gamble","Leg Sweep"],"campfire_rested":1,"item_purchase_floors":[13,13,13,29,29,41],"current_hp_per_floor":[61,61,61,61,61,61,64,64,64,63,58,58,58,58,58,58,75,64,64,64,63,63,63,63,63,63,57,57,57,57,57,80,55,74,74,56,56,56,56,17,17,16,16,12,0,0],"gold":187,"neow_bonus":"BOSS_RELIC","is_daily":false,"chose_seed":false,"campfire_upgraded":5,"win_rate":0.0,"timestamp":1611632719,"path_taken":["M","?","M","?","M","R","?","R","T","M","E","M","$","M","R","BOSS","M","?","?","M","M","R","M","E","T","M","?","$","R","?","R","BOSS","M","M","$","?","?","E","$","M","T","E","M"],"items_purchased_type":["Card","Card","Card","Card","Card","Card"],"build_version":"2020-12-22","purchased_purges":1,"victory":false,"max_hp_per_floor":[70,70,70,70,70,70,80,80,80,80,80,80,80,80,80,80,80,80,80,80,80,80,80,80,80,80,80,80,80,80,80,80,80,80,80,80,80,76,76,76,76,76,76,76,81,81],"card_choices":[{"not_picked":["Slice","Setup"],"picked":"Blade Dance","floor":1.0},{"not_picked":["Flying Knee","Reflex"],"picked":"Dash","floor":3.0},{"not_picked":["Prepared","Bouncing Flask","Infinite Blades"],"picked":"SKIP","floor":5.0},{"not_picked":["Poisoned Stab","Acrobatics"],"picked":"Noxious Fumes","floor":10.0},{"not_picked":["Reflex","Eviscerate"],"picked":"Dagger Throw","floor":11.0},{"not_picked":["Dagger Spray","Flying Knee"],"picked":"Infinite Blades","floor":12.0},{"not_picked":["Deflect","Acrobatics"],"picked":"Leg Sweep","floor":14.0},{"not_picked":["Grand Finale","Bullet Time"],"picked":"Envenom","floor":16.0},{"not_picked":["Endless Agony","Backstab"],"picked":"Finisher","floor":18},{"not_picked":["Acrobatics","Underhanded Strike"],"picked":"Deflect+1","floor":21},{"not_picked":["Slice","Tactician","Poisoned Stab"],"picked":"SKIP","floor":22},{"not_picked":["Slice","Tactician","Poisoned Stab"],"picked":"SKIP","floor":22},{"not_picked":["Underhanded Strike","Dagger Spray+1","Deadly Poison"],"picked":"SKIP","floor":24},{"not_picked":["Acrobatics","Bouncing Flask+1"],"picked":"Caltrops","floor":25},{"not_picked":["Infinite Blades","Quick Slash+1"],"picked":"Accuracy","floor":27},{"not_picked":["Malaise","Glass Knife+1"],"picked":"Night Terror","floor":33},{"not_picked":["Bouncing Flask+1","Concentrate","Dagger Spray+1"],"picked":"SKIP","floor":35},{"not_picked":["Quick Slash+1","Poisoned Stab+1"],"picked":"Acrobatics+1","floor":36},{"not_picked":["Caltrops","Infinite Blades"],"picked":"Expertise","floor":40},{"not_picked":["Riddle With Holes+1","Underhanded Strike+1"],"picked":"Catalyst","floor":42},{"not_picked":["Caltrops","All Out Attack+1","Tactician"],"picked":"SKIP","floor":44}],"player_experience":1521246,"relics_obtained":[{"floor":9.0,"key":"Mummified Hand"},{"floor":11.0,"key":"Ancient Tea Set"},{"floor":20,"key":"Nunchaku"},{"floor":25,"key":"Akabeko"},{"floor":26,"key":"Molten Egg 2"},{"floor":40,"key":"Bronze Scales"},{"floor":44,"key":"Bag of Preparation"}],"event_choices":[{"damage_healed":0.0,"max_hp_gain":0.0,"max_hp_loss":0.0,"gold_gain":0.0,"event_name":"Liars Game","player_choice":"Ignored","floor":2.0,"gold_loss":0.0,"damage_taken":0.0},{"damage_healed":0.0,"max_hp_gain":0.0,"max_hp_loss":0.0,"gold_gain":0.0,"event_name":"Living Wall","player_choice":"Grow","floor":4.0,"gold_loss":0.0,"damage_taken":0.0,"cards_upgraded":["Blade Dance"]},{"damage_healed":0.0,"max_hp_gain":0.0,"max_hp_loss":0.0,"gold_gain":0.0,"event_name":"Scrap Ooze","player_choice":"Success","floor":7.0,"gold_loss":0.0,"damage_taken":7.0,"relics_obtained":["Pear"]},{"damage_healed":0,"gold_gain":99,"player_choice":"Stole From Cult","damage_taken":0,"max_hp_gain":0,"max_hp_loss":0,"event_name":"Nest","floor":19,"gold_loss":0},{"damage_healed":0,"gold_gain":0,"cards_transformed":["Bullet Time","Choke"],"player_choice":"Became Test Subject","damage_taken":0,"max_hp_gain":0,"max_hp_loss":0,"event_name":"Drug Dealer","floor":28,"gold_loss":0,"cards_obtained":["Die Die Die","Terror"]},{"damage_healed":0,"gold_gain":0,"player_choice":"Ignored","damage_taken":0,"max_hp_gain":0,"max_hp_loss":0,"event_name":"Vampires","floor":31,"gold_loss":0},{"damage_healed":0,"gold_gain":0,"player_choice":"Max HP","damage_taken":0,"max_hp_gain":0,"max_hp_loss":4,"event_name":"Winding Halls","floor":38,"gold_loss":0},{"damage_healed":0,"gold_gain":0,"player_choice":"Ignored","damage_taken":0,"max_hp_gain":0,"max_hp_loss":0,"event_name":"Mysterious Sphere","floor":39,"gold_loss":0}],"is_beta":false,"boss_relics":[{"not_picked":["Cursed Key","Runic Dome"],"picked":"Pandora\u0027s Box"},{"not_picked":["SacredBark","Tiny House"],"picked":"Sozu"}],"items_purged_floors":[13],"is_endless":false,"potions_floor_spawned":[3,5,10,12,18,21,22,44],"killed_by":"Writhing Mass","ascension_level":13}}