{"host":"g01l53quoe6lrer0","time":1611674382,"event":{"mods":["2.2 Compatiblity","AchievementEnabler","BaseMod","Colored Map","Highlight Path","Keyboard Shortcuts","Minty Spire (QoL Compilation)","Permanent Neow","StSLib","SuperFastMode","everything is the same but u backflip on backflip"],"gold_per_floor":[14,33,51,63,63,63,63],"floor_reached":6,"language":"KOR","playtime":270,"items_purged":[],"score":70,"play_id":"bd942036-eb98-4309-b8cf-d8aebed0feb9","local_time":"20210127001942","is_ascension_mode":true,"campfire_choices":[],"circlet_count":0,"master_deck":["AscendersBane","Strike_G","Strike_G","Strike_G","Strike_G","Strike_G","Defend_G","Defend_G","Defend_G","Defend_G","Defend_G","Survivor","Neutralize","Chrysalis","Dagger Throw","Deadly Poison","Underhanded Strike","Underhanded Strike"],"relics":["Ring of the Snake","Darkstone Periapt"],"acts_visited":["Exordium"],"potions_floor_usage":[],"damage_taken":[{"damage":4.0,"enemies":"Jaw Worm","floor":1.0,"turns":7.0},{"damage":0.0,"enemies":"Small Slimes","floor":2.0,"turns":4.0},{"damage":0,"enemies":"2 Louse","floor":3,"turns":5},{"damage":15,"enemies":"Large Slime","floor":4,"turns":10},{"damage":26,"enemies":"Lagavulin","floor":6,"turns":7}],"seed_played":"2786065416012802971","potions_obtained":[{"floor":1.0,"key":"Poison Potion"},{"floor":4,"key":"SkillPotion"}],"is_trial":false,"path_per_floor":["M","M","M","M","?","E"],"character_chosen":"THE_SILENT","items_purchased":[],"campfire_rested":0,"item_purchase_floors":[],"current_hp_per_floor":[55,55,55,40,22,0,0],"gold":63,"neow_bonus":"RANDOM_COLORLESS_2","is_daily":false,"chose_seed":false,"campfire_upgraded":0,"win_rate":0.0,"timestamp":1611674382,"path_taken":["M","M","M","M","?","E"],"items_purchased_type":[],"build_version":"2020-12-22","purchased_purges":0,"victory":false,"max_hp_per_floor":[66,66,66,66,66,66,66],"card_choices":[{"not_picked":["Sadistic Nature","Master of Strategy"],"picked":"Chrysalis","floor":0.0},{"not_picked":["Sucker Punch","Flying Knee"],"picked":"Dagger Throw","floor":1.0},{"not_picked":["Deflect","Dagger Throw"],"picked":"Deadly Poison","floor":2.0},{"not_picked":["Dagger Throw","Blade Dance"],"picked":"Underhanded Strike","floor":3},{"not_picked":["Grand Finale","Flying Knee"],"picked":"Underhanded Strike","floor":4}],"player_experience":304943,"relics_obtained":[],"event_choices":[{"damage_healed":0,"gold_gain":0,"player_choice":"Success","damage_taken":18,"relics_obtained":["Darkstone Periapt"],"max_hp_gain":0,"max_hp_loss":0,"event_name":"Scrap Ooze","floor":5,"gold_loss":0}],"is_beta":false,"boss_relics":[],"items_purged_floors":[],"is_endless":false,"potions_floor_spawned":[1,4],"killed_by":"Lagavulin","ascension_level":17}}