{"host":"xmr2g8b7eju0288o","time":1611643223,"event":{"mods":["AchievementEnabler","BaseMod","Colored Map","Colored Powertips","Minty Spire (QoL Compilation)","Quick Restart","StSLib","SuperFastMode"],"gold_per_floor":[119,133,408,134,34,34,64,83,83,113,124,124,124],"floor_reached":12,"language":"KOR","playtime":281,"items_purged":["Regret","Strike_R"],"score":276,"play_id":"11f7acff-65c0-4f59-b176-630cdb50fdf1","local_time":"20210126154023","daily_mods":["Heirloom","DeadlyEvents","Elite Swarm"],"is_ascension_mode":true,"campfire_choices":[{"data":"Apotheosis","floor":6.0,"key":"SMITH"}],"circlet_count":0,"master_deck":["AscendersBane","Strike_R","Strike_R","Strike_R","Strike_R","Defend_R","Defend_R","Defend_R","Defend_R","Bash","Spot Weakness","Demon Form","Apotheosis+1","Feed","Juggernaut","Body Slam"],"relics":["Burning Blood","Peace Pipe","TungstenRod","Matryoshka","Ginger"],"acts_visited":["Exordium"],"potions_floor_usage":[7,10,12],"damage_taken":[{"damage":14.0,"enemies":"Jaw Worm","floor":1.0,"turns":6.0},{"damage":2.0,"enemies":"Cultist","floor":2.0,"turns":4.0},{"damage":36,"enemies":"Gremlin Nob","floor":7,"turns":4},{"damage":0,"enemies":"2 Louse","floor":8,"turns":2},{"damage":24,"enemies":"3 Sentries","floor":10,"turns":8},{"damage":8,"enemies":"Exordium Wildlife","floor":11,"turns":4},{"damage":34,"enemies":"Gremlin Nob","floor":12,"turns":3}],"seed_played":"-7718643404252592858","potions_obtained":[{"floor":1.0,"key":"SteroidPotion"},{"floor":8,"key":"DistilledChaos"},{"floor":10,"key":"DistilledChaos"}],"is_trial":true,"path_per_floor":["M","M","?","$","$","R","E","M","T","E","M","E"],"character_chosen":"IRONCLAD","items_purchased":["Apotheosis"],"campfire_rested":0,"item_purchase_floors":[4],"current_hp_per_floor":[60,64,64,64,64,64,34,44,44,30,32,0,0],"gold":124,"neow_bonus":"","is_daily":false,"chose_seed":false,"campfire_upgraded":1,"win_rate":0.0,"timestamp":1611643223,"path_taken":["M","M","?","?","$","R","E","M","T","E","?","E"],"items_purchased_type":["Card"],"build_version":"2020-12-22","purchased_purges":2,"victory":false,"max_hp_per_floor":[75,75,75,75,75,75,75,79,79,83,87,87,87],"card_choices":[{"not_picked":["Sword Boomerang","Cleave"],"picked":"Spot Weakness","floor":1.0},{"not_picked":["Clash","Thunderclap"],"picked":"Demon Form","floor":2.0},{"not_picked":["Offering","Exhume"],"picked":"Feed","floor":7},{"not_picked":["Iron Wave","Uppercut","Flame Barrier"],"picked":"SKIP","floor":8},{"not_picked":["Double Tap","Berserk"],"picked":"Juggernaut","floor":10},{"not_picked":["Iron Wave","Sentinel"],"picked":"Body Slam","floor":11}],"player_experience":109535,"relics_obtained":[{"floor":7,"key":"TungstenRod"},{"floor":9,"key":"Matryoshka"},{"floor":10,"key":"Ginger"}],"event_choices":[{"damage_healed":0.0,"max_hp_gain":0.0,"max_hp_loss":0.0,"gold_gain":275.0,"event_name":"Golden Shrine","player_choice":"Desecrate","floor":3.0,"gold_loss":0.0,"damage_taken":0.0,"cards_obtained":["Regret"]}],"is_beta":false,"boss_relics":[],"items_purged_floors":[4,5],"is_endless":true,"potions_floor_spawned":[1,8,10],"killed_by":"Gremlin Nob","ascension_level":20}}