{"host":"11728qvdvolffudn","time":1611678418,"event":{"mods":["BaseMod","Block Reminder","Colored Powertips","Curses Come First","Custom Start","Displayed Cursed Tome","Highlight Path","Minty Spire (QoL Compilation)","Permanent Neow","Quick Restart","Rare Cards Sparkle","Relic Stats","StSLib"],"gold_per_floor":[109,209,222,112,123,123,155,155,178,178,191,91,117,133,133,236,236,226,240,240,11,28,28,28,28],"floor_reached":24,"language":"ENG","playtime":1662,"items_purged":["Strike_R","Strike_R"],"score":196,"play_id":"f8fbcead-2016-44ac-960e-8c2439837511","local_time":"20210126162658","is_ascension_mode":false,"campfire_choices":[{"data":"Inflame","floor":6,"key":"SMITH"},{"data":"Flex","floor":8,"key":"SMITH"},{"data":"Rampage","floor":10,"key":"SMITH"},{"data":"Flex","floor":15,"key":"SMITH"},{"data":"Infernal Blade","floor":23,"key":"SMITH"}],"circlet_count":0,"master_deck":["Strike_R","Strike_R","Defend_R","Defend_R","Defend_R","Defend_R","Bash","Rampage+1","Inflame+1","Shrug It Off","Rampage","Flex+1","Cleave","Flex","Flex+1","Iron Wave+1","Infernal Blade+1","Iron Wave+1"],"relics":["Burning Blood","Juzu Bracelet","Toy Ornithopter","Odd Mushroom","Blood Vial"],"acts_visited":["Exordium","TheCity"],"potions_floor_usage":[13],"damage_taken":[{"damage":1,"enemies":"Jaw Worm","floor":1,"turns":3},{"damage":1,"enemies":"Cultist","floor":3,"turns":3},{"damage":2,"enemies":"2 Louse","floor":5,"turns":3},{"damage":27,"enemies":"Gremlin Nob","floor":7,"turns":5},{"damage":3,"enemies":"2 Fungi Beasts","floor":11,"turns":4},{"damage":17,"enemies":"The Mushroom Lair","floor":13,"turns":3},{"damage":2,"enemies":"Looter","floor":14,"turns":2},{"damage":32,"enemies":"The Guardian","floor":16,"turns":9},{"damage":17,"enemies":"2 Thieves","floor":18,"turns":4},{"damage":16,"enemies":"Spheric Guardian","floor":19,"turns":4},{"damage":29,"enemies":"Centurion and Healer","floor":22,"turns":6},{"damage":26,"enemies":"Gremlin Leader","floor":24,"turns":5}],"seed_played":"899759258040979148","potions_obtained":[{"floor":7,"key":"Energy Potion"},{"floor":11,"key":"SkillPotion"},{"floor":16,"key":"BlessingOfTheForge"},{"floor":22,"key":"BlessingOfTheForge"}],"is_trial":false,"path_per_floor":["M","?","M","$","M","R","E","R","T","R","M","$","?","M","R","B",null,"M","M","?","$","M","R","E"],"character_chosen":"IRONCLAD","items_purchased":["Rampage","Infernal Blade","Blood Vial"],"campfire_rested":0,"item_purchase_floors":[4,21,21],"current_hp_per_floor":[80,80,80,80,80,80,59,59,59,59,62,62,56,60,60,34,80,69,59,44,44,23,23,0,0],"gold":28,"neow_bonus":"TRANSFORM_CARD","is_daily":false,"chose_seed":false,"campfire_upgraded":5,"win_rate":0.0,"timestamp":1611678418,"path_taken":["M","?","?","$","M","R","E","R","T","R","M","$","?","M","R","BOSS","M","M","?","$","M","R","E"],"items_purchased_type":["Card","Card","Relic"],"build_version":"2020-12-22","purchased_purges":2,"victory":false,"max_hp_per_floor":[80,80,80,80,80,80,80,80,80,80,80,80,80,80,80,80,80,80,80,85,85,85,85,85,85],"relic_stats":{"Blood Vial":4,"counters":[12,51],"Juzu Bracelet":0,"obtain_stats":[{"Blood Vial":21,"Juzu Bracelet":7,"Odd Mushroom":13,"Burning Blood":0,"Toy Ornithopter":9},{"Blood Vial":10,"Juzu Bracelet":4,"Odd Mushroom":6,"Burning Blood":0,"Toy Ornithopter":4},{"Blood Vial":40,"Juzu Bracelet":14,"Odd Mushroom":21,"Burning Blood":0,"Toy Ornithopter":14}],"Burning Blood":52,"Toy Ornithopter":5},"card_choices":[{"not_picked":["Thunderclap","Reckless Charge"],"picked":"Inflame","floor":1},{"not_picked":["Sentinel","Twin Strike"],"picked":"Shrug It Off","floor":3},{"not_picked":["Sword Boomerang","Uppercut","Disarm"],"picked":"SKIP","floor":5},{"not_picked":["Barricade","Body Slam"],"picked":"Flex","floor":7},{"not_picked":["Disarm","Sever Soul"],"picked":"Cleave","floor":11},{"not_picked":["Sever Soul","Pommel Strike"],"picked":"Flex","floor":13},{"not_picked":["Blood for Blood","Cleave"],"picked":"Flex","floor":14},{"not_picked":["Thunderclap","Anger","Carnage+1"],"picked":"SKIP","floor":18},{"not_picked":["Clothesline","Sword Boomerang"],"picked":"Iron Wave+1","floor":19},{"not_picked":["Perfected Strike","Thunderclap"],"picked":"Iron Wave+1","floor":22}],"player_experience":152867,"relics_obtained":[{"floor":7,"key":"Juzu Bracelet"},{"floor":9,"key":"Toy Ornithopter"},{"floor":13,"key":"Odd Mushroom"}],"event_choices":[{"damage_healed":0,"gold_gain":100,"player_choice":"Gold","damage_taken":0,"max_hp_gain":0,"max_hp_loss":0,"event_name":"Wheel of Change","floor":2,"gold_loss":0},{"damage_healed":0,"gold_gain":0,"player_choice":"Fought Mushrooms","damage_taken":0,"max_hp_gain":0,"max_hp_loss":0,"event_name":"Mushrooms","floor":13,"gold_loss":0},{"damage_healed":0,"gold_gain":0,"player_choice":"Shed Blood","damage_taken":20,"max_hp_gain":5,"max_hp_loss":0,"event_name":"Forgotten Altar","floor":20,"gold_loss":0}],"is_beta":false,"boss_relics":[{"not_picked":["Sozu","Coffee Dripper","Fusion Hammer"]}],"items_purged_floors":[4,12],"is_endless":false,"potions_floor_spawned":[7,11,16,22],"killed_by":"Gremlin Leader","ascension_level":0}}