{"host":"5v9rfzf5qju8k9wy","time":1611634918,"event":{"mods":["Act Like it!","BaseMod","Downfall","Hermit","Koishi","Lobotomy","Marisa£®ÏF”Í°°ƒß¿Ì…≥£©","Minty Spire (QoL Compilation)","StSLib","The Cursed"],"gold_per_floor":[116,134,134,134,154,171,171,187,187,187,137,137,170,183,183,273,273],"floor_reached":16,"language":"ZHS","playtime":768,"items_purged":[],"score":102,"play_id":"47dc2ddb-7670-4156-9c18-0045b00ef3cd","local_time":"20210126122158","is_ascension_mode":false,"campfire_choices":[{"data":"Koishi:PhantomBarrier","floor":7.0,"key":"SMITH"},{"data":"Koishi:JumpScare","floor":12.0,"key":"SMITH"},{"data":"Koishi:TerrifyingSpectre","floor":15.0,"key":"SMITH"}],"circlet_count":0,"master_deck":["Koishi:BasicStrike","Koishi:BasicStrike","Koishi:BasicStrike","Koishi:BasicDefend","Koishi:BasicDefend","Koishi:BasicDefend","Koishi:BasicDefend","Koishi:Provoke","Koishi:HauntingSlash+1","QueenBee","Koishi:JumpScare+1","Koishi:PhantomBarrier+1","OldLady","Koishi:SpiritedAway","Koishi:SubconsciousSweep","OSAHOGD","Koishi:TremblingHands","Koishi:TerrifyingSpectre+1","MHz","Koishi:ReleaseOfTheId"],"relics":["Koishi:ImaginaryFriend","CogitoBucket","Juzu Bracelet","Ancient Tea Set","StrikeDummy","ChangeAnything"],"acts_visited":["Exordium"],"potions_floor_usage":[],"damage_taken":[{"damage":2.0,"enemies":"Cultist","floor":1.0,"turns":5.0},{"damage":2.0,"enemies":"2 Louse","floor":2.0,"turns":2.0},{"damage":0.0,"enemies":"Jaw Worm","floor":5.0,"turns":3.0},{"damage":4.0,"enemies":"Exordium Wildlife","floor":6.0,"turns":4.0},{"damage":0.0,"enemies":"3 Louse","floor":8.0,"turns":2.0},{"damage":13.0,"enemies":"Lagavulin","floor":13.0,"turns":5.0},{"damage":5.0,"enemies":"Blue Slaver","floor":14.0,"turns":4.0},{"damage":54,"enemies":"Hexaghost","floor":16,"turns":9}],"seed_played":"-8434499462523817642","potions_obtained":[{"floor":2.0,"key":"Guardian:BlockOnCardUsePotion"},{"floor":8.0,"key":"Fire Potion"},{"floor":13.0,"key":"BlessingOfTheForge"}],"is_trial":false,"path_per_floor":["M","M","?","?","M","M","R","M","T","?","?","R","E","M","R","B"],"character_chosen":"KOISHI","items_purchased":[],"campfire_rested":0,"item_purchase_floors":[],"current_hp_per_floor":[60,60,57,57,60,56,56,58,58,58,58,58,53,54,54,0,0],"gold":273,"neow_bonus":"","is_daily":false,"chose_seed":false,"campfire_upgraded":3,"win_rate":0.0,"timestamp":1611634918,"path_taken":["M","M","?","?","M","M","R","M","T","?","?","R","E","M","R","BOSS"],"items_purchased_type":[],"build_version":"2020-12-22","purchased_purges":0,"victory":false,"max_hp_per_floor":[60,60,60,60,60,60,60,60,60,60,60,60,60,60,60,60,60],"card_choices":[{"not_picked":["Wellcheers","Laetitia"],"picked":"QueenBee","floor":1.0},{"not_picked":["Koishi:RacingHeart","Koishi:BloodcurdlingScream"],"picked":"Koishi:JumpScare","floor":1.0},{"not_picked":["Koishi:JumpScare","Koishi:RuptureMind"],"picked":"Koishi:PhantomBarrier","floor":2.0},{"not_picked":["Wellcheers","CrumblingArmor"],"picked":"OldLady","floor":5.0},{"not_picked":["Koishi:PhilosophyOfTheDespised","Koishi:Vanish"],"picked":"Koishi:SpiritedAway","floor":5.0},{"not_picked":["Koishi:PhantomBarrier","Koishi:ReflexRadar"],"picked":"Koishi:SubconsciousSweep","floor":6.0},{"not_picked":["FairyFestival","Wellcheers"],"picked":"OSAHOGD","floor":8.0},{"not_picked":["Koishi:Bloodlust","Koishi:RorschachInDanmaku"],"picked":"Koishi:TremblingHands","floor":8.0},{"not_picked":["Koishi:DreadfulBlow","Koishi:SubterraneanRose"],"picked":"Koishi:TerrifyingSpectre","floor":13.0},{"not_picked":["UniverseFragment","BlackArmy"],"picked":"MHz","floor":14.0},{"not_picked":["Koishi:JumpScare","Koishi:ReflexRadar"],"picked":"Koishi:ReleaseOfTheId","floor":14.0}],"player_experience":106738,"relics_obtained":[{"floor":9.0,"key":"Ancient Tea Set"},{"floor":13.0,"key":"StrikeDummy"}],"event_choices":[{"damage_healed":0.0,"max_hp_gain":0.0,"max_hp_loss":0.0,"gold_gain":0.0,"event_name":"Scrap Ooze","player_choice":"Success","floor":3.0,"gold_loss":0.0,"damage_taken":3.0,"relics_obtained":["Juzu Bracelet"]},{"damage_healed":0.0,"max_hp_gain":0.0,"max_hp_loss":0.0,"gold_gain":0.0,"event_name":"Accursed Blacksmith","player_choice":"Forge","floor":4.0,"gold_loss":0.0,"damage_taken":0.0,"cards_upgraded":["Koishi:HauntingSlash"]},{"damage_healed":0.0,"max_hp_gain":0.0,"max_hp_loss":0.0,"gold_gain":0.0,"event_name":"Liars Game","player_choice":"Ignored","floor":10.0,"gold_loss":0.0,"damage_taken":0.0},{"cards_removed":["Koishi:BasicStrike"],"damage_healed":0.0,"max_hp_gain":0.0,"max_hp_loss":0.0,"gold_gain":0.0,"event_name":"The Cleric","player_choice":"Card Removal","floor":11.0,"gold_loss":50.0,"damage_taken":0.0}],"is_beta":false,"boss_relics":[],"items_purged_floors":[],"is_endless":false,"potions_floor_spawned":[2,8,13],"killed_by":"Hexaghost","ascension_level":0}}