{"host":"nia1zwr35jsu5y7h","time":1611649524,"event":{"mods":["2.2 Compatiblity","Abigail Mod","Bard","BaseMod","Colored Map","Conspire","Downfall","Friendly Minions","Hermit","Highlight Path","Hubris","Infinite Spire","Kiyohime????","Koishi","Marisa????????","Minty Spire (QoL Compilation)","Quick Restart","Replay The Spire","Shade Mod","Shop Mod","StSLib","The Administrix","The Animator","The Construct","The Cursed","The Disciple","The Mystic","The Necromancer","The Servant 0.9.4"],"gold_per_floor":[115,45,120,146,146,176,176,213,239,250,250,250,274,285,285,382,382,394,410,173,173,188,188,188,188],"floor_reached":24,"language":"ENG","playtime":1428,"items_purged":["Hallucinations"],"score":231,"play_id":"dc21d955-030d-492c-85bc-5b4e7a726d3f","local_time":"20210126002524","is_ascension_mode":false,"campfire_choices":[{"data":"animator:Envy","floor":7,"key":"SMITH"},{"data":"animator:Laby","floor":11,"key":"SMITH"},{"data":"animator:KrulTepes","floor":15,"key":"SMITH"},{"data":"animator:Evileye","floor":23,"key":"SMITH"}],"circlet_count":0,"master_deck":["animator:Strike_Elsword","animator:Defend_Elsword","animator:Defend","animator:Defend","animator:Defend","animator:Chung","animator:Raven","animator:Lancer","animator:Laby+1","animator:DolaSchwi","animator:Nanami","animator:Envy+1","animator:Sebas","animator:KrulTepes+1","animator:Add","animator:RinTohsaka","animator:Biyorigo","Clumsy","animator:EmiyaShirou","animator:Rena+1","animator:Shizu","animator:Evileye+1","animator:NarberalGamma","animator:Scar","animator:NagisaMomoe","animator:MadokaKaname"],"relics":["animator:LivingPicture","animator:TheMissingPiece","animator:PurgingStone","NeowsBlessing","Ice Cream","Blood Vial","WarpedTongs","Red Skull","The Courier","TungstenRod","MerchantsRug"],"acts_visited":["Exordium","TheCity"],"potions_floor_usage":[8,13,13],"damage_taken":[{"damage":0,"enemies":"Cultist","floor":1,"turns":1},{"damage":0,"enemies":"2 Louse","floor":4,"turns":1},{"damage":0,"enemies":"Gremlin Nob","floor":6,"turns":2},{"damage":16,"enemies":"3 Sentries","floor":8,"turns":8},{"damage":2,"enemies":"Small Slimes","floor":10,"turns":6},{"damage":12,"enemies":"Gremlin Gang","floor":13,"turns":5},{"damage":0,"enemies":"Looter","floor":14,"turns":5},{"damage":10,"enemies":"Fading Forest","floor":16,"turns":11},{"damage":2,"enemies":"Shell Parasite","floor":18,"turns":11},{"damage":9,"enemies":"Spheric Guardian","floor":19,"turns":8},{"damage":36,"enemies":"Cultist and Chosen","floor":22,"turns":8},{"damage":27,"enemies":"Gremlin Leader","floor":24,"turns":5}],"seed_played":"-5065905149991538668","potions_obtained":[{"floor":4,"key":"SteroidPotion"},{"floor":6,"key":"EssenceOfSteel"},{"floor":10,"key":"Weak Potion"}],"is_trial":false,"path_per_floor":["M","$","?","M","?","E","R","E","T","M","R","?","M","M","R","B",null,"M","M","$","?","M","R","E"],"character_chosen":"THE_ANIMATOR","items_purchased":["animator:Laby","animator:Shizu","animator:Evileye","animator:NarberalGamma","MerchantsRug"],"campfire_rested":0,"item_purchase_floors":[2,20,20,20,20],"current_hp_per_floor":[66,66,55,55,55,55,55,39,39,39,39,39,29,31,31,33,66,64,58,58,58,24,24,0,0],"gold":188,"neow_bonus":"THREE_ENEMY_KILL","is_daily":false,"chose_seed":false,"campfire_upgraded":4,"win_rate":0.0,"timestamp":1611649524,"path_taken":["M","$","?","M","?","E","R","E","T","M","R","?","M","M","R","BOSS","M","?","$","?","M","R","E"],"items_purchased_type":["Card","Card","Card","Card","Relic"],"build_version":"2020-12-22","purchased_purges":1,"victory":false,"max_hp_per_floor":[66,66,66,66,66,66,66,66,66,66,66,66,66,66,66,66,66,66,67,67,67,67,67,67,67],"card_choices":[{"not_picked":["animator:YuiTsuruno","animator:Archer"],"picked":"animator:Lancer","floor":1},{"not_picked":["animator:Hakurou","animator:Hitei"],"picked":"animator:DolaSchwi","floor":4},{"not_picked":["animator:Nanami","animator:Ain"],"picked":"animator:Envy","floor":6},{"not_picked":["animator:Demiurge","animator:Entoma"],"picked":"animator:Sebas","floor":8},{"not_picked":["animator:Sloth","animator:FielNirvalen"],"picked":"animator:KrulTepes","floor":10},{"not_picked":["animator:Hitei","animator:DolaSchwi"],"picked":"animator:Add","floor":13},{"not_picked":["animator:Shuna","animator:MaesHughes"],"picked":"animator:RinTohsaka","floor":14},{"not_picked":["animator:Sora","animator:HomuraAkemi"],"picked":"animator:Biyorigo","floor":16},{"not_picked":["Amnesia","Sickly"],"picked":"Regret","floor":17},{"not_picked":["downfall:Haunted","SwitchThreat"],"picked":"Hallucinations","floor":17},{"not_picked":["animator:Curse_Greed","hubris:Compulsion"],"picked":"Clumsy","floor":17},{"not_picked":["animator:Caster","animator:Rider"],"picked":"animator:EmiyaShirou","floor":18},{"not_picked":["animator:DolaCouronne","animator:Jibril"],"picked":"animator:Rena+1","floor":19},{"not_picked":["animator:SuzuneAmano","animator:RinTohsaka"],"picked":"animator:MadokaKaname","floor":22}],"player_experience":2261422,"relics_obtained":[{"floor":6,"key":"Ice Cream"},{"floor":8,"key":"Blood Vial"},{"floor":9,"key":"Omamori"}],"event_choices":[{"damage_healed":0,"gold_gain":75,"player_choice":"Gather Gold","damage_taken":11,"max_hp_gain":0,"max_hp_loss":0,"event_name":"World of Goop","floor":3,"gold_loss":0},{"damage_healed":0,"gold_gain":0,"cards_transformed":["animator:Strike"],"player_choice":"Change","damage_taken":0,"max_hp_gain":0,"max_hp_loss":0,"event_name":"Living Wall","floor":5,"gold_loss":0,"cards_obtained":["animator:Nanami"]},{"damage_healed":0,"gold_gain":0,"player_choice":"Rummage","damage_taken":0,"relics_obtained":["WarpedTongs"],"max_hp_gain":0,"max_hp_loss":0,"event_name":"Accursed Blacksmith","floor":12,"gold_loss":0,"cards_obtained":["Pain"]},{"damage_healed":0,"gold_gain":0,"cards_transformed":["animator:Strike","animator:Strike"],"player_choice":"Became Test Subject","damage_taken":0,"max_hp_gain":0,"max_hp_loss":0,"event_name":"Drug Dealer","floor":21,"gold_loss":0,"cards_obtained":["animator:Scar","animator:NagisaMomoe"]}],"is_beta":false,"boss_relics":[{"not_picked":["conspire:RunicOctahedron","Honey Jar"],"picked":"Replay:Ancient Bell"},{"not_picked":["animator:ShionDessert","infinitespire:PuzzleCube"],"picked":"Red Skull"},{"not_picked":["animator:Hoodie","hubris:Metronome"],"picked":"The Courier"},{"not_picked":["Mango","Girya"],"picked":"TungstenRod"}],"items_purged_floors":[20],"is_endless":false,"potions_floor_spawned":[4,6,10],"killed_by":"Gremlin Leader","ascension_level":0}}