{"host":"msmkw03x1o7nq45i","time":1611688959,"event":{"mods":["AchievementEnabler","BaseMod","Bestiary","Colored Powertips","GifTheSpireLib","Highlight Path","Minty Spire (QoL Compilation)","Random Character Button","StSLib","everything is the same but u backflip on backflip"],"gold_per_floor":[114,114,125,125,144,174,190,202,247,257,257,30,30,48,48,146,146,161,177,177,247,247,262,297,322,348,348,373,47,62,76,76,174,174,189,1188,1211,478,27,27,47,87,87,87,87,87,16,36,36,36],"floor_reached":51,"language":"ENG","playtime":4371,"items_purged":["Parasite","Strike_B","Defend_B"],"score":1124,"play_id":"09f40792-0476-4529-8f29-8b54d619d80e","local_time":"20210126212239","is_ascension_mode":true,"campfire_choices":[{"data":"Apotheosis","floor":15,"key":"SMITH"},{"floor":32,"key":"REST"},{"data":"Rainbow","floor":40,"key":"SMITH"},{"floor":46,"key":"REST"},{"data":"Creative AI","floor":49,"key":"SMITH"}],"circlet_count":0,"master_deck":["AscendersBane","Defend_B","Zap","Dualcast","Apotheosis+1","Compile Driver","Cold Snap","Capacitor","Reinforced Body","Hyperbeam+1","Rainbow+1","Chaos","Skim+1","Buffer","Hologram","Loop","Coolheaded","Creative AI+1","Doom and Gloom+1","Sweeping Beam+1","Echo Form","Chill","Buffer","Madness","Madness","Loop"],"relics":["Cracked Core","Bag of Preparation","Bottled Flame","Lantern","Toolbox","Golden Idol","Velvet Choker","Omamori","Dream Catcher","MealTicket","ClockworkSouvenir","Astrolabe","WingedGreaves","Art of War","Chemical X","Thread and Needle","Orichalcum","Gambling Chip"],"acts_visited":["Exordium","TheCity","TheBeyond"],"potions_floor_usage":[7,24,24,33,35,41,42],"damage_taken":[{"damage":8,"enemies":"2 Louse","floor":1,"turns":3},{"damage":0,"enemies":"Small Slimes","floor":3,"turns":2},{"damage":0,"enemies":"Cultist","floor":5,"turns":3},{"damage":30,"enemies":"3 Sentries","floor":6,"turns":7},{"damage":7,"enemies":"Looter","floor":7,"turns":3},{"damage":0,"enemies":"Blue Slaver","floor":8,"turns":4},{"damage":0,"enemies":"Exordium Thugs","floor":10,"turns":3},{"damage":0,"enemies":"Looter","floor":14,"turns":3},{"damage":8,"enemies":"The Guardian","floor":16,"turns":13},{"damage":0,"enemies":"Spheric Guardian","floor":18,"turns":4},{"damage":12,"enemies":"Chosen","floor":19,"turns":4},{"damage":2,"enemies":"3 Cultists","floor":21,"turns":4},{"damage":4,"enemies":"Centurion and Healer","floor":23,"turns":4},{"damage":20,"enemies":"Book of Stabbing","floor":24,"turns":6},{"damage":0,"enemies":"Snecko","floor":25,"turns":2},{"damage":1,"enemies":"3 Cultists","floor":30,"turns":3},{"damage":9,"enemies":"Snake Plant","floor":31,"turns":3},{"damage":35,"enemies":"Collector","floor":33,"turns":14},{"damage":6,"enemies":"3 Shapes","floor":35,"turns":4},{"damage":20,"enemies":"3 Darklings","floor":37,"turns":5},{"damage":5,"enemies":"Transient","floor":41,"turns":5},{"damage":13,"enemies":"Giant Head","floor":42,"turns":9},{"damage":0,"enemies":"Maw","floor":48,"turns":7},{"damage":9,"enemies":"Donu and Deca","floor":50,"turns":11}],"seed_played":"-4317589713937969166","potions_obtained":[{"floor":3,"key":"SteroidPotion"},{"floor":6,"key":"Regen Potion"},{"floor":7,"key":"Explosive Potion"},{"floor":8,"key":"SkillPotion"},{"floor":14,"key":"Weak Potion"},{"floor":24,"key":"Fire Potion"},{"floor":25,"key":"Explosive Potion"},{"floor":31,"key":"AttackPotion"},{"floor":33,"key":"DistilledChaos"},{"floor":37,"key":"SkillPotion"},{"floor":48,"key":"Weak Potion"}],"is_trial":false,"path_per_floor":["M","?","M","?","M","E","M","M","T","M","?","$","?","M","R","B",null,"M","M","?","M","?","M","E","M","T","?","T","$","M","M","R","B",null,"M","?","M","$","$","R","M","E","T","?","?","R","$","M","R","B",null],"character_chosen":"DEFECT","items_purchased":["Toolbox","ClockworkSouvenir","Loop","Echo Form","WingedGreaves","Art of War","Chemical X","Thread and Needle","Loop"],"campfire_rested":2,"item_purchase_floors":[12,29,29,38,38,38,39,39,47],"current_hp_per_floor":[42,35,35,35,35,5,7,7,7,7,25,25,25,25,25,17,55,55,43,43,41,41,37,17,17,17,17,17,32,31,22,42,7,52,46,46,26,41,56,56,51,38,38,38,30,50,65,65,65,56],"gold":36,"neow_bonus":"RANDOM_COLORLESS_2","is_daily":false,"chose_seed":false,"campfire_upgraded":3,"win_rate":0.0,"timestamp":1611688959,"path_taken":["M","?","M","?","M","E","?","M","T","M","?","$","?","?","R","BOSS","M","M","?","M","?","M","E","?","T","?","?","?","M","M","R","BOSS","M","?","M","$","$","R","M","E","T","?","?","R","?","?","R","BOSS"],"items_purchased_type":["Relic","Relic","Card","Card","Relic","Relic","Relic","Relic","Card"],"build_version":"2020-12-22","purchased_purges":3,"victory":true,"max_hp_per_floor":[75,75,75,75,75,75,75,75,75,75,75,72,67,67,67,67,67,67,67,67,67,67,67,67,67,67,67,67,67,67,67,67,67,67,67,67,67,67,67,67,67,67,67,67,67,67,67,67,67,67],"card_choices":[{"not_picked":["HandOfGreed","Mayhem"],"picked":"Apotheosis","floor":0},{"not_picked":["Tempest","Reinforced Body"],"picked":"Compile Driver","floor":1},{"not_picked":["Redo","Self Repair"],"picked":"Cold Snap","floor":3},{"not_picked":["Self Repair","Leap"],"picked":"Capacitor","floor":5},{"not_picked":["Streamline","Blizzard","Compile Driver"],"picked":"SKIP","floor":6},{"not_picked":["Beam Cell","Redo"],"picked":"Reinforced Body","floor":7},{"not_picked":["Redo","Hologram"],"picked":"Hyperbeam","floor":8},{"not_picked":["Sweeping Beam","Compile Driver","Redo"],"picked":"SKIP","floor":10},{"not_picked":["Compile Driver","Beam Cell","Capacitor"],"picked":"SKIP","floor":14},{"not_picked":["Compile Driver","Beam Cell","Capacitor"],"picked":"SKIP","floor":14},{"not_picked":["Multi-Cast","Meteor Strike"],"picked":"Rainbow","floor":16},{"not_picked":["Steam Power","Compile Driver"],"picked":"Chaos","floor":18},{"not_picked":["Turbo","Go for the Eyes"],"picked":"Skim+1","floor":19},{"not_picked":["Turbo","Cold Snap","Streamline"],"picked":"SKIP","floor":21},{"not_picked":["Stack","Hologram+1"],"picked":"Buffer","floor":23},{"not_picked":["Go for the Eyes","Heatsinks"],"picked":"Hologram","floor":24},{"not_picked":["Steam","Beam Cell","Hyperbeam"],"picked":"SKIP","floor":25},{"not_picked":["Lockon","Sweeping Beam","Gash"],"picked":"SKIP","floor":30},{"not_picked":["Compile Driver","Steam","Auto Shields"],"picked":"SKIP","floor":31},{"not_picked":["Barrage","Fusion+1"],"picked":"Coolheaded","floor":32},{"not_picked":["Machine Learning","Core Surge"],"picked":"Creative AI","floor":33},{"not_picked":["Ball Lightning","Steam Power","Compile Driver"],"picked":"SKIP","floor":35},{"not_picked":["Stack","Coolheaded","Turbo"],"picked":"SKIP","floor":37},{"not_picked":["Ball Lightning","Cold Snap"],"picked":"Chill","floor":41},{"not_picked":["Rip and Tear","Gash+1"],"picked":"Buffer","floor":42},{"not_picked":["Steam Power+1","Compile Driver","Cold Snap"],"picked":"SKIP","floor":48}],"player_experience":411090,"relics_obtained":[{"floor":6,"key":"Bottled Flame"},{"floor":9,"key":"Lantern"},{"floor":24,"key":"Omamori"},{"floor":26,"key":"Dream Catcher"},{"floor":28,"key":"MealTicket"},{"floor":42,"key":"Orichalcum"},{"floor":43,"key":"Gambling Chip"}],"event_choices":[{"cards_removed":["Defend_B"],"damage_healed":0,"gold_gain":0,"player_choice":"Card Removal","damage_taken":7,"max_hp_gain":0,"max_hp_loss":0,"event_name":"Golden Wing","floor":2,"gold_loss":0},{"damage_healed":0,"gold_gain":0,"player_choice":"Gave Potion","damage_taken":0,"relics_obtained":["Bag of Preparation"],"max_hp_gain":0,"max_hp_loss":0,"event_name":"WeMeetAgain","floor":4,"gold_loss":0},{"damage_healed":18,"gold_gain":0,"player_choice":"Healed and dodged fight","damage_taken":0,"max_hp_gain":0,"max_hp_loss":0,"event_name":"Mushrooms","floor":11,"gold_loss":0,"cards_obtained":["Parasite"]},{"damage_healed":0,"gold_gain":0,"player_choice":"Lose Max HP","damage_taken":0,"relics_obtained":["Golden Idol"],"max_hp_gain":0,"max_hp_loss":5,"event_name":"Golden Idol","floor":13,"gold_loss":0},{"cards_removed":["Strike_B"],"damage_healed":0,"gold_gain":0,"player_choice":"Elegance","damage_taken":0,"max_hp_gain":0,"max_hp_loss":0,"event_name":"Back to Basics","floor":20,"gold_loss":0},{"damage_healed":0,"gold_gain":0,"player_choice":"Forge","damage_taken":0,"max_hp_gain":0,"max_hp_loss":0,"event_name":"Accursed Blacksmith","floor":22,"gold_loss":0,"cards_upgraded":["Hyperbeam"]},{"damage_healed":0,"gold_gain":0,"player_choice":"Ignored","damage_taken":0,"max_hp_gain":0,"max_hp_loss":0,"event_name":"Vampires","floor":27,"gold_loss":0},{"damage_healed":0,"gold_gain":999,"player_choice":"Gold","damage_taken":0,"max_hp_gain":0,"max_hp_loss":0,"event_name":"MindBloom","floor":36,"gold_loss":0,"cards_obtained":["Normality","Normality"]},{"cards_removed":["Cold Snap"],"damage_healed":0,"gold_gain":0,"player_choice":"Removed Attack","damage_taken":0,"max_hp_gain":0,"max_hp_loss":0,"event_name":"Falling","floor":44,"gold_loss":0},{"damage_healed":0,"gold_gain":0,"player_choice":"Embrace Madness","damage_taken":8,"max_hp_gain":0,"max_hp_loss":0,"event_name":"Winding Halls","floor":45,"gold_loss":0,"cards_obtained":["Madness","Madness"]}],"is_beta":false,"boss_relics":[{"not_picked":["Inserter","SacredBark"],"picked":"Velvet Choker"},{"not_picked":["Runic Dome","Coffee Dripper"],"picked":"Astrolabe"}],"items_purged_floors":[12,29,38],"is_endless":false,"potions_floor_spawned":[3,6,7,8,14,24,25,30,31,33,37,48],"ascension_level":13}}