{"host":"qy6st0zp32tctd9l","time":1611659322,"event":{"mods":["BaseMod","Colored Map","Downfall","GifTheSpireLib","Hermit","Marisa£®ÏF”Í°°ƒß¿Ì…≥£©","Minty Spire (QoL Compilation)","Remilia£®¿Ÿ√◊¿Ú—«£©","StSLib","The Cursed","The Servant 0.9.4","UnlockEverythingMod"],"gold_per_floor":[14,14,114,127,147,173,173,200,269,12,47,63,91,110,110,206,206,217,492,126,139,156,156,171,171,171,171,204,215,81,91,91,194,194,212,212,67,67,67,67,111,111,166,204,204,234,124,135,135,135,135,135,60,86,86],"floor_reached":56,"language":"ZHS","playtime":2840,"items_purged":["Regret","Exchange"],"score":2131,"play_id":"186bf50d-8f2d-461f-96e0-98e16cd78061","local_time":"20210126190842","is_ascension_mode":true,"campfire_choices":[{"floor":7.0,"key":"RECALL"},{"data":"PendulumOfEternity","floor":15.0,"key":"SMITH"},{"data":"Strike_S","floor":23.0,"key":"PURGE"},{"data":"Defend_S","floor":25.0,"key":"PURGE"},{"data":"KidneyShot","floor":27.0,"key":"PURGE"},{"data":"InstantArmor","floor":32.0,"key":"PURGE"},{"data":"Defy","floor":40.0,"key":"SMITH"},{"data":"Defend_S","floor":42.0,"key":"PURGE"},{"data":"Defend_S","floor":45.0,"key":"PURGE"},{"data":"Defend_S","floor":49.0,"key":"PURGE"},{"data":"Sabotage","floor":52.0,"key":"SMITH"}],"circlet_count":0,"master_deck":["DoubleEdge","BestPractice","Defy+1","PendulumOfEternity+1","BottledTime+1","BottledTime+1","Manipulate+1","Sabotage+1","ForgedInTime+1","Read+1","Moondial+1","StarChef+1","CurseOfTheBell","Moondial+1","Solidify+1","SpecialFormula+1","Collapse+1"],"relics":["Uniform","Dead Branch","Juzu Bracelet","Frozen Egg 2","Toxic Egg 2","RomanBracelet","Gremlin Horn","Snecko Eye","Peace Pipe","Tiny Chest","Calling Bell","Bag of Preparation","Darkstone Periapt","WingedGreaves","Oddly Smooth Stone","Blue Candle","CeramicFish","Art of War","Happy Flower","Meat on the Bone","Gambling Chip","War Paint"],"acts_visited":["Exordium","TheCity","TheBeyond","TheEnding"],"potions_floor_usage":[55,55,55],"damage_taken":[{"damage":0.0,"enemies":"2 Louse","floor":1.0,"turns":3.0},{"damage":11.0,"enemies":"Jaw Worm","floor":4.0,"turns":4.0},{"damage":0.0,"enemies":"Cultist","floor":5.0,"turns":3.0},{"damage":9.0,"enemies":"Lagavulin","floor":6.0,"turns":5.0},{"damage":0.0,"enemies":"3 Sentries","floor":8.0,"turns":4.0},{"damage":8.0,"enemies":"Gremlin Nob","floor":11.0,"turns":3.0},{"damage":0.0,"enemies":"Lots of Slimes","floor":12.0,"turns":4.0},{"damage":0.0,"enemies":"3 Sentries","floor":13.0,"turns":2.0},{"damage":0.0,"enemies":"2 Fungi Beasts","floor":14.0,"turns":1.0},{"damage":0.0,"enemies":"Hexaghost","floor":16.0,"turns":5.0},{"damage":0.0,"enemies":"Shell Parasite","floor":18.0,"turns":2.0},{"damage":1.0,"enemies":"2 Thieves","floor":21.0,"turns":3.0},{"damage":2.0,"enemies":"Snake Plant","floor":22.0,"turns":2.0},{"damage":0.0,"enemies":"Cultist and Chosen","floor":24.0,"turns":6.0},{"damage":0.0,"enemies":"Gremlin Leader","floor":28.0,"turns":3.0},{"damage":0.0,"enemies":"3 Cultists","floor":29.0,"turns":3.0},{"damage":0.0,"enemies":"Centurion and Healer","floor":31.0,"turns":4.0},{"damage":0.0,"enemies":"Champ","floor":33.0,"turns":6.0},{"damage":0.0,"enemies":"3 Darklings","floor":35.0,"turns":4.0},{"damage":0.0,"enemies":"Nemesis","floor":41.0,"turns":5.0},{"damage":0.0,"enemies":"Reptomancer","floor":44.0,"turns":5.0},{"damage":0.0,"enemies":"Nemesis","floor":46.0,"turns":5.0},{"damage":1.0,"enemies":"Orb Walker","floor":48.0,"turns":2.0},{"damage":0.0,"enemies":"Awakened One","floor":50.0,"turns":6.0},{"damage":0,"enemies":"Shield and Spear","floor":54,"turns":2},{"damage":47,"enemies":"The Heart","floor":55,"turns":7}],"seed_played":"4737773590484222421","potions_obtained":[{"floor":6.0,"key":"Slimebound:ThreeZeroPotion"},{"floor":11.0,"key":"Weak Potion"},{"floor":13.0,"key":"Strength Potion"},{"floor":14.0,"key":"DistilledChaos"}],"is_trial":false,"path_per_floor":["M","?","?","M","M","E","R","E","T","$","E","M","E","M","R","B",null,"M","?","$","M","M","R","M","R","T","R","E","M","$","M","R","B",null,"M","?","$","?","T","R","E","R","T","E","R","E","?","M","R","B",null,"R","$","E","B",null],"character_chosen":"THE_SERVANT","items_purchased":["Toxic Egg 2","Peace Pipe","StarChef+1","Oddly Smooth Stone","Regen Potion"],"campfire_rested":0,"item_purchase_floors":[10,20,30,37,53],"current_hp_per_floor":[59,59,59,48,48,39,39,39,39,39,31,31,31,31,31,31,57,57,57,57,56,54,54,54,54,54,54,54,54,54,54,54,54,62,62,62,62,62,62,62,62,62,62,65,65,65,65,64,64,65,65,65,65,65,33],"gold":86,"neow_bonus":"REMOVE_TWO","is_daily":false,"chose_seed":false,"campfire_upgraded":3,"win_rate":0.0,"timestamp":1611659322,"path_taken":["M","?","?","M","M","E","R","E","T","$","E","M","E","M","R","BOSS","M","?","$","M","M","R","M","R","T","R","E","M","$","M","R","BOSS","M","?","?","?","?","R","E","R","T","E","R","E","?","M","R","BOSS","R","$","E","BOSS"],"items_purchased_type":["Relic","Relic","Card","Relic","Potion"],"build_version":"2020-12-22","purchased_purges":2,"victory":true,"max_hp_per_floor":[65,65,65,65,65,65,65,65,65,65,65,65,65,65,65,65,65,65,65,65,65,65,65,65,65,65,65,65,65,65,65,65,65,65,65,65,65,65,65,65,65,65,65,65,65,65,65,65,65,65,65,65,65,65,65],"card_choices":[{"not_picked":["Replace","FastForward"],"picked":"DoubleEdge","floor":1.0},{"not_picked":["MoonPhase","Alleviate"],"picked":"InstantArmor","floor":4.0},{"not_picked":["MoonPhase","Starlight"],"picked":"BestPractice","floor":5.0},{"not_picked":["Barrier","InstantArmor"],"picked":"Defy","floor":6.0},{"not_picked":["BottledTime","FastForward"],"picked":"PendulumOfEternity","floor":8.0},{"not_picked":["Desolation","Moonlight"],"picked":"BottledTime+1","floor":11.0},{"not_picked":["Revamp+1","Alleviate+1"],"picked":"BottledTime+1","floor":12.0},{"not_picked":["Sabotage","Starlight"],"picked":"Manipulate+1","floor":13.0},{"not_picked":["GearUp+1","Spin"],"picked":"Sabotage","floor":14.0},{"not_picked":["SoulSculpture","LightFlow"],"picked":"ForgedInTime+1","floor":16.0},{"not_picked":["Starlight","TimeWarp+1","DoubleEdge+1"],"picked":"SKIP","floor":18.0},{"not_picked":["ShatteredReality+1","Collapse"],"picked":"Read+1","floor":21.0},{"not_picked":["Reset+1","Hightail+1"],"picked":"Moondial+1","floor":22.0},{"not_picked":["Rewind+1","DancingSilver+1","Spin"],"picked":"SKIP","floor":24.0},{"not_picked":["TrueSight+1","DoubleEdge","Manipulate+1"],"picked":"SKIP","floor":28.0},{"not_picked":["Spin","ShatteredReality","FastForward+1"],"picked":"SKIP","floor":29.0},{"not_picked":["Starlight","Spin","Comet"],"picked":"SKIP","floor":31.0},{"not_picked":["ShatteredReality+1","Spin","SilverBlades+1"],"picked":"SKIP","floor":35.0},{"not_picked":["Desolation+1","DoubleEdge+1"],"picked":"SpecialFormula+1","floor":41.0},{"not_picked":["DoubleEdge","WasteNot+1"],"picked":"Collapse+1","floor":44.0},{"not_picked":["Manipulate+1","DoubleEdge","Dilation+1"],"picked":"SKIP","floor":46.0},{"not_picked":["Starlight","Unruled+1","Potential+1"],"picked":"SKIP","floor":48.0},{"not_picked":["Replace+1","Rewind+1","TimeWarp+1"],"picked":"SKIP","floor":54}],"player_experience":185964,"relics_obtained":[{"floor":6.0,"key":"Dead Branch"},{"floor":8.0,"key":"Juzu Bracelet"},{"floor":9.0,"key":"Frozen Egg 2"},{"floor":11.0,"key":"RomanBracelet"},{"floor":13.0,"key":"Gremlin Horn"},{"floor":28.0,"key":"Tiny Chest"},{"floor":34.0,"key":"Bag of Preparation"},{"floor":34.0,"key":"Darkstone Periapt"},{"floor":34.0,"key":"WingedGreaves"},{"floor":39.0,"key":"Blue Candle"},{"floor":41.0,"key":"CeramicFish"},{"floor":43.0,"key":"Art of War"},{"floor":44.0,"key":"Happy Flower"},{"floor":46.0,"key":"Meat on the Bone"},{"floor":54,"key":"War Paint"}],"event_choices":[{"cards_removed":["Strike_S"],"damage_healed":0.0,"max_hp_gain":0.0,"max_hp_loss":0.0,"gold_gain":0.0,"event_name":"Living Wall","player_choice":"Forget","floor":2.0,"gold_loss":0.0,"damage_taken":0.0},{"damage_healed":0.0,"max_hp_gain":0.0,"max_hp_loss":0.0,"gold_gain":100.0,"event_name":"Golden Shrine","player_choice":"Pray","floor":3.0,"gold_loss":0.0,"damage_taken":0.0},{"damage_healed":0.0,"max_hp_gain":0.0,"max_hp_loss":0.0,"gold_gain":275.0,"event_name":"Golden Shrine","player_choice":"Desecrate","floor":19.0,"gold_loss":0.0,"damage_taken":0.0,"cards_obtained":["Regret"]},{"damage_healed":0.0,"max_hp_gain":0.0,"max_hp_loss":0.0,"gold_gain":0.0,"event_name":"The Woman in Blue","player_choice":"Bought 0 Potions","floor":36.0,"gold_loss":0.0,"damage_taken":0.0},{"damage_healed":0.0,"max_hp_gain":0.0,"max_hp_loss":0.0,"gold_gain":0.0,"event_name":"Match and Keep!","player_choice":"2 cards matched","floor":38.0,"gold_loss":0.0,"damage_taken":0.0,"cards_obtained":["Moondial","Solidify"]},{"damage_healed":0.0,"max_hp_gain":0.0,"max_hp_loss":0.0,"gold_gain":0.0,"event_name":"WeMeetAgain","player_choice":"Paid Gold","floor":47.0,"gold_loss":110.0,"damage_taken":0.0,"relics_obtained":["Gambling Chip"]}],"is_beta":false,"boss_relics":[{"not_picked":["Cursed Key","MysterySword"],"picked":"Snecko Eye"},{"not_picked":["Philosopher\u0027s Stone","Black Star"],"picked":"Calling Bell"}],"items_purged_floors":[20,30],"is_endless":false,"potions_floor_spawned":[6,11,13,14,16,21,28,29,33,35,44,46],"ascension_level":7}}