{"host":"n43wxkei7kulhi8o","time":1611674432,"event":{"mods":["BaseMod","Bestiary","Block Reminder","Colored Map","Curses Come First","Custom Start","Highlight Path","Minty Spire (QoL Compilation)","Quick Restart","Relic Stats","StSLib"],"gold_per_floor":[118,137,64,83,96,96,196,196,276,289,305,317,330,346,346,446,446,460,460,460,229,241,241,80,100,145,165,165,181,181,200,200,300,300,317,87,106,119,137,137,165,165,192,227,77,77,90,105,105,105],"floor_reached":51,"language":"ENG","playtime":2135,"items_purged":["Fusion+1"],"score":832,"play_id":"84a875fb-c4f6-4d3e-a362-6043be38d706","local_time":"20210126102032","is_ascension_mode":false,"campfire_choices":[{"data":"Zap","floor":6.0,"key":"SMITH"},{"data":"Thunder Strike","floor":8.0,"key":"SMITH"},{"data":"Coolheaded","floor":15.0,"key":"SMITH"},{"data":"Dualcast","floor":23.0,"key":"SMITH"},{"data":"Defragment","floor":28.0,"key":"SMITH"},{"data":"Auto Shields","floor":30.0,"key":"SMITH"},{"floor":32.0,"key":"REST"},{"floor":40.0,"key":"REST"},{"floor":49.0,"key":"REST"}],"circlet_count":0,"master_deck":["Strike_B","Strike_B","Defend_B","Defend_B","Zap+1","Dualcast+1","Tempest+1","Double Energy+1","Conserve Battery+1","Coolheaded+1","Melter","Thunder Strike+1","Leap+1","Cold Snap","Echo Form","Blizzard+1","Conserve Battery+1","Electrodynamics","Defragment+1","Auto Shields+1","Glacier","Consume+1"],"relics":["Astrolabe","Meat on the Bone","Nuclear Battery","Runic Capacitor","Potion Belt","Sozu","Happy Flower","Blood Vial","Smiling Mask","War Paint","DataDisk"],"acts_visited":["Exordium","TheCity","TheBeyond"],"potions_floor_usage":[],"damage_taken":[{"damage":8.0,"enemies":"Jaw Worm","floor":1.0,"turns":3.0},{"damage":0.0,"enemies":"Cultist","floor":2.0,"turns":3.0},{"damage":3.0,"enemies":"Small Slimes","floor":4.0,"turns":2.0},{"damage":0.0,"enemies":"Blue Slaver","floor":5.0,"turns":2.0},{"damage":15.0,"enemies":"Lots of Slimes","floor":10.0,"turns":3.0},{"damage":13.0,"enemies":"3 Louse","floor":11.0,"turns":3.0},{"damage":13.0,"enemies":"2 Fungi Beasts","floor":12.0,"turns":3.0},{"damage":0.0,"enemies":"Looter","floor":13.0,"turns":3.0},{"damage":21.0,"enemies":"Exordium Thugs","floor":14.0,"turns":4.0},{"damage":0.0,"enemies":"Slime Boss","floor":16.0,"turns":3.0},{"damage":6.0,"enemies":"3 Byrds","floor":18.0,"turns":3.0},{"damage":11.0,"enemies":"2 Thieves","floor":22.0,"turns":4.0},{"damage":13.0,"enemies":"Centurion and Healer","floor":25.0,"turns":3.0},{"damage":4.0,"enemies":"Cultist and Chosen","floor":27.0,"turns":3.0},{"damage":7.0,"enemies":"Snecko","floor":29.0,"turns":4.0},{"damage":14.0,"enemies":"Snake Plant","floor":31.0,"turns":3.0},{"damage":30.0,"enemies":"Collector","floor":33.0,"turns":7.0},{"damage":3.0,"enemies":"Orb Walker","floor":35.0,"turns":4.0},{"damage":23.0,"enemies":"3 Darklings","floor":37.0,"turns":4.0},{"damage":7.0,"enemies":"Writhing Mass","floor":38.0,"turns":4.0},{"damage":5.0,"enemies":"Spire Growth","floor":39.0,"turns":4.0},{"damage":26.0,"enemies":"Reptomancer","floor":41.0,"turns":5.0},{"damage":0.0,"enemies":"Nemesis","floor":44.0,"turns":11.0},{"damage":16.0,"enemies":"Maw","floor":47.0,"turns":6.0},{"damage":28.0,"enemies":"Sphere and 2 Shapes","floor":48.0,"turns":4.0},{"damage":0,"enemies":"Awakened One","floor":50,"turns":14}],"seed_played":"-5444129015919682207","potions_obtained":[{"floor":4.0,"key":"Strength Potion"},{"floor":10.0,"key":"Energy Potion"},{"floor":12.0,"key":"Swift Potion"},{"floor":16.0,"key":"DuplicationPotion"},{"floor":27.0,"key":"PowerPotion"},{"floor":29.0,"key":"PowerPotion"}],"is_trial":false,"path_per_floor":["M","M","$","M","M","R","?","R","T","M","M","M","M","M","R","B",null,"M","?","?","$","M","R","$","M","T","M","R","M","R","M","R","B",null,"M","$","M","M","M","R","E","?","T","E","$","?","M","M","R","B",null],"character_chosen":"DEFECT","items_purchased":["Melter","Runic Capacitor","Electrodynamics","Happy Flower","Glacier","DataDisk"],"campfire_rested":3,"item_purchase_floors":[3,21,24,36,36,45],"current_hp_per_floor":[67,67,67,64,64,64,64,64,64,49,48,47,47,38,38,38,75,69,69,55,55,44,44,44,43,43,51,51,44,44,42,66,48,80,77,77,54,47,42,66,52,52,52,54,54,54,52,38,62,64],"gold":105,"neow_bonus":"BOSS_RELIC","is_daily":false,"chose_seed":false,"campfire_upgraded":6,"win_rate":0.0,"timestamp":1611674432,"path_taken":["M","M","$","M","M","R","?","R","T","M","M","M","?","M","R","BOSS","M","?","?","?","M","R","$","M","T","M","R","M","R","M","R","BOSS","M","$","?","M","M","R","E","?","T","E","$","?","M","M","R","BOSS"],"items_purchased_type":["Card","Relic","Card","Relic","Card","Relic"],"build_version":"2020-12-22","purchased_purges":1,"victory":true,"max_hp_per_floor":[75,75,75,75,75,75,75,75,75,75,75,75,75,75,75,75,75,75,75,80,80,80,80,80,80,80,80,80,80,80,80,80,80,80,80,80,80,80,80,80,80,80,80,80,80,80,80,80,80,80],"relic_stats":{"Sozu":4,"Blood Vial":8,"Happy Flower":[17],"counters":[26,112],"Astrolabe":["Tempest","Double Energy","Fusion"],"War Paint":["Leap","Conserve Battery"],"Smiling Mask":0,"obtain_stats":[{"Potion Belt":26,"Sozu":34,"Blood Vial":41,"DataDisk":45,"Happy Flower":36,"Astrolabe":0,"Runic Capacitor":21,"War Paint":44,"Cracked Core":0,"Smiling Mask":43,"Meat on the Bone":9,"Nuclear Battery":17},{"Potion Belt":13,"Sozu":17,"Blood Vial":22,"DataDisk":23,"Happy Flower":18,"Astrolabe":0,"Runic Capacitor":11,"War Paint":23,"Cracked Core":0,"Smiling Mask":22,"Meat on the Bone":4,"Nuclear Battery":10},{"Potion Belt":39,"Sozu":56,"Blood Vial":77,"DataDisk":88,"Happy Flower":60,"Astrolabe":0,"Runic Capacitor":32,"War Paint":88,"Cracked Core":0,"Smiling Mask":77,"Meat on the Bone":10,"Nuclear Battery":29}],"Meat on the Bone":120},"card_choices":[{"not_picked":["Gash","Cold Snap"],"picked":"Conserve Battery","floor":1.0},{"not_picked":["Hello World","Compile Driver"],"picked":"Coolheaded","floor":2.0},{"not_picked":["Doom and Gloom","Coolheaded"],"picked":"Thunder Strike","floor":4.0},{"not_picked":["Barrage","Sweeping Beam"],"picked":"Leap","floor":5.0},{"not_picked":["Turbo","Undo"],"picked":"Cold Snap","floor":10.0},{"not_picked":["Scrape","Redo","Sweeping Beam"],"picked":"SKIP","floor":11.0},{"not_picked":["Sweeping Beam","Rebound","Loop"],"picked":"SKIP","floor":12.0},{"not_picked":["Reinforced Body","Beam Cell","BootSequence"],"picked":"SKIP","floor":13.0},{"not_picked":["Rip and Tear","Coolheaded","Force Field"],"picked":"SKIP","floor":14.0},{"not_picked":["Biased Cognition","All For One"],"picked":"Echo Form","floor":16.0},{"not_picked":["Undo","Sunder+1"],"picked":"Blizzard+1","floor":18.0},{"not_picked":["Compile Driver+1","Scrape+1"],"picked":"Conserve Battery+1","floor":22.0},{"not_picked":["Cold Snap","Redo+1"],"picked":"Defragment","floor":25.0},{"not_picked":["Turbo","FTL","Steam"],"picked":"SKIP","floor":27.0},{"not_picked":["Conserve Battery","Beam Cell"],"picked":"Auto Shields","floor":29.0},{"not_picked":["Beam Cell","Biased Cognition","Turbo"],"picked":"SKIP","floor":31.0},{"not_picked":["Steam Power+1","Tempest+1","FTL"],"picked":"SKIP","floor":35.0},{"not_picked":["Blizzard","Leap+1","Barrage"],"picked":"SKIP","floor":37.0},{"not_picked":["Go for the Eyes+1","White Noise+1","Heatsinks"],"picked":"SKIP","floor":38.0},{"not_picked":["Capacitor+1","Fusion+1"],"picked":"Consume+1","floor":39.0},{"not_picked":["Beam Cell","Barrage","Chaos"],"picked":"SKIP","floor":41.0},{"not_picked":["Auto Shields","Cold Snap","Heatsinks"],"picked":"SKIP","floor":44.0},{"not_picked":["Reinforced Body","Conserve Battery","Sweeping Beam+1"],"picked":"SKIP","floor":47.0},{"not_picked":["Coolheaded+1","Amplify","Skim"],"picked":"SKIP","floor":48.0}],"player_experience":658576,"relics_obtained":[{"floor":9.0,"key":"Meat on the Bone"},{"floor":26.0,"key":"Potion Belt"},{"floor":41.0,"key":"Blood Vial"},{"floor":43.0,"key":"Smiling Mask"},{"floor":44.0,"key":"War Paint"}],"event_choices":[{"damage_healed":0.0,"max_hp_gain":0.0,"max_hp_loss":0.0,"gold_gain":100.0,"event_name":"Golden Shrine","player_choice":"Pray","floor":7.0,"gold_loss":0.0,"damage_taken":0.0},{"damage_healed":0.0,"max_hp_gain":0.0,"max_hp_loss":0.0,"gold_gain":0.0,"event_name":"Cursed Tome","player_choice":"Ignored","floor":19.0,"gold_loss":0.0,"damage_taken":0.0},{"damage_healed":0.0,"max_hp_gain":5.0,"max_hp_loss":0.0,"gold_gain":0.0,"event_name":"Forgotten Altar","player_choice":"Shed Blood","floor":20.0,"gold_loss":0.0,"damage_taken":19.0},{"cards_removed":["Defend_B"],"damage_healed":0.0,"max_hp_gain":0.0,"max_hp_loss":0.0,"gold_gain":0.0,"event_name":"Falling","player_choice":"Removed Skill","floor":42.0,"gold_loss":0.0,"damage_taken":0.0},{"damage_healed":0.0,"max_hp_gain":0.0,"max_hp_loss":0.0,"gold_gain":0.0,"event_name":"Mysterious Sphere","player_choice":"Ignored","floor":46.0,"gold_loss":0.0,"damage_taken":0.0}],"is_beta":false,"boss_relics":[{"not_picked":["Coffee Dripper","Philosopher\u0027s Stone"],"picked":"Nuclear Battery"},{"not_picked":["Tiny House","Pandora\u0027s Box"],"picked":"Sozu"}],"items_purged_floors":[21],"is_endless":false,"potions_floor_spawned":[4,10,12,16,27,29,38,39,41,44],"ascension_level":0}}