{"host":"qgvpd00zvzorrg7j","time":1611622981,"event":{"mods":["BaseMod","Colored Map","Minty Spire (QoL Compilation)","Quick Restart","StSLib"],"gold_per_floor":[116,131,131,56,6,6,35,35,89,103,132,150,169,200,200,297,297,316,316,316,326,226,251,251,277,277,277,277],"floor_reached":27,"language":"ENG","playtime":888,"items_purged":["Doubt","Dualcast"],"score":404,"play_id":"d9817461-9575-46cf-a406-16c0d02375f0","local_time":"20210125200301","is_ascension_mode":true,"campfire_choices":[{"data":"Hyperbeam","floor":6.0,"key":"SMITH"},{"floor":8.0,"key":"RECALL"},{"data":"Recycle","floor":15.0,"key":"SMITH"},{"floor":24.0,"key":"REST"}],"circlet_count":0,"master_deck":["AscendersBane","Strike_B","Strike_B","Defend_B","Defend_B","Hyperbeam+1","Leap","Reboot","Recycle+1","Reprogram","Buffer","FTL+1","Buffer+1","Chaos+1","Steam","Force Field"],"relics":["Cracked Core","Gambling Chip","Bag of Preparation","Darkstone Periapt","Blood Vial","Astrolabe","Enchiridion","Smiling Mask","Nunchaku","Mercury Hourglass"],"acts_visited":["Exordium","TheCity"],"potions_floor_usage":[27,27],"damage_taken":[{"damage":4.0,"enemies":"Jaw Worm","floor":1.0,"turns":3.0},{"damage":6.0,"enemies":"Cultist","floor":2.0,"turns":3.0},{"damage":10.0,"enemies":"3 Sentries","floor":7.0,"turns":3.0},{"damage":0.0,"enemies":"Small Slimes","floor":10.0,"turns":1.0},{"damage":9.0,"enemies":"Gremlin Nob","floor":11.0,"turns":3.0},{"damage":5.0,"enemies":"Exordium Thugs","floor":12.0,"turns":2.0},{"damage":0.0,"enemies":"Exordium Wildlife","floor":13.0,"turns":1.0},{"damage":15.0,"enemies":"Lagavulin","floor":14.0,"turns":7.0},{"damage":2.0,"enemies":"Slime Boss","floor":16.0,"turns":6.0},{"damage":10.0,"enemies":"Shell Parasite","floor":18.0,"turns":5.0},{"damage":0.0,"enemies":"2 Thieves","floor":21.0,"turns":1.0},{"damage":14.0,"enemies":"Slavers","floor":23.0,"turns":2.0},{"damage":10.0,"enemies":"Gremlin Leader","floor":25.0,"turns":5.0},{"damage":35,"enemies":"Book of Stabbing","floor":27,"turns":5}],"seed_played":"-5114671589380919220","potions_obtained":[{"floor":1.0,"key":"Energy Potion"},{"floor":2.0,"key":"GamblersBrew"},{"floor":12.0,"key":"Swift Potion"},{"floor":13.0,"key":"SkillPotion"},{"floor":14.0,"key":"Swift Potion"},{"floor":18.0,"key":"AttackPotion"},{"floor":25.0,"key":"Swift Potion"}],"is_trial":false,"path_per_floor":["M","M","?","$","?","R","E","R","T","M","E","M","M","E","R","B",null,"M","?","?","M","$","E","R","E","T","E"],"character_chosen":"DEFECT","items_purchased":[],"campfire_rested":1,"item_purchase_floors":[],"current_hp_per_floor":[64,58,58,58,58,58,48,48,48,48,39,34,34,19,19,19,61,53,37,23,25,25,13,37,29,29,0,0],"gold":277,"neow_bonus":"THREE_RARE_CARDS","is_daily":false,"chose_seed":false,"campfire_upgraded":2,"win_rate":0.0,"timestamp":1611622981,"path_taken":["M","M","?","?","?","R","E","R","T","M","E","M","?","E","R","BOSS","M","?","?","M","$","E","R","E","T","E"],"items_purchased_type":[],"build_version":"2020-12-22","purchased_purges":2,"victory":false,"max_hp_per_floor":[75,75,75,75,75,75,75,75,75,75,75,75,75,75,75,75,75,75,75,80,80,80,80,80,80,80,80,80],"card_choices":[{"not_picked":["Multi-Cast","Amplify"],"picked":"Hyperbeam","floor":0.0},{"not_picked":["Chill","Turbo"],"picked":"Leap","floor":1.0},{"not_picked":["Ball Lightning","Hologram","Chill"],"picked":"SKIP","floor":2.0},{"not_picked":["Meteor Strike","Stack","Hello World"],"picked":"SKIP","floor":7.0},{"not_picked":["Chaos","Compile Driver"],"picked":"Recycle","floor":10.0},{"not_picked":["Compile Driver","Skim"],"picked":"Reprogram","floor":11.0},{"not_picked":["Gash","Hologram","Streamline"],"picked":"SKIP","floor":12.0},{"not_picked":["Chaos","Rebound","Loop"],"picked":"SKIP","floor":13.0},{"not_picked":["Rainbow","Cold Snap","Ball Lightning"],"picked":"SKIP","floor":14.0},{"not_picked":["Rainbow","Reboot"],"picked":"Buffer","floor":16.0},{"not_picked":["Barrage","Storm","Rebound"],"picked":"SKIP","floor":18.0},{"not_picked":["Sweeping Beam","Tempest","Recycle"],"picked":"SKIP","floor":21.0},{"not_picked":["Beam Cell","Ball Lightning"],"picked":"Steam","floor":23.0},{"not_picked":["Electrodynamics","Go for the Eyes+1"],"picked":"Force Field","floor":25.0}],"player_experience":559366,"relics_obtained":[{"floor":7.0,"key":"Gambling Chip"},{"floor":9.0,"key":"Bag of Preparation"},{"floor":11.0,"key":"Darkstone Periapt"},{"floor":14.0,"key":"Blood Vial"},{"floor":19.0,"key":"Enchiridion"},{"floor":23.0,"key":"Smiling Mask"},{"floor":25.0,"key":"Nunchaku"},{"floor":26.0,"key":"Mercury Hourglass"}],"event_choices":[{"damage_healed":0.0,"max_hp_gain":0.0,"max_hp_loss":0.0,"gold_gain":0.0,"cards_transformed":["Defend_B"],"event_name":"Transmorgrifier","player_choice":"Transformed","floor":3.0,"gold_loss":0.0,"damage_taken":0.0,"cards_obtained":["Reboot"]},{"cards_removed":["Zap"],"damage_healed":0.0,"max_hp_gain":0.0,"max_hp_loss":0.0,"gold_gain":0.0,"event_name":"The Cleric","player_choice":"Card Removal","floor":5.0,"gold_loss":50.0,"damage_taken":0.0},{"damage_healed":0.0,"max_hp_gain":0.0,"max_hp_loss":0.0,"gold_gain":0.0,"event_name":"Cursed Tome","player_choice":"Obtained Book","floor":19.0,"gold_loss":0.0,"damage_taken":16.0},{"damage_healed":0.0,"max_hp_gain":5.0,"max_hp_loss":0.0,"gold_gain":0.0,"event_name":"Forgotten Altar","player_choice":"Shed Blood","floor":20.0,"gold_loss":0.0,"damage_taken":19.0}],"is_beta":false,"boss_relics":[{"not_picked":["Calling Bell","SlaversCollar"],"picked":"Astrolabe"}],"items_purged_floors":[4,22],"is_endless":false,"potions_floor_spawned":[1,2,12,13,14,18,25],"killed_by":"Book of Stabbing","ascension_level":10}}