{"host":"njo8qgvy2a57fcny","time":1611634172,"event":{"mods":["Aspiration","BaseMod","BetterRewards","CCEM","Colored Map","Colored Powertips","Conspire","Custom Start","Downfall","Energized Spire","GifTheSpireLib","Halation","Hermit","Hubris","Infinite Spire","Jedi Mod","Jorbs\u0027s Wanderer Trilogy","Mimic Mod","Minty Spire (QoL Compilation)","Quick Restart","Random Character Button","Random Character Mod","Rare Cards Sparkle","Relic Sorter","Replay The Spire","Shop Mod","StSLib","Stuff the Spire","The Animator","The Jungle","The Runesmith","The Servant 0.9.4","Unceasing Turn Reminder","thorton"],"gold_per_floor":[99,111,129,129,25,25,25,25],"floor_reached":6,"language":"ENG","playtime":280,"items_purged":[],"score":68,"play_id":"52322d87-b9ef-4d96-885b-2fc6adf304fe","local_time":"20210126150932","is_ascension_mode":true,"campfire_choices":[{"data":"Slimebound:Split","floor":1,"key":"SMITH"}],"circlet_count":0,"master_deck":["AscendersBane","Slimebound:Strike_Slimebound","Slimebound:Strike_Slimebound","Slimebound:Strike_Slimebound","Slimebound:Tackle","Slimebound:Defend_Slimebound","Slimebound:Defend_Slimebound","Slimebound:Defend_Slimebound","Slimebound:Defend_Slimebound","Slimebound:Split+1","Slimebound:CorrosiveSpit+1","Slimebound:HauntingLick","Slimebound:RainOfGoop","Slimebound:SpikyOuterGoop","Slimebound:Equalize","Slimebound:GoopSpray"],"relics":["Slimebound:AbsorbEndCombat","FossilizedHelix"],"acts_visited":["Exordium"],"potions_floor_usage":[],"damage_taken":[{"damage":5,"enemies":"Small Slimes","floor":2,"turns":3},{"damage":7,"enemies":"Jaw Worm","floor":3,"turns":4},{"damage":2,"enemies":"downfall:FleeingMerchant","floor":5,"turns":4},{"damage":68,"enemies":"Gremlin Nob","floor":6,"turns":4}],"seed_played":"2386284294249600396","potions_obtained":[],"is_trial":false,"path_per_floor":["R","M","M","?","$","E"],"character_chosen":"SLIMEBOUND","items_purchased":["Slimebound:Equalize","Slimebound:GoopSpray"],"campfire_rested":0,"item_purchase_floors":[5,5],"current_hp_per_floor":[53,50,49,49,55,0,0,0],"gold":25,"neow_bonus":"UPGRADE_CARD","is_daily":false,"chose_seed":false,"campfire_upgraded":1,"win_rate":0.0,"timestamp":1611634172,"path_taken":["R","M","M","?","?","E"],"items_purchased_type":["Card","Card"],"build_version":"2020-12-22","purchased_purges":0,"victory":false,"max_hp_per_floor":[59,59,59,59,59,59,59,59],"card_choices":[{"not_picked":["Slimebound:ComboTackle","Slimebound:SlimeBrawl"],"picked":"Slimebound:HauntingLick","floor":2},{"not_picked":["Slimebound:SlimeSpikes","Slimebound:Repurpose"],"picked":"Slimebound:RainOfGoop","floor":3},{"not_picked":["Slimebound:WasteNot","Slimebound:GoopTackle"],"picked":"Slimebound:SpikyOuterGoop","floor":5}],"player_experience":703687,"relics_obtained":[{"floor":4,"key":"FossilizedHelix"}],"event_choices":[],"is_beta":false,"boss_relics":[],"items_purged_floors":[],"is_endless":false,"potions_floor_spawned":[],"killed_by":"Gremlin Nob","ascension_level":20}}