{"host":"88sw61cmk1203zgj","time":1611634786,"event":{"mods":["BaseMod","Minty Spire (QoL Compilation)"],"gold_per_floor":[215,71,84,100,175,175,210,210,234,234,253,32,61,90,90,161,161,172,172,192,192,192,219,234,234,234,234,262,262,361,81,81,81,81],"floor_reached":33,"language":"ENG","playtime":2018,"items_purged":["Strike_G"],"score":559,"play_id":"9ebcc400-ffc7-44d1-a469-f62b3b5bb403","local_time":"20210125231946","is_ascension_mode":true,"campfire_choices":[{"data":"Armaments","floor":6.0,"key":"SMITH"},{"data":"Predator","floor":8,"key":"SMITH"},{"floor":10,"key":"REST"},{"data":"Glass Knife","floor":15,"key":"SMITH"},{"floor":25,"key":"REST"},{"data":"Defend_G","floor":27,"key":"PURGE"},{"data":"Strike_G","floor":29,"key":"PURGE"},{"floor":32,"key":"REST"}],"circlet_count":0,"master_deck":["AscendersBane","Strike_G","Strike_G","Strike_G","Defend_G","Defend_G","Defend_G","Defend_G","Survivor","Neutralize","Predator+1","Evaluate","Armaments+1","Headbutt","Shrug It Off","Glass Knife+1","Doppelganger","Ball Lightning","Beam Cell","Leg Sweep","Violence"],"relics":["Ring of the Snake","PrismaticShard","Lantern","Omamori","Pen Nib","Odd Mushroom","Black Star","Peace Pipe","Singing Bowl","Juzu Bracelet","Blood Vial","InkBottle","Kunai","CeramicFish"],"acts_visited":["Exordium","TheCity"],"potions_floor_usage":[7,16,23,28,33,33],"damage_taken":[{"damage":0.0,"enemies":"2 Louse","floor":1.0,"turns":5.0},{"damage":0.0,"enemies":"Small Slimes","floor":3.0,"turns":3.0},{"damage":2.0,"enemies":"Jaw Worm","floor":4.0,"turns":8.0},{"damage":12,"enemies":"3 Sentries","floor":7,"turns":7},{"damage":1,"enemies":"Blue Slaver","floor":11,"turns":3},{"damage":5,"enemies":"Gremlin Nob","floor":13,"turns":3},{"damage":11,"enemies":"The Mushroom Lair","floor":14,"turns":5},{"damage":0,"enemies":"Slime Boss","floor":16,"turns":3},{"damage":0,"enemies":"Chosen","floor":18,"turns":3},{"damage":11,"enemies":"Shell Parasite","floor":20,"turns":6},{"damage":33,"enemies":"Slavers","floor":23,"turns":7},{"damage":3,"enemies":"Snecko","floor":24,"turns":4},{"damage":33,"enemies":"Book of Stabbing","floor":28,"turns":6},{"damage":45,"enemies":"Champ","floor":33,"turns":9}],"seed_played":"6047895766273713356","potions_obtained":[{"floor":3.0,"key":"GamblersBrew"},{"floor":4.0,"key":"DuplicationPotion"},{"floor":11,"key":"FearPotion"},{"floor":14,"key":"SkillPotion"},{"floor":18,"key":"AttackPotion"},{"floor":28,"key":"LiquidBronze"}],"is_trial":false,"path_per_floor":["M","$","M","M","?","R","E","R","T","R","M","$","E","?","R","B",null,"M","?","M","?","T","E","M","R","T","R","E","R","?","$","R","B"],"character_chosen":"THE_SILENT","items_purchased":["PrismaticShard","Glass Knife","PowerPotion","FearPotion","Violence"],"campfire_rested":3,"item_purchase_floors":[2,12,31,31,31],"current_hp_per_floor":[63,63,63,61,50,50,38,38,38,59,58,58,53,42,42,42,63,63,63,52,52,52,19,20,41,41,41,12,12,12,12,34,0,0],"gold":81,"neow_bonus":"HUNDRED_GOLD","is_daily":false,"chose_seed":false,"campfire_upgraded":3,"win_rate":0.0,"timestamp":1611634786,"path_taken":["M","$","M","M","?","R","E","R","T","R","M","$","E","?","R","BOSS","M","?","M","?","?","E","M","R","T","R","E","R","?","$","R","BOSS"],"items_purchased_type":["Relic","Card","Potion","Potion","Card"],"build_version":"2020-12-22","purchased_purges":1,"victory":false,"max_hp_per_floor":[70,70,70,70,70,70,70,70,70,70,70,70,70,70,70,70,70,70,70,70,70,70,70,72,72,72,72,74,74,74,74,74,74,74],"card_choices":[{"not_picked":["Dagger Throw","Poisoned Stab"],"picked":"Predator","floor":1.0},{"not_picked":["JustLucky","Dodge and Roll"],"picked":"Evaluate","floor":3.0},{"not_picked":["Caltrops","Prostrate"],"picked":"Armaments","floor":4.0},{"not_picked":["Establishment","ClearTheMind"],"picked":"Headbutt","floor":7},{"not_picked":["Choke","Twin Strike"],"picked":"Shrug It Off","floor":11},{"not_picked":["Underhanded Strike","Endless Agony","Shrug It Off"],"picked":"SKIP","floor":13},{"not_picked":["Unload","Omniscience"],"picked":"Doppelganger","floor":16},{"not_picked":["CrushJoints","Combust"],"picked":"Ball Lightning","floor":18},{"not_picked":["Deadly Poison","Rage"],"picked":"Beam Cell","floor":20},{"not_picked":["Perfected Strike","Dramatic Entrance"],"picked":"Leg Sweep","floor":23},{"not_picked":["Acrobatics","Rage","Discovery"],"picked":"Singing Bowl","floor":24},{"not_picked":["Pommel Strike","Self Repair+1","Armaments"],"picked":"Singing Bowl","floor":28}],"player_experience":1524149,"relics_obtained":[{"floor":7,"key":"Lantern"},{"floor":9,"key":"Omamori"},{"floor":13,"key":"Pen Nib"},{"floor":14,"key":"Odd Mushroom"},{"floor":22,"key":"Singing Bowl"},{"floor":23,"key":"Juzu Bracelet"},{"floor":23,"key":"Blood Vial"},{"floor":26,"key":"InkBottle"},{"floor":28,"key":"Kunai"},{"floor":28,"key":"CeramicFish"}],"event_choices":[{"damage_healed":0.0,"max_hp_gain":0.0,"max_hp_loss":0.0,"gold_gain":75.0,"event_name":"World of Goop","player_choice":"Gather Gold","floor":5.0,"gold_loss":0.0,"damage_taken":11.0},{"damage_healed":0,"gold_gain":0,"player_choice":"Fought Mushrooms","damage_taken":0,"max_hp_gain":0,"max_hp_loss":0,"event_name":"Mushrooms","floor":14,"gold_loss":0},{"damage_healed":0,"gold_gain":0,"player_choice":"Ignored","damage_taken":0,"max_hp_gain":0,"max_hp_loss":0,"event_name":"Vampires","floor":19,"gold_loss":0},{"damage_healed":0,"gold_gain":0,"player_choice":"Opened","damage_taken":0,"relics_obtained":["Peace Pipe"],"max_hp_gain":0,"max_hp_loss":0,"event_name":"The Mausoleum","floor":21,"gold_loss":0},{"damage_healed":0,"gold_gain":99,"player_choice":"Stole From Cult","damage_taken":0,"max_hp_gain":0,"max_hp_loss":0,"event_name":"Nest","floor":30,"gold_loss":0}],"is_beta":false,"boss_relics":[{"not_picked":["HoveringKite","Sozu"],"picked":"Black Star"}],"items_purged_floors":[12],"is_endless":false,"potions_floor_spawned":[3,4,11,14,18,28],"killed_by":"Champ","ascension_level":13}}