{"host":"KYO","time":1611658982,"event":{"mods":["ATMod(阿瑾Mod)","BaseMod","Minty Spire (QoL Compilation)","Permanent Neow","Replay The Spire","Shop Mod","StSLib","SuperFastMode","TestMod","[IsaacMod]以撒尖塔","【遗物卡牌】REMEMod"],"gold_per_floor":[114,189,189,199,213,213,244,256,256,303,303,303,343,357,357,451,451,464,384,384,406,127,130,130],"floor_reached":23,"language":"ZHS","playtime":1242,"items_purged":[],"score":418,"play_id":"6f367e9b-c842-4972-8a72-326043676415","local_time":"20210126190302","is_ascension_mode":true,"campfire_choices":[{"data":"testmod-EnhanceArmerment","floor":6.0,"key":"SMITH"},{"data":"Eruption","floor":12.0,"key":"SMITH"},{"data":"AT_FamilyPortrait","floor":15,"key":"SMITH"}],"circlet_count":0,"master_deck":["AscendersBane","Strike_P+1","Strike_P+1","Strike_P+1","Strike_P+1","Defend_P","Defend_P","Defend_P","Defend_P","Eruption+1","Vigilance","BettingIsNotGood","AT_FamilyPortrait+1","testmod-EnhanceArmerment+1","FollowUp","Regret","JustLucky","AT_MachinaRedman"],"relics":["HushsDoor","AT_ATBox","REME_ComplimentaryCards","testmod-TestBox","Void","testmod-Prudence","testmod-EnergyCheck","Chameleon Ring","YumHeart","Replay:Accelerometer","AT_SilverBalance"],"acts_visited":["Exordium","TheCity"],"potions_floor_usage":[14],"damage_taken":[{"damage":0.0,"enemies":"Jaw Worm","floor":1.0,"turns":2.0},{"damage":9.0,"enemies":"2 Louse","floor":4.0,"turns":2.0},{"damage":0.0,"enemies":"Small Slimes","floor":5.0,"turns":2.0},{"damage":27.0,"enemies":"Replay:BlueRogue","floor":7.0,"turns":7.0},{"damage":6.0,"enemies":"Exordium Thugs","floor":8.0,"turns":3.0},{"damage":21.0,"enemies":"3 Sentries","floor":10.0,"turns":12.0},{"damage":16,"enemies":"Lagavulin","floor":13,"turns":6},{"damage":1,"enemies":"Gremlin Gang","floor":14,"turns":4},{"damage":20,"enemies":"Slime Boss","floor":16,"turns":7},{"damage":1,"enemies":"2 Thieves","floor":18,"turns":2},{"damage":0,"enemies":"Chosen","floor":21,"turns":3},{"damage":75,"enemies":"REME_1_Revenger","floor":23,"turns":3}],"seed_played":"-4216419119316213342","potions_obtained":[{"floor":5.0,"key":"PowerPotion"},{"floor":8.0,"key":"FairyPotion"},{"floor":11.0,"key":"Ambrosia"},{"floor":11.0,"key":"Fire Potion"},{"floor":14,"key":"Strength Potion"}],"is_trial":false,"path_per_floor":["M","?","?","M","M","R","E","M","T","E","?","R","E","M","R","B",null,"M","?","?","M","$","E"],"character_chosen":"WATCHER","items_purchased":["AT_SilverBalance"],"campfire_rested":0,"item_purchase_floors":[22],"current_hp_per_floor":[61,50,50,41,41,41,14,8,8,19,44,44,28,32,32,12,54,55,55,55,59,59,0,0],"gold":130,"neow_bonus":"BOSS_RELIC","is_daily":false,"chose_seed":false,"campfire_upgraded":3,"win_rate":0.0,"timestamp":1611658982,"path_taken":["M","?","?","M","M","R","E","M","T","E","?","R","E","?","R","BOSS","M","?","?","M","$","E"],"items_purchased_type":["Relic"],"build_version":"2020-12-18","purchased_purges":0,"victory":false,"max_hp_per_floor":[68,68,68,68,68,68,68,68,68,68,68,68,68,68,68,68,68,68,68,68,68,68,68,68],"card_choices":[{"not_picked":[],"picked":"BettingIsNotGood","floor":0.0},{"not_picked":["ClearTheMind","Collect"],"picked":"FollowUp","floor":1.0},{"not_picked":["Wireheading","Consecrate","Meditate"],"picked":"SKIP","floor":4.0},{"not_picked":["ClearTheMind","REME_Repentance","FollowUp"],"picked":"SKIP","floor":5.0},{"not_picked":["FlyingSleeves","Adaptation","Replay:ManipulateFuture"],"picked":"SKIP","floor":7.0},{"not_picked":["Crescendo","CarveReality","Nirvana"],"picked":"SKIP","floor":8.0},{"not_picked":["WaveOfTheHand","Worship","AT_OneInchPunch"],"picked":"SKIP","floor":10.0},{"not_picked":["Replay:Cycle","FlyingSleeves"],"picked":"JustLucky","floor":13},{"not_picked":["Judgement","EmptyFist","SandsOfTime"],"picked":"SKIP","floor":14},{"not_picked":["REME_CRH","Wish"],"picked":"AT_MachinaRedman","floor":16},{"not_picked":["DeceiveReality","AT_RealFormLess","Wireheading"],"picked":"SKIP","floor":18},{"not_picked":["Wireheading+1","SashWhip","Replay:ManipulateFuture"],"picked":"SKIP","floor":21}],"player_experience":681746,"relics_obtained":[{"floor":7.0,"key":"REME_LimitBreaker"},{"floor":9.0,"key":"Chameleon Ring"},{"floor":10.0,"key":"YumHeart"},{"floor":13,"key":"Replay:Accelerometer"}],"event_choices":[{"damage_healed":0.0,"max_hp_gain":0.0,"max_hp_loss":0.0,"gold_gain":75.0,"event_name":"World of Goop","player_choice":"Gather Gold","floor":2.0,"gold_loss":0.0,"damage_taken":11.0},{"damage_healed":0.0,"max_hp_gain":0.0,"max_hp_loss":0.0,"gold_gain":0.0,"event_name":"Big Fish","player_choice":"Box","floor":3.0,"gold_loss":0.0,"damage_taken":0.0,"relics_obtained":["Replay:Bottled Eggs"],"cards_obtained":["Regret"]},{"damage_healed":0.0,"max_hp_gain":0.0,"max_hp_loss":0.0,"gold_gain":0.0,"event_name":"Lab","player_choice":"Got Potions","floor":11.0,"gold_loss":0.0,"damage_taken":0.0},{"damage_healed":0,"gold_gain":0,"player_choice":"Swap Relic","damage_taken":0,"relics_obtained":["Simple Rune"],"max_hp_gain":0,"max_hp_loss":0,"event_name":"给自己的盒子","floor":20,"relics_lost":["REME_LimitBreaker"],"gold_loss":0}],"is_beta":true,"boss_relics":[{"not_picked":["Abe\u0027s Treasure","testmod-HarvestTotem"],"picked":"testmod-DeterminationOfClimber"},{"not_picked":[]}],"items_purged_floors":[],"is_endless":false,"potions_floor_spawned":[5,8,13,14,21],"killed_by":"REME_1_Revenger","ascension_level":20}}