{"host":"u1dfzl6o6mfmauc3","time":1611643298,"event":{"mods":["2.2 Compatiblity","AchievementEnabler","BaseMod","Block Reminder","Challenge The Spire","Dark Map","Hermit","Minty Spire (QoL Compilation)","Relic Stats","Robot Space Explorer","StSLib","The Disciple"],"gold_per_floor":[115,65,65,82,108,134,148,148,148,148,174,199,47,73,88,88,88,185,185,195,195,5,20,20,20,47,47,72,72,72,37,37,37,47,47,47,144,144,157,207,225,245,32,60,60,85,138,138,0,0,0,33,33,33],"floor_reached":55,"language":"ENG","playtime":6396,"items_purged":["Perfected Strike","Fire Breathing"],"score":916,"play_id":"87161004-6678-4690-ba51-eed3cc598a7d","local_time":"20210126014138","is_ascension_mode":true,"campfire_choices":[{"data":"Armaments","floor":8.0,"key":"SMITH"},{"data":"True Grit","floor":16.0,"key":"SMITH"},{"data":"Pommel Strike","floor":17.0,"key":"SMITH"},{"floor":25.0,"key":"RECALL"},{"data":"Demon Form","floor":27.0,"key":"SMITH"},{"data":"Evolve","floor":30.0,"key":"SMITH"},{"data":"Inflame","floor":32.0,"key":"SMITH"},{"data":"Metallicize","floor":35.0,"key":"SMITH"},{"data":"Shrug It Off","floor":36.0,"key":"SMITH"},{"data":"Feed","floor":45,"key":"SMITH"},{"data":"Demon Form","floor":50,"key":"SMITH"},{"data":"Battle Trance","floor":53,"key":"SMITH"}],"circlet_count":0,"master_deck":["Strike_R","Strike_R","Strike_R","Strike_R","Defend_R","Defend_R","Defend_R+1","Defend_R","Bash","Thunderclap","Armaments+1","Pommel Strike+1","Bloodletting+1","True Grit+1","Battle Trance+1","Demon Form+1","Twin Strike+1","Shrug It Off+1","Evolve+1","Reckless Charge","Metallicize+1","Inflame+1","Power Through+1","Feed+1","Battle Trance+1","True Grit+1","Reaper","Offering+1","Demon Form+1","Master of Strategy+1"],"relics":["Burning Blood","NeowsBlessing","Omamori","Question Card","Shuriken","HornCleat","Odd Mushroom","Bronze Scales","War Paint","Philosopher\u0027s Stone","Sundial","Toxic Egg 2","Mummified Hand","Anchor","Ginger","Mark of Pain","CaptainsWheel","Incense Burner","Bottled Tornado","Red Mask","PreservedInsect"],"acts_visited":["Exordium","TheCity","TheBeyond"],"potions_floor_usage":[44,46,54],"damage_taken":[{"damage":0.0,"enemies":"Small Slimes","floor":1.0,"turns":1.0},{"damage":0.0,"enemies":"Jaw Worm","floor":4.0,"turns":1.0},{"damage":0.0,"enemies":"Gremlin Nob","floor":6.0,"turns":1.0},{"damage":0.0,"enemies":"2 Louse","floor":7.0,"turns":2.0},{"damage":1.0,"enemies":"The Mushroom Lair","floor":11.0,"turns":3.0},{"damage":18.0,"enemies":"3 Sentries","floor":14.0,"turns":6.0},{"damage":5.0,"enemies":"Red Slaver","floor":15.0,"turns":4.0},{"damage":38.0,"enemies":"Slime Boss","floor":18.0,"turns":9.0},{"damage":3.0,"enemies":"Shell Parasite","floor":20.0,"turns":4.0},{"damage":9.0,"enemies":"Spheric Guardian","floor":23.0,"turns":3.0},{"damage":17.0,"enemies":"Slavers","floor":26.0,"turns":6.0},{"damage":9.0,"enemies":"Snake Plant","floor":34.0,"turns":3.0},{"damage":23.0,"enemies":"Collector","floor":37.0,"turns":7.0},{"damage":5,"enemies":"Orb Walker","floor":39,"turns":4},{"damage":13,"enemies":"Mind Bloom Boss Battle","floor":40,"turns":7},{"damage":1,"enemies":"3 Shapes","floor":41,"turns":7},{"damage":11,"enemies":"Writhing Mass","floor":42,"turns":6},{"damage":12,"enemies":"Reptomancer","floor":44,"turns":5},{"damage":6,"enemies":"Giant Head","floor":46,"turns":5},{"damage":13,"enemies":"Reptomancer","floor":52,"turns":7},{"damage":13,"enemies":"Time Eater","floor":54,"turns":7}],"seed_played":"-125885212386491512","potions_obtained":[{"floor":1.0,"key":"Weak Potion"},{"floor":7.0,"key":"ElixirPotion"},{"floor":15.0,"key":"SpeedPotion"},{"floor":18.0,"key":"SkillPotion"},{"floor":23.0,"key":"SkillPotion"},{"floor":34.0,"key":"SteroidPotion"},{"floor":41,"key":"FearPotion"},{"floor":44,"key":"SkillPotion"}],"is_trial":false,"path_per_floor":["M","?","?","M","T","E","M","R","T","T","?","T","$","E","M","R","R","B",null,"M","T","$","M","?","R","E","R","T","T","R","$","R","?","M","R","R","B",null,"M","?","M","M","$","E","R","E","T","?","?","R","$","E","R","B",null],"character_chosen":"IRONCLAD","items_purchased":["Fire Breathing","Shrug It Off","Evolve","Inflame","Offering+1","AttackPotion"],"campfire_rested":0,"item_purchase_floors":[13,22,22,31,43,43],"current_hp_per_floor":[80,80,85,85,85,85,85,85,85,85,85,85,85,73,74,74,74,42,85,85,85,85,82,82,82,71,71,71,71,71,71,71,71,68,68,68,51,85,88,84,92,87,87,94,94,97,97,87,87,87,87,97,97,90],"gold":33,"neow_bonus":"THREE_ENEMY_KILL","is_daily":false,"chose_seed":false,"campfire_upgraded":11,"win_rate":0.0,"timestamp":1611643298,"path_taken":["M","?","?","M","?","E","M","R","T","T","?","?","$","E","M","R","R","BOSS","M","?","$","M","?","R","E","R","T","T","R","?","R","?","M","R","R","BOSS","M","?","M","M","$","E","R","E","T","?","?","R","?","E","R","BOSS"],"items_purchased_type":["Card","Card","Card","Card","Card","Potion"],"build_version":"2020-12-22","purchased_purges":2,"victory":true,"max_hp_per_floor":[80,80,85,85,85,85,85,85,85,85,85,85,85,85,85,85,85,85,85,85,85,85,85,85,85,85,85,85,85,85,85,85,85,85,85,85,85,85,88,91,94,94,94,97,97,97,97,97,97,97,97,97,97,97],"relic_stats":{"counters":[21,98],"Shuriken":[34],"Sundial":[8],"Mummified Hand":[43],"Bronze Scales":[252],"PreservedInsect":0,"Ginger":[15],"War Paint":["Defend_R","Bloodletting"],"Question Card":20,"obtain_stats":[{"NeowsBlessing":0,"PreservedInsect":52,"Omamori":5,"Incense Burner":44,"Ginger":29,"Odd Mushroom":11,"War Paint":14,"Bottled Tornado":46,"Question Card":6,"Burning Blood":0,"Anchor":28,"CaptainsWheel":40,"HornCleat":10,"Shuriken":9,"Sundial":21,"Mummified Hand":26,"Bronze Scales":12,"Philosopher\u0027s Stone":19,"Mark of Pain":38,"Red Mask":49,"Toxic Egg 2":24},{"NeowsBlessing":0,"PreservedInsect":20,"Omamori":2,"Incense Burner":18,"Ginger":11,"Odd Mushroom":5,"War Paint":6,"Bottled Tornado":19,"Question Card":3,"Burning Blood":0,"Anchor":11,"CaptainsWheel":15,"HornCleat":4,"Shuriken":4,"Sundial":9,"Mummified Hand":11,"Bronze Scales":5,"Philosopher\u0027s Stone":8,"Mark of Pain":13,"Red Mask":19,"Toxic Egg 2":10},{"NeowsBlessing":0,"PreservedInsect":91,"Omamori":2,"Incense Burner":79,"Ginger":40,"Odd Mushroom":8,"War Paint":14,"Bottled Tornado":84,"Question Card":3,"Burning Blood":0,"Anchor":40,"CaptainsWheel":61,"HornCleat":5,"Shuriken":5,"Sundial":31,"Mummified Hand":40,"Bronze Scales":8,"Philosopher\u0027s Stone":27,"Mark of Pain":50,"Red Mask":84,"Toxic Egg 2":34}],"Burning Blood":81},"card_choices":[{"not_picked":["Sentinel","Heavy Blade"],"picked":"Perfected Strike","floor":1.0},{"not_picked":["Pummel","Clash"],"picked":"Thunderclap","floor":4.0},{"not_picked":["Iron Wave","Searing Blow"],"picked":"Armaments","floor":6.0},{"not_picked":["Twin Strike","Anger","Intimidate"],"picked":"Pommel Strike","floor":7.0},{"not_picked":["Armaments","Bludgeon","Hemokinesis"],"picked":"Bloodletting","floor":11.0},{"not_picked":["Blood for Blood","Warcry","Hemokinesis"],"picked":"True Grit","floor":14.0},{"not_picked":["Metallicize","Ghostly Armor","Headbutt"],"picked":"Battle Trance","floor":15.0},{"not_picked":["Bludgeon","Fiend Fire","Exhume"],"picked":"Demon Form","floor":18.0},{"not_picked":["Sever Soul","Flex","Battle Trance+1"],"picked":"Twin Strike+1","floor":20.0},{"not_picked":["True Grit","Pummel","Sever Soul+1"],"picked":"Reckless Charge","floor":23.0},{"not_picked":["Ghostly Armor+1","Warcry+1","Battle Trance+1"],"picked":"Metallicize","floor":26.0},{"not_picked":["Burning Pact+1","Hemokinesis","Shrug It Off+1","Second Wind+1"],"picked":"SKIP","floor":34.0},{"not_picked":["Brutality","Bludgeon","Impervious+1"],"picked":"Feed","floor":37.0},{"not_picked":["Havoc+1","Perfected Strike","Anger"],"picked":"Battle Trance+1","floor":39},{"not_picked":["Sword Boomerang","Iron Wave+1","Wild Strike"],"picked":"True Grit+1","floor":41},{"not_picked":["Inflame","Seeing Red+1","Hemokinesis"],"picked":"Reaper","floor":42},{"not_picked":["Thunderclap+1","Ghostly Armor+1","Hemokinesis"],"picked":"Demon Form","floor":44},{"not_picked":["Sword Boomerang","True Grit+1","Clothesline+1","Shrug It Off+1"],"picked":"SKIP","floor":46},{"not_picked":["Blind+1","Transmutation+1","PanicButton+1"],"picked":"Master of Strategy+1","floor":48},{"not_picked":["Warcry+1","Body Slam","Perfected Strike","Iron Wave"],"picked":"SKIP","floor":52}],"player_experience":150411,"relics_obtained":[{"floor":5.0,"key":"Omamori"},{"floor":6.0,"key":"Question Card"},{"floor":9.0,"key":"Shuriken"},{"floor":10.0,"key":"HornCleat"},{"floor":11.0,"key":"Odd Mushroom"},{"floor":12.0,"key":"Bronze Scales"},{"floor":14.0,"key":"War Paint"},{"floor":21.0,"key":"Sundial"},{"floor":26.0,"key":"Mummified Hand"},{"floor":28.0,"key":"Anchor"},{"floor":29.0,"key":"Ginger"},{"floor":40,"key":"CaptainsWheel"},{"floor":44,"key":"Incense Burner"},{"floor":46,"key":"Bottled Tornado"},{"floor":52,"key":"PreservedInsect"}],"event_choices":[{"cards_removed":["Strike_R"],"damage_healed":0.0,"max_hp_gain":0.0,"max_hp_loss":0.0,"gold_gain":0.0,"event_name":"The Cleric","player_choice":"Card Removal","floor":2.0,"gold_loss":50.0,"damage_taken":0.0},{"damage_healed":0.0,"max_hp_gain":5.0,"max_hp_loss":0.0,"gold_gain":0.0,"event_name":"Big Fish","player_choice":"Donut","floor":3.0,"gold_loss":0.0,"damage_taken":0.0},{"damage_healed":0.0,"max_hp_gain":0.0,"max_hp_loss":0.0,"gold_gain":0.0,"event_name":"Mushrooms","player_choice":"Fought Mushrooms","floor":11.0,"gold_loss":0.0,"damage_taken":0.0},{"damage_healed":0.0,"max_hp_gain":0.0,"max_hp_loss":0.0,"gold_gain":0.0,"event_name":"The Mausoleum","player_choice":"Opened","floor":24.0,"gold_loss":0.0,"damage_taken":0.0,"relics_obtained":["Toxic Egg 2"]},{"damage_healed":0.0,"max_hp_gain":0.0,"max_hp_loss":0.0,"gold_gain":0.0,"event_name":"The Library","player_choice":"Read","floor":33.0,"gold_loss":0.0,"damage_taken":0.0,"cards_obtained":["Power Through"]},{"damage_healed":0,"gold_gain":0,"player_choice":"Fight","damage_taken":0,"max_hp_gain":0,"max_hp_loss":0,"event_name":"MindBloom","floor":40,"gold_loss":0},{"damage_healed":0,"gold_gain":0,"player_choice":"Memory 3","damage_taken":10,"max_hp_gain":0,"max_hp_loss":0,"event_name":"SensoryStone","floor":48,"gold_loss":0},{"damage_healed":0,"gold_gain":0,"player_choice":"Paid","damage_taken":0,"relics_obtained":["Red Mask"],"max_hp_gain":0,"max_hp_loss":0,"event_name":"Tomb of Lord Red Mask","floor":49,"gold_loss":138}],"is_beta":false,"boss_relics":[{"not_picked":["Runic Pyramid","Velvet Choker"],"picked":"Philosopher\u0027s Stone"},{"not_picked":["Snecko Eye","Black Star"],"picked":"Mark of Pain"}],"items_purged_floors":[13,22],"is_endless":false,"potions_floor_spawned":[1,7,15,18,23,34,41,42,44],"ascension_level":3}}