{"host":"ELF","time":1611658220,"event":{"mods":["BaseMod","Bestiary","Minty Spire (QoL Compilation)","Relic Stats","Slay the Relics Exporter"],"gold_per_floor":[115,115,135,60,74,74,107,107,130,163,174,191,191,208,208,208,208],"floor_reached":16,"language":"ENG","playtime":752,"items_purged":["Regret"],"score":218,"play_id":"f2ebb663-5779-426a-939f-18c39c1fe8fa","local_time":"20210126045020","is_ascension_mode":true,"campfire_choices":[{"data":"Hemokinesis","floor":6.0,"key":"SMITH"},{"data":"Flame Barrier","floor":8.0,"key":"SMITH"},{"floor":15.0,"key":"REST"}],"circlet_count":0,"master_deck":["AscendersBane","Strike_R","Strike_R","Strike_R","Strike_R","Defend_R","Defend_R","Defend_R","Defend_R","Bash","Reaper","Hemokinesis+1","Flame Barrier+1","Clothesline","Bloodletting","Juggernaut","Uppercut"],"relics":["Burning Blood","PreservedInsect","Happy Flower","Smiling Mask","Sundial"],"acts_visited":["Exordium"],"potions_floor_usage":[],"damage_taken":[{"damage":21.0,"enemies":"Jaw Worm","floor":1.0,"turns":5.0},{"damage":11.0,"enemies":"Cultist","floor":3.0,"turns":4.0},{"damage":2.0,"enemies":"2 Louse","floor":5.0,"turns":2.0},{"damage":8.0,"enemies":"Gremlin Nob","floor":7.0,"turns":3.0},{"damage":12.0,"enemies":"Lagavulin","floor":10.0,"turns":5.0},{"damage":18.0,"enemies":"Lots of Slimes","floor":11.0,"turns":4.0},{"damage":42.0,"enemies":"Gremlin Gang","floor":12.0,"turns":8.0},{"damage":10.0,"enemies":"Large Slime","floor":14.0,"turns":6.0},{"damage":38,"enemies":"Hexaghost","floor":16,"turns":9}],"seed_played":"-7634462500177557119","potions_obtained":[{"floor":1.0,"key":"ColorlessPotion"},{"floor":10.0,"key":"Strength Potion"},{"floor":14.0,"key":"SteroidPotion"}],"is_trial":false,"path_per_floor":["M","?","M","$","M","R","E","R","T","E","M","M","?","M","R","B"],"character_chosen":"IRONCLAD","items_purchased":[],"campfire_rested":1,"item_purchase_floors":[],"current_hp_per_floor":[54,54,49,49,53,53,51,51,51,45,45,13,13,15,37,0,0],"gold":208,"neow_bonus":"ONE_RANDOM_RARE_CARD","is_daily":false,"chose_seed":false,"campfire_upgraded":2,"win_rate":0.0,"timestamp":1611658220,"path_taken":["M","?","M","$","M","R","E","R","T","E","M","M","?","?","R","BOSS"],"items_purchased_type":[],"build_version":"2020-12-18","purchased_purges":1,"victory":false,"max_hp_per_floor":[75,75,75,75,75,75,75,75,75,75,75,75,75,75,75,75,75],"relic_stats":{"Happy Flower":[10],"counters":[9,46],"Sundial":[4],"PreservedInsect":52,"Smiling Mask":0,"obtain_stats":[{"Happy Flower":7,"Sundial":10,"PreservedInsect":2,"Smiling Mask":9,"Burning Blood":0},{"Happy Flower":4,"Sundial":5,"PreservedInsect":1,"Smiling Mask":4,"Burning Blood":0},{"Happy Flower":14,"Sundial":19,"PreservedInsect":5,"Smiling Mask":14,"Burning Blood":0}],"Burning Blood":48},"card_choices":[{"not_picked":["Infernal Blade","Sever Soul"],"picked":"Hemokinesis","floor":1.0},{"not_picked":["Thunderclap","Fire Breathing"],"picked":"Flame Barrier","floor":3.0},{"not_picked":["Body Slam","Havoc"],"picked":"Clothesline","floor":5.0},{"not_picked":["Warcry","Headbutt"],"picked":"Bloodletting","floor":7.0},{"not_picked":["Double Tap","Sever Soul"],"picked":"Juggernaut","floor":10.0},{"not_picked":["Twin Strike","Clothesline","Flex"],"picked":"SKIP","floor":11.0},{"not_picked":["Headbutt","Iron Wave"],"picked":"Uppercut","floor":12.0},{"not_picked":["Thunderclap","Dark Embrace","Combust"],"picked":"SKIP","floor":14.0}],"player_experience":3304039,"relics_obtained":[{"floor":7.0,"key":"Happy Flower"},{"floor":9.0,"key":"Smiling Mask"},{"floor":10.0,"key":"Sundial"}],"event_choices":[{"damage_healed":0.0,"max_hp_gain":0.0,"max_hp_loss":0.0,"gold_gain":0.0,"event_name":"Big Fish","player_choice":"Box","floor":2.0,"gold_loss":0.0,"damage_taken":0.0,"relics_obtained":["PreservedInsect"],"cards_obtained":["Regret"]},{"cards_removed":["Strike_R"],"damage_healed":0.0,"max_hp_gain":0.0,"max_hp_loss":0.0,"gold_gain":0.0,"event_name":"Purifier","player_choice":"Purged","floor":13.0,"gold_loss":0.0,"damage_taken":0.0}],"is_beta":true,"boss_relics":[],"items_purged_floors":[4],"is_endless":false,"potions_floor_spawned":[1,10,14],"killed_by":"Hexaghost","ascension_level":19}}