{"host":"hszimsrtxxc2k25w","time":1611701661,"event":{"mods":["AchievementEnabler","BaseMod","Colored Map","DeckTracker","Minty Spire (QoL Compilation)","Rare Cards Sparkle","SuperFastMode"],"gold_per_floor":[109,127,147,161,43,43,57,57,57,57,84,104,104,104,104,104,104],"floor_reached":16,"language":"KOR","playtime":348,"items_purged":["Strike_G"],"score":199,"play_id":"f9b6bb95-1943-45d9-95eb-264a8e7d62fc","local_time":"20210127075421","is_ascension_mode":true,"campfire_choices":[{"data":"Prepared","floor":6.0,"key":"SMITH"},{"data":"Eviscerate","floor":8.0,"key":"SMITH"},{"floor":13,"key":"REST"},{"floor":15,"key":"REST"}],"circlet_count":0,"master_deck":["AscendersBane","Strike_G","Strike_G","Strike_G","Strike_G","Defend_G","Defend_G","Defend_G","Defend_G","Survivor","Neutralize","Poisoned Stab","Prepared+1","Eviscerate+1","All Out Attack","Dagger Throw"],"relics":["Ring of the Snake","NeowsBlessing","Strawberry","MealTicket","Golden Idol"],"acts_visited":["Exordium"],"potions_floor_usage":[11,16],"damage_taken":[{"damage":0.0,"enemies":"Cultist","floor":1.0,"turns":1.0},{"damage":0.0,"enemies":"2 Louse","floor":2.0,"turns":1.0},{"damage":0.0,"enemies":"Jaw Worm","floor":3.0,"turns":1.0},{"damage":9.0,"enemies":"3 Louse","floor":4.0,"turns":3.0},{"damage":16.0,"enemies":"Large Slime","floor":7.0,"turns":9.0},{"damage":27,"enemies":"Lagavulin","floor":11,"turns":7},{"damage":2,"enemies":"Exordium Wildlife","floor":12,"turns":2},{"damage":17,"enemies":"Hexaghost","floor":16,"turns":9}],"seed_played":"8141118332427530215","potions_obtained":[{"floor":7.0,"key":"GamblersBrew"},{"floor":11,"key":"SteroidPotion"},{"floor":12,"key":"SneckoOil"}],"is_trial":false,"path_per_floor":["M","M","M","M","$","R","M","R","T","?","E","M","R","?","R","B"],"character_chosen":"THE_SILENT","items_purchased":["Eviscerate"],"campfire_rested":2,"item_purchase_floors":[5],"current_hp_per_floor":[59,59,59,50,50,50,34,34,41,34,7,5,26,26,45,28,28],"gold":104,"neow_bonus":"THREE_ENEMY_KILL","is_daily":false,"chose_seed":true,"campfire_upgraded":2,"win_rate":0.0,"timestamp":1611701661,"path_taken":["M","?","M","M","$","R","M","R","T","?","E","M","R","?","R","BOSS"],"items_purchased_type":["Card"],"build_version":"2020-12-22","purchased_purges":1,"victory":false,"max_hp_per_floor":[66,66,66,66,66,66,66,66,73,73,73,73,73,66,66,66,66],"card_choices":[{"not_picked":["PiercingWail","Deflect"],"picked":"Poisoned Stab","floor":1.0},{"not_picked":["Blade Dance","Underhanded Strike","Dodge and Roll"],"picked":"SKIP","floor":2.0},{"not_picked":["Bane","Backflip"],"picked":"Prepared","floor":3.0},{"not_picked":["Dodge and Roll","Riddle With Holes","Terror"],"picked":"SKIP","floor":4.0},{"not_picked":["Terror","Slice","Dodge and Roll"],"picked":"SKIP","floor":7.0},{"not_picked":["Storm of Steel","Cloak And Dagger"],"picked":"All Out Attack","floor":11},{"not_picked":["Deflect","Dagger Spray"],"picked":"Dagger Throw","floor":12}],"player_experience":649839,"relics_obtained":[{"floor":9.0,"key":"Strawberry"},{"floor":11,"key":"MealTicket"}],"event_choices":[{"cards_removed":["Defend_G"],"damage_healed":0.0,"max_hp_gain":0.0,"max_hp_loss":0.0,"gold_gain":0.0,"event_name":"Golden Wing","player_choice":"Card Removal","floor":10.0,"gold_loss":0.0,"damage_taken":7.0},{"damage_healed":0,"gold_gain":0,"player_choice":"Lose Max HP","damage_taken":0,"relics_obtained":["Golden Idol"],"max_hp_gain":0,"max_hp_loss":7,"event_name":"Golden Idol","floor":14,"gold_loss":0}],"is_beta":false,"boss_relics":[],"items_purged_floors":[5],"is_endless":false,"potions_floor_spawned":[7,11,12],"killed_by":"Hexaghost","ascension_level":19}}