{"host":"4cz9gr89nglr7k8k","time":1611689585,"event":{"mods":["BaseMod","Minty Spire (QoL Compilation)","Relic Stats","Slay-I"],"gold_per_floor":[116,128,128,147,160,160,178,178,204,204,239,250,267,281,281,352,352,367,377,377,377],"floor_reached":20,"language":"DEU","playtime":746,"items_purged":[],"score":360,"play_id":"b1311b3a-5ce0-4df6-b7a5-348a2ff87cc5","local_time":"20210126203305","is_ascension_mode":true,"campfire_choices":[{"data":"Carnage","floor":6,"key":"SMITH"},{"data":"Rampage","floor":8,"key":"SMITH"},{"floor":15,"key":"REST"}],"circlet_count":0,"master_deck":["AscendersBane","Bash","Flex","Carnage+1","Rampage+1","Feel No Pain","Shrug It Off","Battle Trance","Sever Soul","Armaments","Sever Soul","Anger","Fiend Fire","Shockwave","Sever Soul","Berserk","Bludgeon","Fire Breathing","Shockwave","Bloodletting","Inflame","Clothesline+1"],"relics":["Burning Blood","NeowsBlessing","Nunchaku","Vajra","Pandora\u0027s Box"],"acts_visited":["Exordium","TheCity"],"potions_floor_usage":[16,16,19],"damage_taken":[{"damage":0,"enemies":"Cultist","floor":1,"turns":1},{"damage":0,"enemies":"Jaw Worm","floor":2,"turns":2},{"damage":0,"enemies":"Small Slimes","floor":4,"turns":1},{"damage":11,"enemies":"Blue Slaver","floor":5,"turns":3},{"damage":12,"enemies":"Large Slime","floor":7,"turns":7},{"damage":28,"enemies":"Lagavulin","floor":11,"turns":5},{"damage":3,"enemies":"Looter","floor":12,"turns":2},{"damage":20,"enemies":"Blue Slaver","floor":13,"turns":3},{"damage":11,"enemies":"Exordium Thugs","floor":14,"turns":4},{"damage":56,"enemies":"The Guardian","floor":16,"turns":9},{"damage":46,"enemies":"Shell Parasite","floor":18,"turns":5},{"damage":19,"enemies":"3 Byrds","floor":19,"turns":3},{"damage":13,"enemies":"Snecko","floor":20,"turns":3}],"seed_played":"1755898959840655916","potions_obtained":[{"floor":1,"key":"Regen Potion"},{"floor":2,"key":"Block Potion"},{"floor":4,"key":"Fire Potion"},{"floor":5,"key":"BloodPotion"},{"floor":18,"key":"LiquidMemories"}],"is_trial":false,"path_per_floor":["M","M","?","M","M","R","M","R","T","?","E","M","M","M","R","B",null,"M","M","M"],"character_chosen":"IRONCLAD","items_purchased":[],"campfire_rested":1,"item_purchase_floors":[],"current_hp_per_floor":[74,75,75,75,70,70,64,64,64,64,42,45,31,26,48,13,60,20,7,0,0],"gold":377,"neow_bonus":"THREE_ENEMY_KILL","is_daily":false,"chose_seed":false,"campfire_upgraded":2,"win_rate":0.0,"timestamp":1611689585,"path_taken":["M","?","?","?","M","R","M","R","T","?","E","M","M","M","R","BOSS","M","M","?"],"items_purchased_type":[],"build_version":"2020-12-22","purchased_purges":0,"victory":false,"max_hp_per_floor":[75,75,75,75,75,75,75,75,75,75,75,75,75,75,75,75,75,75,75,75,75],"relic_stats":{"Nunchaku":[5],"counters":[13,48],"Pandora\u0027s Box":["Shockwave","Sever Soul","Berserk","Bludgeon","Fire Breathing","Shockwave","Bloodletting"],"obtain_stats":[{"Nunchaku":9,"NeowsBlessing":0,"Vajra":11,"Pandora\u0027s Box":17,"Burning Blood":0},{"Nunchaku":5,"NeowsBlessing":0,"Vajra":6,"Pandora\u0027s Box":10,"Burning Blood":0},{"Nunchaku":14,"NeowsBlessing":0,"Vajra":19,"Pandora\u0027s Box":37,"Burning Blood":0}],"Burning Blood":61},"card_choices":[{"not_picked":["Spot Weakness","Twin Strike"],"picked":"Flex","floor":1},{"not_picked":["Flex","Dropkick"],"picked":"Carnage","floor":2},{"not_picked":["Body Slam","Clash"],"picked":"Rampage","floor":4},{"not_picked":["Havoc","Clothesline"],"picked":"Feel No Pain","floor":5},{"not_picked":["Heavy Blade","Bloodletting"],"picked":"Shrug It Off","floor":7},{"not_picked":["Feel No Pain","True Grit"],"picked":"Sever Soul","floor":11},{"not_picked":["Fire Breathing","Clothesline"],"picked":"Armaments","floor":12},{"not_picked":["Armaments","Dual Wield"],"picked":"Sever Soul","floor":13},{"not_picked":["Searing Blow","Armaments"],"picked":"Anger","floor":14},{"not_picked":["Limit Break","Barricade"],"picked":"Fiend Fire","floor":16},{"not_picked":["Anger","Perfected Strike"],"picked":"Inflame","floor":18},{"not_picked":["Rampage","Perfected Strike"],"picked":"Clothesline+1","floor":19}],"player_experience":1524376,"relics_obtained":[{"floor":9,"key":"Nunchaku"},{"floor":11,"key":"Vajra"}],"event_choices":[{"cards_removed":["Defend_R"],"damage_healed":0,"gold_gain":0,"player_choice":"Purged","damage_taken":0,"max_hp_gain":0,"max_hp_loss":0,"event_name":"Purifier","floor":3,"gold_loss":0},{"damage_healed":0,"gold_gain":0,"cards_transformed":["Strike_R"],"player_choice":"Transformed","damage_taken":0,"max_hp_gain":0,"max_hp_loss":0,"event_name":"Transmorgrifier","floor":10,"gold_loss":0,"cards_obtained":["Battle Trance"]}],"is_beta":false,"boss_relics":[{"not_picked":["Coffee Dripper","Empty Cage"],"picked":"Pandora\u0027s Box"}],"items_purged_floors":[],"is_endless":false,"potions_floor_spawned":[1,2,4,5,13,18],"killed_by":"Snecko","ascension_level":20}}