{"host":"Ringo","time":1611639731,"event":{"mods":["BaseMod","Colored Map","Conspire","Dota2Spire","Minty Spire (QoL Compilation)","Replay The Spire","StSLib","[IsaacMod]ÒÔÈö¼âËþ","¡¾ÒÅÎï¿¨ÅÆ¡¿REMEMod"],"gold_per_floor":[111,125,137,147,192,227,227,252,252,310,338,373,401,433,433,555,480,499,519,544,554,565,593,643,48,48,77,103,135,164,199,199,290,290,301,320,334,56,67,92,180,263,263,296,336,336,10,44,44,74,92],"floor_reached":52,"language":"ZHS","playtime":1976,"items_purged":["Twin Strike"],"score":3981,"play_id":"74a5e76f-3a3a-4e99-aec0-107b0fb15fcc","local_time":"20210126134211","daily_mods":["SealedDeck","Vintage","Diverse","Heirloom","Time Dilation","Flight","DeadlyEvents","Elite Swarm","Lethality","Binary"],"is_ascension_mode":true,"campfire_choices":[{"data":"Double Tap","floor":7,"key":"SMITH"},{"data":"Backflip","floor":15,"key":"SMITH"},{"data":"Twin Strike","floor":32,"key":"SMITH"},{"data":"Barricade","floor":46,"key":"SMITH"},{"floor":49,"key":"DIG"}],"circlet_count":0,"master_deck":["AscendersBane","BettingIsNotGood","Weave","CutThroughFate","Backstab","Leap","Twin Strike+1","FollowUp","FlyingSleeves","Beam Cell+1","Backflip+1","Double Tap+1","Underhanded Strike+1","After Image","SpiritShield+1","Adrenaline+1","Creative AI","Machine Learning","Barricade+1","Scrawl"],"relics":["HushsDoor","D4","Burning Blood","Replay:PocketPolymizer","Calipers","Gambling Chip","D6","Ginger","conspire:BottledYoYo","Dota2Spire:OrchidMalevolence","Quantum Egg","BookofShadows","Replay:Accelerometer","GnawedLeaf","conspire:TopHat","Dota2Spire:PhaseBoots","Oddly Smooth Stone","Empty Cage","Coffee Dripper","GuppysTail","RottenBaby","Pear","Bottled Lightning","Dota2Spire:PowerTreads","Torii","REME_HandOfSuture","Ornamental Fan","Dota2Spire:OctarineCore","ReplayTheSpireMod:Shallot","Dota2Spire:MantaStyle","Sundial","Tiny Chest","Eternal Feather","Divine Protection","Void","Replay:Bottled Flurry","SlaversCollar","GuppysHead","GuppysPaw","Dota2Spire:MonkeyKingBar","Pet Ghost","Replay:Mystery Machine","Matryoshka","Dota2Spire:EchoSabre","REME_ArchaeologicalTools","Boot","BFFS","War Paint","Dota2Spire:CrimsonGuard","Dota2Spire:DrumOfEndurance","Dream Catcher","Shovel","Dota2Spire:MaskOfMadness","Whetstone"],"acts_visited":["Exordium","TheCity","TheBeyond"],"potions_floor_usage":[4,51,51],"damage_taken":[{"damage":0,"enemies":"2 Louse","floor":1,"turns":1},{"damage":0,"enemies":"Small Slimes","floor":2,"turns":1},{"damage":0,"enemies":"Cultist","floor":3,"turns":1},{"damage":0,"enemies":"2 Fungi Beasts","floor":4,"turns":2},{"damage":0,"enemies":"Lots of Slimes","floor":5,"turns":2},{"damage":0,"enemies":"Gremlin Nob","floor":6,"turns":1},{"damage":0,"enemies":"Lagavulin","floor":8,"turns":2},{"damage":3,"enemies":"Gremlin Nob","floor":10,"turns":2},{"damage":0,"enemies":"Lagavulin","floor":11,"turns":1},{"damage":0,"enemies":"Gremlin Nob","floor":12,"turns":1},{"damage":0,"enemies":"Lagavulin","floor":13,"turns":1},{"damage":3,"enemies":"3 Sentries","floor":14,"turns":1},{"damage":0,"enemies":"Fading Forest","floor":16,"turns":7},{"damage":0,"enemies":"Shell Parasite","floor":18,"turns":1},{"damage":0,"enemies":"3 Byrds","floor":19,"turns":3},{"damage":0,"enemies":"Shelled Parasite and Fungi","floor":20,"turns":1},{"damage":0,"enemies":"Snake Plant","floor":21,"turns":1},{"damage":0,"enemies":"Cultist and Chosen","floor":22,"turns":2},{"damage":0,"enemies":"Book of Stabbing","floor":23,"turns":1},{"damage":0,"enemies":"Gremlin Leader","floor":24,"turns":2},{"damage":0,"enemies":"Slavers","floor":27,"turns":1},{"damage":0,"enemies":"Book of Stabbing","floor":28,"turns":1},{"damage":0,"enemies":"Gremlin Leader","floor":29,"turns":1},{"damage":0,"enemies":"Slavers","floor":30,"turns":2},{"damage":0,"enemies":"Gremlin Leader","floor":31,"turns":1},{"damage":0,"enemies":"conspire:MysteriousRune","floor":33,"turns":3},{"damage":0,"enemies":"3 Shapes","floor":35,"turns":1},{"damage":0,"enemies":"3 Darklings","floor":36,"turns":1},{"damage":0,"enemies":"Transient","floor":37,"turns":3},{"damage":0,"enemies":"Jaw Worm Horde","floor":39,"turns":1},{"damage":0,"enemies":"Reptomancer","floor":40,"turns":1},{"damage":0,"enemies":"Giant Head","floor":41,"turns":1},{"damage":0,"enemies":"R_Hoarder","floor":42,"turns":2},{"damage":0,"enemies":"Nemesis","floor":44,"turns":1},{"damage":0,"enemies":"R_Hoarder","floor":45,"turns":1},{"damage":0,"enemies":"Nemesis","floor":48,"turns":1},{"damage":0,"enemies":"Awakened One","floor":50,"turns":2},{"damage":0,"enemies":"Time Eater","floor":51,"turns":1}],"seed_played":"8726239223637717994","potions_obtained":[{"floor":1,"key":"StancePotion"},{"floor":3,"key":"LifebloodPotion"},{"floor":4,"key":"SpeedPotion"}],"is_trial":true,"path_per_floor":["M","M","M","M","M","E","R","E","T","E","E","E","E","E","R","B",null,"M","M","M","M","M","E","E","$","T","E","E","E","E","E","R","B",null,"M","M","M","$","M","E","E","E","T","E","E","R","$","E","R","B","B",null],"character_chosen":"WATCHER","items_purchased":["GuppysTail","RottenBaby","ReplayTheSpireMod:Shallot","Dota2Spire:MantaStyle","Underhanded Strike","GuppysHead","GuppysPaw","Matryoshka","Shovel"],"campfire_rested":0,"item_purchase_floors":[17,17,25,25,25,34,34,38,47],"current_hp_per_floor":[61,61,66,63,66,66,66,69,69,66,66,66,66,63,63,63,43,53,53,53,53,53,53,53,53,53,53,53,53,53,53,53,53,30,30,30,30,30,30,30,30,30,30,30,30,30,30,30,30,30,30],"gold":92,"neow_bonus":"","is_daily":false,"chose_seed":false,"campfire_upgraded":4,"win_rate":0.0,"timestamp":1611639731,"path_taken":["M","M","M","M","M","E","R","E","T","E","E","E","E","E","R","BOSS","M","M","M","M","M","E","E","$","T","E","E","E","E","E","R","BOSS","M","M","M","$","M","E","E","E","T","E","E","R","$","E","R","BOSS","BOSS"],"items_purchased_type":["Relic","Relic","Relic","Relic","Card","Relic","Relic","Relic","Relic"],"build_version":"2020-12-18","purchased_purges":1,"victory":true,"max_hp_per_floor":[68,68,68,63,66,66,66,69,69,69,69,69,69,69,69,69,43,53,53,53,53,53,53,53,53,53,53,53,53,53,53,53,53,30,30,30,30,30,30,30,30,30,30,30,30,30,30,30,30,30,30],"card_choices":[{"not_picked":[],"picked":"BettingIsNotGood","floor":0},{"not_picked":["Hyperbeam","Machine Learning"],"picked":"SKIP","floor":23},{"not_picked":["Envenom","Scrawl"],"picked":"SKIP","floor":24},{"not_picked":["Blasphemy"],"picked":"After Image","floor":27},{"not_picked":["ElectricPowerLearning","Envenom"],"picked":"SKIP","floor":28},{"not_picked":["Brutality","Corruption"],"picked":"SKIP","floor":29},{"not_picked":["Glass Knife","Multi-Cast"],"picked":"SKIP","floor":30},{"not_picked":["Corruption"],"picked":"SpiritShield","floor":31},{"not_picked":["Offering"],"picked":"Adrenaline","floor":33},{"not_picked":["Replay:Many Hands"],"picked":"Creative AI","floor":40},{"not_picked":["Poison Darts"],"picked":"Machine Learning","floor":41},{"not_picked":["Seek","Night Terror"],"picked":"SKIP","floor":42},{"not_picked":["Grand Finale","conspire:HitWhereItHurts"],"picked":"SKIP","floor":44},{"not_picked":["REME_Shoggoth"],"picked":"Barricade","floor":45},{"not_picked":["Multi-Cast"],"picked":"Scrawl","floor":48}],"player_experience":563966,"relics_obtained":[{"floor":1,"key":"Dota2Spire:AghanimScepter"},{"floor":2,"key":"PillsDrop"},{"floor":3,"key":"BlankCard"},{"floor":4,"key":"Dota2Spire:HandOfMidas"},{"floor":5,"key":"Replay:Baseball"},{"floor":6,"key":"MoneyPower"},{"floor":8,"key":"EdensBlessing"},{"floor":9,"key":"conspire:DecoderRing"},{"floor":10,"key":"Dota2Spire:BattleFury"},{"floor":11,"key":"D4"},{"floor":12,"key":"The Courier"},{"floor":13,"key":"SalivaCoin"},{"floor":14,"key":"Omamori"},{"floor":18,"key":"Pear"},{"floor":19,"key":"Bottled Lightning"},{"floor":20,"key":"Dota2Spire:PowerTreads"},{"floor":21,"key":"Torii"},{"floor":22,"key":"REME_HandOfSuture"},{"floor":23,"key":"Ornamental Fan"},{"floor":24,"key":"Dota2Spire:OctarineCore"},{"floor":26,"key":"Sundial"},{"floor":27,"key":"Tiny Chest"},{"floor":28,"key":"Eternal Feather"},{"floor":29,"key":"Divine Protection"},{"floor":30,"key":"Void"},{"floor":31,"key":"Replay:Bottled Flurry"},{"floor":35,"key":"Dota2Spire:MonkeyKingBar"},{"floor":36,"key":"Pet Ghost"},{"floor":37,"key":"Replay:Mystery Machine"},{"floor":39,"key":"Dota2Spire:EchoSabre"},{"floor":40,"key":"REME_ArchaeologicalTools"},{"floor":41,"key":"Boot"},{"floor":42,"key":"BFFS"},{"floor":43,"key":"War Paint"},{"floor":43,"key":"Dota2Spire:CrimsonGuard"},{"floor":44,"key":"Dota2Spire:DrumOfEndurance"},{"floor":45,"key":"Dream Catcher"},{"floor":48,"key":"Dota2Spire:MaskOfMadness"},{"floor":49,"key":"Whetstone"}],"event_choices":[],"is_beta":true,"boss_relics":[{"not_picked":["conspire:SlowCooker","Astrolabe"],"picked":"Cursed Key"},{"not_picked":[]},{"not_picked":["SacredBark","Runic Dome"],"picked":"SlaversCollar"},{"not_picked":[]}],"items_purged_floors":[17],"is_endless":false,"potions_floor_spawned":[1,3,4,10,14,20,21,23,27,28,29,30,40,41,42],"ascension_level":20}}