{"host":"kiczkwpc36uxnkg8","time":1611674128,"event":{"mods":["AchievementEnabler","Act Like it!","Aspiration","BaseMod","Colored Powertips","Energized Spire","GifTheSpireLib","Hubris","Infinite Spire","Koishi","Minty Spire (QoL Compilation)","Pale of the Ancients","Permanent Neow","Quick Restart","Relic Filter","Remilia??????","Replay The Spire","Spicy Shops","StSLib","Stuff the Spire","The Bug Knight","The Servant 0.9.4","Wandering Minibosses"],"gold_per_floor":[111,65,65,79,4,34,34,59,83,83,83,42,59,74,74,177,177,189,40,40,40,51,81,92,125,125,142,175,175,189,189,189,286,286,302,302,329,342,362,362,362,392,392,80,113,113,113,113,113,113,130,141,164,187,187,206,206,51,51,51],"floor_reached":61,"language":"ENG","playtime":2522,"items_purged":["Strike_G","Strike_G"],"score":1707,"play_id":"04f323f7-3c1d-4e2a-8170-9d75419e4f73","local_time":"20210126151528","is_ascension_mode":true,"campfire_choices":[{"floor":10.0,"key":"REST"},{"floor":15.0,"key":"REST"},{"floor":32.0,"key":"REST"},{"data":"Caltrops","floor":40.0,"key":"SMITH"},{"data":"StuffTheSpire:Incantation","floor":46.0,"key":"SMITH"},{"data":"ReplayTheSpireMod:Haul","floor":49.0,"key":"SMITH"},{"data":"FlawlessForm","floor":55,"key":"SMITH"},{"data":"SilverBlades","floor":57,"key":"SMITH"}],"circlet_count":0,"master_deck":["Strike_G","Strike_G","Defend_G","Defend_G","Defend_G","Defend_G","Defend_G","Survivor+1","Neutralize","Orbit","Rearm+1","Dilation+1","StuffTheSpire:Incantation+1","Envenom+1","Caltrops+1","Poisoned Stab","InstantArmor+1","DualDimension+1","FlawlessForm+1","StuffTheSpire:BrimstoneBlast","Flechettes+1","Clumsy","Gouge+1","ReplayTheSpireMod:Haul+1","Poisoned Stab+1","SilverBlades+1","ReplayTheSpireMod:Scrap Shanks","StuffTheSpire:BumpUp+1","Backflip+1","StarChef","Choke+1"],"relics":["aspiration:ServantSkillbook","Tiny Chest","aspiration:Lifesprig","Blood Vial","Ring of Chaos","Guide Book","Nilry\u0027s Codex","Onion Ring","Shuriken","StuffTheSpire:Rhapsscallions","Bag of Marbles","StrikeDummy","energizedSpire:HighHeels","Art of War","Pen Nib","Mirror","aspiration:Nostalgia","Koishi:ImaginaryFriend","Kunai","Bronze Scales","hubris:Icosahedron","aspiration:StickyExplosives_weak","paleoftheancients:Timepiece","paleoftheancients:KeyRelic","paleoftheancients:SoulOfTheSilent","paleoftheancients:SoulOfTheThorton","StuffTheSpire:Gunfinga"],"acts_visited":["Exordium","TheCity","TheBeyond","paleoftheancients:PaleOfTheAncients"],"potions_floor_usage":[52,60,60,60],"damage_taken":[{"damage":0.0,"enemies":"Cultist","floor":1.0,"turns":4.0},{"damage":0.0,"enemies":"Jaw Worm","floor":4.0,"turns":4.0},{"damage":0.0,"enemies":"Replay:BlueRogue","floor":6.0,"turns":4.0},{"damage":44.0,"enemies":"Gremlin Nob","floor":8.0,"turns":6.0},{"damage":0.0,"enemies":"Small Slimes","floor":13.0,"turns":3.0},{"damage":13.0,"enemies":"Red Slaver","floor":14.0,"turns":5.0},{"damage":0.0,"enemies":"Fading Forest","floor":16.0,"turns":11.0},{"damage":0.0,"enemies":"3 Byrds","floor":18.0,"turns":5.0},{"damage":3.0,"enemies":"Shell Parasite","floor":22.0,"turns":5.0},{"damage":0.0,"enemies":"HollowMod:Nosk","floor":23.0,"turns":7.0},{"damage":0.0,"enemies":"Snecko","floor":24.0,"turns":5.0},{"damage":8.0,"enemies":"Gremlin Leader","floor":25.0,"turns":7.0},{"damage":3.0,"enemies":"Centurion and Healer","floor":27.0,"turns":5.0},{"damage":30.0,"enemies":"Slavers","floor":28.0,"turns":5.0},{"damage":0.0,"enemies":"3 Cultists","floor":30.0,"turns":4.0},{"damage":0.0,"enemies":"Collector","floor":33.0,"turns":9.0},{"damage":0.0,"enemies":"3 Darklings","floor":35.0,"turns":5.0},{"damage":0.0,"enemies":"Orb Walker","floor":38.0,"turns":3.0},{"damage":0.0,"enemies":"Spire Growth","floor":39.0,"turns":4.0},{"damage":0.0,"enemies":"Nemesis","floor":42.0,"turns":7.0},{"damage":0.0,"enemies":"Reptomancer","floor":45.0,"turns":6.0},{"damage":13,"enemies":"Time Eater","floor":50,"turns":6},{"damage":45,"enemies":"Time Eater","floor":51,"turns":13},{"damage":22,"enemies":"Time Eater","floor":52,"turns":11},{"damage":0,"enemies":"paleoftheancients:Thorton3","floor":53,"turns":1},{"damage":0,"enemies":"paleoftheancients:Thorton3","floor":56,"turns":2},{"damage":134,"enemies":"paleoftheancients:N","floor":60,"turns":9}],"seed_played":"-952244533939771482","potions_obtained":[{"floor":8.0,"key":"Weak Potion"},{"floor":13.0,"key":"SteroidPotion"},{"floor":14.0,"key":"LifebloodPotion"},{"floor":22.0,"key":"AttackPotion"},{"floor":24.0,"key":"Reflective Coating"},{"floor":27.0,"key":"Weak Potion"},{"floor":30.0,"key":"Dexterity Potion"},{"floor":35.0,"key":"Toxic Potion"},{"floor":38.0,"key":"SkillPotion"},{"floor":45.0,"key":"DuplicationPotion"},{"floor":53,"key":"Reflective Coating"},{"floor":56,"key":"Languid Potion"}],"is_trial":false,"path_per_floor":["M","$","?","M","$","E","?","E","T","R","?","$","M","M","R","B",null,"M","$","?","T","M","E","M","E","T","M","E","?","M","?","R","B",null,"M","?","T","M","M","R","?","E","T","$","E","R","?","T","R","B","M","M","M","T","R","M","R","$","?","B",null],"character_chosen":"THE_SILENT","items_purchased":["Rearm","Caltrops","Guide Book","Kunai","SilverBlades","Choke+1"],"campfire_rested":3,"item_purchase_floors":[2,12,19,44,44,58],"current_hp_per_floor":[70,70,70,70,70,70,63,19,19,40,26,26,28,17,38,50,70,70,70,54,54,53,55,57,54,54,53,25,25,27,27,48,50,73,73,73,73,73,73,73,55,57,57,57,59,59,59,59,59,76,54,55,67,67,67,73,73,73,73,76],"gold":51,"neow_bonus":"BOSS_RELIC","is_daily":false,"chose_seed":false,"campfire_upgraded":5,"win_rate":0.0,"timestamp":1611674128,"path_taken":["M","?","?","?","$","E","?","E","T","R","?","$","M","M","R","BOSS","M","$","?","?","M","E","M","E","T","M","E","?","M","?","R","BOSS","M","?","?","M","?","R","?","E","T","$","E","R","?","?","R","BOSS","M","M","?","T","R","M","R","$","?","BOSS"],"items_purchased_type":["Card","Card","Relic","Relic","Card","Card"],"build_version":"2020-12-22","purchased_purges":2,"victory":true,"max_hp_per_floor":[70,70,70,70,70,70,70,70,70,70,70,70,70,70,70,70,70,70,70,70,70,70,70,70,73,73,73,73,73,73,73,73,73,73,73,73,73,73,73,73,73,73,73,73,73,73,73,73,73,76,76,76,76,76,76,76,76,76,76,76],"card_choices":[{"not_picked":["Underhanded Strike","Replace","Outmaneuver"],"picked":"Orbit","floor":1.0},{"not_picked":["hubris:SlightOfHand","ShatteredReality","ReplayTheSpireMod:Shiv Toss"],"picked":"StuffTheSpire:Incantation","floor":4.0},{"not_picked":["Replay:Bag of Tricks","ReplayTheSpireMod:Exploit Weakness","Outmaneuver","PiercingWail"],"picked":"SKIP","floor":6.0},{"not_picked":["Hightail","Poisoned Stab","Luminosity"],"picked":"Envenom","floor":8.0},{"not_picked":["Reflex","Unruled","Luminosity"],"picked":"Poisoned Stab","floor":13.0},{"not_picked":["Concentrate","Rearm","Dagger Spray","Sucker Punch"],"picked":"SKIP","floor":14.0},{"not_picked":["StuffTheSpire:Sprint+1","ShiftingGears","Revamp+1","StuffTheSpire:Python"],"picked":"SKIP","floor":18.0},{"not_picked":["DoubleEdge","Alleviate","StuffTheSpire:BumpUp"],"picked":"InstantArmor+1","floor":22.0},{"not_picked":["Replace","Dodge and Roll","Starlight+1","DoubleEdge"],"picked":"SKIP","floor":23.0},{"not_picked":["Initiator","Alleviate","Rearm"],"picked":"DualDimension","floor":24.0},{"not_picked":["Defy","Unload","StuffTheSpire:ClusterCrunch"],"picked":"FlawlessForm","floor":25.0},{"not_picked":["TimeWarp","Sucker Punch","Backflip+1"],"picked":"StuffTheSpire:BrimstoneBlast","floor":27.0},{"not_picked":["Defy","Underhanded Strike","Spin","A Thousand Cuts"],"picked":"SKIP","floor":28.0},{"not_picked":["ReplayTheSpireMod:Exploit Weakness","Ricochet+1","Replace"],"picked":"Flechettes+1","floor":30.0},{"not_picked":["Dagger Spray+1","Dagger Throw","DualDimension","StuffTheSpire:ReptileScales+1"],"picked":"SKIP","floor":35.0},{"not_picked":["Snipe+1","DualDimension","Infinite Blades+1"],"picked":"Gouge+1","floor":38.0},{"not_picked":["StuffTheSpire:Fury","Foresight","StuffTheSpire:Injection","ShatteredReality"],"picked":"SKIP","floor":39.0},{"not_picked":["Replay:Fractal Strike","ReplayTheSpireMod:??????????????????????"],"picked":"ReplayTheSpireMod:Haul","floor":41.0},{"not_picked":["Revamp","Distraction+1","StuffTheSpire:BumpUp"],"picked":"Poisoned Stab+1","floor":42.0},{"not_picked":["Sucker Punch+1","Manipulate","aspiration:Lunge","Defy+1"],"picked":"SKIP","floor":45.0},{"not_picked":["TimeWarp+1","Underhanded Strike","Barrier"],"picked":"ReplayTheSpireMod:Scrap Shanks","floor":51},{"not_picked":["Spin","Replace","Ricochet"],"picked":"StuffTheSpire:BumpUp+1","floor":52},{"not_picked":["Acrobatics+1","Unruled+1","WasteNot"],"picked":"Backflip+1","floor":53},{"not_picked":["Storm of Steel","FanOfKnives","Unruled"],"picked":"StarChef","floor":56}],"player_experience":643184,"relics_obtained":[{"floor":6.0,"key":"Tiny Chest"},{"floor":8.0,"key":"Blood Vial"},{"floor":20.0,"key":"Nilry\u0027s Codex"},{"floor":21.0,"key":"Onion Ring"},{"floor":23.0,"key":"Shuriken"},{"floor":25.0,"key":"StuffTheSpire:Rhapsscallions"},{"floor":26.0,"key":"Bag of Marbles"},{"floor":28.0,"key":"StrikeDummy"},{"floor":37.0,"key":"Pen Nib"},{"floor":42.0,"key":"Mirror"},{"floor":43.0,"key":"aspiration:Nostalgia"},{"floor":45.0,"key":"Bronze Scales"},{"floor":48.0,"key":"aspiration:StickyExplosives_weak"},{"floor":52,"key":"paleoftheancients:SoulOfTheSilent"},{"floor":53,"key":"paleoftheancients:SoulOfTheThorton"},{"floor":54,"key":"StuffTheSpire:Gunfinga"}],"event_choices":[{"damage_healed":0.0,"max_hp_gain":0.0,"max_hp_loss":0.0,"gold_gain":0.0,"event_name":"Match and Keep!","player_choice":"1 cards matched","floor":3.0,"gold_loss":0.0,"damage_taken":0.0,"cards_obtained":["Dilation"]},{"damage_healed":0.0,"max_hp_gain":0.0,"max_hp_loss":0.0,"gold_gain":0.0,"event_name":"Scrap Ooze","player_choice":"Success","floor":7.0,"gold_loss":0.0,"damage_taken":7.0,"relics_obtained":["aspiration:Lifesprig"]},{"damage_healed":0.0,"max_hp_gain":0.0,"max_hp_loss":0.0,"gold_gain":0.0,"event_name":"Shining Light","player_choice":"Entered Light","floor":11.0,"gold_loss":0.0,"damage_taken":14.0,"cards_upgraded":["Survivor","Rearm"]},{"damage_healed":0.0,"max_hp_gain":0.0,"max_hp_loss":0.0,"gold_gain":0.0,"event_name":"Cursed Tome","player_choice":"Obtained Book","floor":20.0,"gold_loss":0.0,"damage_taken":16.0},{"damage_healed":0.0,"max_hp_gain":0.0,"max_hp_loss":0.0,"gold_gain":0.0,"event_name":"WeMeetAgain","player_choice":"Gave Potion","floor":36.0,"gold_loss":0.0,"damage_taken":0.0,"relics_obtained":["Art of War"]}],"is_beta":false,"boss_relics":[{"not_picked":["ReplayTheSpireMod:DimensionalGlitch","Astrolabe"],"picked":"Ring of Chaos"},{"not_picked":["aspiration:SecretTechniqueScroll","Velvet Choker"],"picked":"energizedSpire:HighHeels"}],"items_purged_floors":[5,58],"is_endless":false,"potions_floor_spawned":[8,13,14,22,24,27,30,35,38,45,53,56],"ascension_level":1}}