{"host":"wuk1ltmmka824l9y","time":1611673046,"event":{"mods":["AchievementEnabler","BaseMod","Custom Start","DeckTracker","Minty Spire (QoL Compilation)","Quick Restart","StSLib","SuperFastMode"],"gold_per_floor":[109,109,122,135,154,154,181,181,206,281,281,315,13,47,47,146,146,157,171,199,199,210,221,256,256,276,330,356,271,287,303,228,228,324,324,335,350,350,350,9,9,21,50,74,74,103,103,103,119,119,119],"floor_reached":52,"language":"KOR","playtime":2470,"items_purged":["Strike_G","Deadly Poison"],"score":1198,"play_id":"ccaa7bcc-bdc8-462b-b2d6-cef6d708fc30","local_time":"20210126235726","is_ascension_mode":true,"campfire_choices":[{"data":"Dash","floor":6.0,"key":"SMITH"},{"floor":11.0,"key":"REST"},{"data":"Venomology","floor":15.0,"key":"SMITH"},{"floor":25.0,"key":"REST"},{"floor":33,"key":"REST"},{"floor":41,"key":"REST"},{"floor":45,"key":"REST"},{"floor":50,"key":"REST"}],"circlet_count":0,"master_deck":["Defend_G+1","Defend_G+1","Defend_G+1","Defend_G+1","Survivor+1","Neutralize+1","Crippling Poison+1","Calculated Gamble+1","Backflip+1","Acrobatics+1","Noxious Fumes+1","Venomology+1","Wraith Form v2+1","Tactician+1","Prepared+1","Flechettes+1","Acrobatics+1","Tactician+1","Reflex+1","Escape Plan+1","Heel Hook+1","Acrobatics+1","A Thousand Cuts+1","Flechettes+1","Flechettes+1","After Image+1","Escape Plan+1"],"relics":["Ring of the Snake","Art of War","Bronze Scales","Ancient Tea Set","War Paint","Lizard Tail","Fusion Hammer","Red Mask","Prayer Wheel","Bag of Preparation","Gremlin Horn","Happy Flower","Empty Cage","Sundial","Lantern","Potion Belt","Pen Nib","Mark of the Bloom"],"acts_visited":["Exordium","TheCity","TheBeyond"],"potions_floor_usage":[28,28,30,31,34,34,37,42,42,43,46,51,51,51,51,51,51,51],"damage_taken":[{"damage":1.0,"enemies":"Cultist","floor":1.0,"turns":4.0},{"damage":0.0,"enemies":"2 Louse","floor":3.0,"turns":3.0},{"damage":0.0,"enemies":"Small Slimes","floor":4.0,"turns":3.0},{"damage":5.0,"enemies":"Gremlin Gang","floor":5.0,"turns":3.0},{"damage":29.0,"enemies":"Lagavulin","floor":7.0,"turns":9.0},{"damage":18.0,"enemies":"3 Sentries","floor":12.0,"turns":7.0},{"damage":1.0,"enemies":"Gremlin Nob","floor":14.0,"turns":3.0},{"damage":14.0,"enemies":"The Guardian","floor":16.0,"turns":9.0},{"damage":9.0,"enemies":"Chosen","floor":18.0,"turns":4.0},{"damage":0.0,"enemies":"Spheric Guardian","floor":19.0,"turns":5.0},{"damage":21.0,"enemies":"Masked Bandits","floor":20.0,"turns":4.0},{"damage":4.0,"enemies":"Centurion and Healer","floor":22.0,"turns":3.0},{"damage":0.0,"enemies":"Snecko","floor":23.0,"turns":4.0},{"damage":10.0,"enemies":"Book of Stabbing","floor":24.0,"turns":5.0},{"damage":0.0,"enemies":"Snake Plant","floor":26.0,"turns":3.0},{"damage":2,"enemies":"Slavers","floor":28,"turns":3},{"damage":0,"enemies":"Centurion and Healer","floor":30,"turns":3},{"damage":3,"enemies":"Chosen and Byrds","floor":31,"turns":3},{"damage":15,"enemies":"Champ","floor":34,"turns":10},{"damage":17,"enemies":"3 Shapes","floor":36,"turns":3},{"damage":0,"enemies":"Orb Walker","floor":37,"turns":2},{"damage":0,"enemies":"3 Darklings","floor":42,"turns":1},{"damage":35,"enemies":"Nemesis","floor":43,"turns":5},{"damage":0,"enemies":"Reptomancer","floor":46,"turns":2},{"damage":0,"enemies":"Jaw Worm Horde","floor":49,"turns":1},{"damage":0,"enemies":"Awakened One","floor":51,"turns":3}],"seed_played":"-6192927807416809594","potions_obtained":[{"floor":3.0,"key":"Swift Potion"},{"floor":4.0,"key":"BlessingOfTheForge"},{"floor":12.0,"key":"AttackPotion"},{"floor":19.0,"key":"Dexterity Potion"},{"floor":20.0,"key":"FearPotion"},{"floor":24.0,"key":"SkillPotion"},{"floor":26.0,"key":"LiquidMemories"},{"floor":36,"key":"Fire Potion"},{"floor":43,"key":"CunningPotion"}],"is_trial":false,"path_per_floor":["M","?","M","M","M","R","E","?","T","?","R","E","$","E","R","B",null,"M","M","?","?","M","M","E","R","M","T","E","?","M","M","?","R","B",null,"M","M","?","?","$","R","M","E","T","R","E","?","?","M","R","B",null],"character_chosen":"THE_SILENT","items_purchased":["Noxious Fumes","War Paint","Sundial"],"campfire_rested":6,"item_purchase_floors":[13,13,40],"current_hp_per_floor":[62,62,62,62,57,57,28,28,28,17,38,20,20,19,19,20,58,49,49,42,42,38,38,28,49,49,49,47,47,47,44,44,65,50,65,48,48,48,48,48,66,66,31,31,50,50,50,50,50,50,50],"gold":119,"neow_bonus":"TRANSFORM_CARD","is_daily":false,"chose_seed":false,"campfire_upgraded":2,"win_rate":0.0,"timestamp":1611673046,"path_taken":["M","?","?","M","M","R","E","?","T","?","R","E","$","E","R","BOSS","M","M","?","?","?","M","E","R","M","T","E","?","M","M","?","R","BOSS","M","M","?","?","$","R","M","E","T","R","E","?","?","M","R","BOSS"],"items_purchased_type":["Card","Relic","Relic"],"build_version":"2020-12-22","purchased_purges":2,"victory":true,"max_hp_per_floor":[70,70,70,70,70,70,70,70,70,70,70,70,70,70,70,70,70,70,70,70,70,70,70,70,70,70,70,70,70,70,70,70,70,70,70,70,70,70,66,66,66,66,66,66,66,66,66,66,66,66,66],"card_choices":[{"not_picked":["Quick Slash","Endless Agony"],"picked":"Crippling Poison","floor":1.0},{"not_picked":["Cloak And Dagger","Eviscerate"],"picked":"Calculated Gamble","floor":3.0},{"not_picked":["Leg Sweep","Poisoned Stab"],"picked":"Backflip","floor":4.0},{"not_picked":["Deflect","Bane"],"picked":"Acrobatics","floor":5.0},{"not_picked":["Expertise","Flying Knee"],"picked":"Deadly Poison","floor":7.0},{"not_picked":["Tools of the Trade","Dagger Throw","Cloak And Dagger"],"picked":"SKIP","floor":12.0},{"not_picked":["Caltrops","Concentrate"],"picked":"Venomology","floor":14.0},{"not_picked":["Phantasmal Killer","Envenom"],"picked":"Wraith Form v2","floor":16.0},{"not_picked":["Skewer","Backflip","Backstab"],"picked":"SKIP","floor":18.0},{"not_picked":["Dash","Blade Dance","Slice+1"],"picked":"SKIP","floor":19.0},{"not_picked":["Prepared","Poisoned Stab+1"],"picked":"Tactician","floor":20.0},{"not_picked":["Crippling Poison","Calculated Gamble"],"picked":"Flechettes+1","floor":22.0},{"not_picked":["Setup+1","Bane+1"],"picked":"Acrobatics","floor":23.0},{"not_picked":["Backflip","Blade Dance"],"picked":"Tactician+1","floor":24.0},{"not_picked":["Backstab","Skewer"],"picked":"Reflex+1","floor":26.0},{"not_picked":["Caltrops","Prepared"],"picked":"Escape Plan","floor":26.0},{"not_picked":["Flechettes","Quick Slash","Bane+1"],"picked":"SKIP","floor":28},{"not_picked":["Tools of the Trade","Accuracy"],"picked":"Heel Hook+1","floor":30},{"not_picked":["Blade Dance","Riddle With Holes","Poisoned Stab+1"],"picked":"SKIP","floor":30},{"not_picked":["Deflect","Bane"],"picked":"Acrobatics","floor":31},{"not_picked":["Choke","Venomology","Terror"],"picked":"SKIP","floor":31},{"not_picked":["Night Terror","Doppelganger"],"picked":"A Thousand Cuts","floor":34},{"not_picked":["Cloak And Dagger","Terror","Skewer+1"],"picked":"SKIP","floor":36},{"not_picked":["Slice+1","Accuracy","Cloak And Dagger"],"picked":"SKIP","floor":36},{"not_picked":["Prepared","Bouncing Flask+1"],"picked":"Flechettes+1","floor":37},{"not_picked":["Eviscerate","Underhanded Strike+1","Quick Slash+1"],"picked":"SKIP","floor":37},{"not_picked":["Crippling Poison+1","Cloak And Dagger"],"picked":"Flechettes+1","floor":42},{"not_picked":["Dodge and Roll","Heel Hook","Well Laid Plans+1"],"picked":"SKIP","floor":42},{"not_picked":["Distraction+1","Outmaneuver+1"],"picked":"After Image","floor":43},{"not_picked":["Quick Slash","Caltrops+1","Backflip+1"],"picked":"SKIP","floor":46},{"not_picked":["Riddle With Holes+1","Masterful Stab"],"picked":"Escape Plan+1","floor":49},{"not_picked":["PiercingWail+1","Eviscerate+1","Dodge and Roll"],"picked":"SKIP","floor":49}],"player_experience":362234,"relics_obtained":[{"floor":7.0,"key":"Art of War"},{"floor":9.0,"key":"Bronze Scales"},{"floor":12.0,"key":"Ancient Tea Set"},{"floor":14.0,"key":"Lizard Tail"},{"floor":20.0,"key":"Red Mask"},{"floor":24.0,"key":"Prayer Wheel"},{"floor":27.0,"key":"Bag of Preparation"},{"floor":28,"key":"Gremlin Horn"},{"floor":43,"key":"Lantern"},{"floor":44,"key":"Potion Belt"},{"floor":46,"key":"Pen Nib"}],"event_choices":[{"damage_healed":0.0,"max_hp_gain":0.0,"max_hp_loss":0.0,"gold_gain":0.0,"event_name":"Upgrade Shrine","player_choice":"Upgraded","floor":2.0,"gold_loss":0.0,"damage_taken":0.0,"cards_upgraded":["Crippling Poison"]},{"damage_healed":0.0,"max_hp_gain":0.0,"max_hp_loss":0.0,"gold_gain":0.0,"event_name":"Dead Adventurer","player_choice":"Searched \u00270\u0027 times","floor":8.0,"gold_loss":0.0,"damage_taken":0.0},{"damage_healed":0.0,"max_hp_gain":0.0,"max_hp_loss":0.0,"gold_gain":75.0,"event_name":"World of Goop","player_choice":"Gather Gold","floor":10.0,"gold_loss":0.0,"damage_taken":11.0},{"damage_healed":0.0,"max_hp_gain":0.0,"max_hp_loss":0.0,"gold_gain":0.0,"event_name":"Masked Bandits","player_choice":"Fought Bandits","floor":20.0,"gold_loss":0.0,"damage_taken":0.0},{"damage_healed":0.0,"max_hp_gain":0.0,"max_hp_loss":0.0,"gold_gain":0.0,"cards_transformed":["Strike_G"],"event_name":"Transmorgrifier","player_choice":"Transformed","floor":21.0,"gold_loss":0.0,"damage_taken":0.0,"cards_obtained":["Prepared"]},{"damage_healed":0,"gold_gain":0,"player_choice":"Obtained Relic","damage_taken":0,"relics_obtained":["Happy Flower"],"max_hp_gain":0,"max_hp_loss":0,"event_name":"Addict","floor":29,"gold_loss":85},{"cards_removed":["Strike_G"],"damage_healed":0,"gold_gain":0,"player_choice":"Gave Gold","damage_taken":0,"max_hp_gain":0,"max_hp_loss":0,"event_name":"Beggar","floor":32,"gold_loss":75},{"cards_removed":["Dash"],"damage_healed":0,"gold_gain":0,"player_choice":"Removed Attack","damage_taken":0,"max_hp_gain":0,"max_hp_loss":0,"event_name":"Falling","floor":38,"gold_loss":0},{"damage_healed":0,"gold_gain":0,"player_choice":"Max HP","damage_taken":0,"max_hp_gain":0,"max_hp_loss":4,"event_name":"Winding Halls","floor":39,"gold_loss":0},{"damage_healed":0,"gold_gain":0,"player_choice":"Memory 1","damage_taken":0,"max_hp_gain":0,"max_hp_loss":0,"event_name":"SensoryStone","floor":47,"gold_loss":0},{"damage_healed":0,"gold_gain":0,"player_choice":"Upgrade","damage_taken":0,"relics_obtained":["Mark of the Bloom"],"max_hp_gain":0,"max_hp_loss":0,"event_name":"MindBloom","floor":48,"gold_loss":0,"cards_upgraded":["Defend_G","Defend_G","Defend_G","Survivor","Neutralize","Calculated Gamble","Acrobatics","Noxious Fumes","Wraith Form v2","Tactician","Prepared","Acrobatics","Escape Plan","Acrobatics","A Thousand Cuts","After Image"]}],"is_beta":false,"boss_relics":[{"not_picked":["Snecko Eye","Ectoplasm"],"picked":"Fusion Hammer"},{"not_picked":["Busted Crown","Calling Bell"],"picked":"Empty Cage"}],"items_purged_floors":[13,40],"is_endless":false,"potions_floor_spawned":[3,4,12,19,20,22,24,26,36,37,43],"ascension_level":8}}