{"host":"kpyf5rnb72uwap8k","time":1611693691,"event":{"mods":["AchievementEnabler","BaseMod","Colored Map","Colored Powertips","DeckTracker","Minty Spire (QoL Compilation)","Permanent Neow","Quick Restart","StSLib","SuperFastMode"],"gold_per_floor":[117,117,2,14,33,33,68,68,91,104,104,114,114,127,127,225,225,238,269,269,289,117,135,154,114,114,114,127,127,146,146],"floor_reached":30,"language":"KOR","playtime":779,"items_purged":["Strike_R","Strike_R"],"score":234,"play_id":"44b81c56-5200-42fd-b047-dd25d1aaa930","local_time":"20210127054131","is_ascension_mode":false,"campfire_choices":[{"data":"Hemokinesis","floor":6.0,"key":"SMITH"},{"floor":11.0,"key":"REST"},{"data":"Power Through","floor":13.0,"key":"SMITH"},{"data":"Rage","floor":15.0,"key":"SMITH"},{"data":"Entrench","floor":27,"key":"SMITH"},{"data":"Body Slam","floor":29,"key":"SMITH"}],"circlet_count":0,"master_deck":["Defend_R","Defend_R","Defend_R","Defend_R","Bash","Headbutt","Hemokinesis","Hemokinesis+1","Spot Weakness","Power Through+1","Rage+1","Ghostly Armor+1","Reckless Charge","Sword Boomerang","Entrench+1","Body Slam+1"],"relics":["Burning Blood","Vajra","MealTicket","Coffee Dripper","Red Mask","Oddly Smooth Stone"],"acts_visited":["Exordium","TheCity"],"potions_floor_usage":[24,30],"damage_taken":[{"damage":7.0,"enemies":"Small Slimes","floor":1.0,"turns":3.0},{"damage":12.0,"enemies":"Jaw Worm","floor":4.0,"turns":2.0},{"damage":8.0,"enemies":"Cultist","floor":5.0,"turns":3.0},{"damage":37.0,"enemies":"Lagavulin","floor":7.0,"turns":4.0},{"damage":7.0,"enemies":"Red Slaver","floor":10.0,"turns":3.0},{"damage":14.0,"enemies":"Exordium Thugs","floor":12.0,"turns":3.0},{"damage":4.0,"enemies":"3 Louse","floor":14.0,"turns":2.0},{"damage":47.0,"enemies":"Hexaghost","floor":16.0,"turns":12.0},{"damage":11.0,"enemies":"Chosen","floor":18.0,"turns":3.0},{"damage":45.0,"enemies":"Masked Bandits","floor":19.0,"turns":6.0},{"damage":9.0,"enemies":"Shell Parasite","floor":21.0,"turns":3.0},{"damage":8.0,"enemies":"Shelled Parasite and Fungi","floor":23.0,"turns":6.0},{"damage":16,"enemies":"Snake Plant","floor":24,"turns":3},{"damage":14,"enemies":"Centurion and Healer","floor":28,"turns":6},{"damage":25,"enemies":"Snecko","floor":30,"turns":5}],"seed_played":"2186057203628468601","potions_obtained":[{"floor":1.0,"key":"Ancient Potion"},{"floor":5.0,"key":"Ancient Potion"},{"floor":7.0,"key":"Explosive Potion"},{"floor":14.0,"key":"Block Potion"},{"floor":21.0,"key":"FearPotion"},{"floor":23.0,"key":"Energy Potion"},{"floor":24,"key":"DuplicationPotion"}],"is_trial":false,"path_per_floor":["M","?","$","M","M","R","E","?","T","M","R","M","R","M","R","B",null,"M","?","?","M","$","M","M","?","T","R","M","R","M"],"character_chosen":"IRONCLAD","items_purchased":["Hemokinesis","Entrench"],"campfire_rested":1,"item_purchase_floors":[3,22],"current_hp_per_floor":[79,79,79,73,71,71,40,33,33,32,56,48,48,50,50,9,80,75,36,36,33,48,46,36,36,36,36,28,28,9,9],"gold":146,"neow_bonus":"THREE_CARDS","is_daily":false,"chose_seed":false,"campfire_upgraded":5,"win_rate":0.0,"timestamp":1611693691,"path_taken":["M","?","$","M","M","R","E","?","T","M","R","M","R","M","R","BOSS","M","?","?","M","$","M","M","?","T","R","M","R","M"],"items_purchased_type":["Card","Card"],"build_version":"2020-12-22","purchased_purges":2,"victory":false,"max_hp_per_floor":[80,80,80,80,80,80,80,80,80,80,80,80,80,80,80,80,80,80,80,80,80,80,80,80,80,80,80,80,80,80,80],"card_choices":[{"not_picked":["Evolve","Uppercut"],"picked":"Headbutt","floor":0.0},{"not_picked":["Ghostly Armor","Clothesline"],"picked":"Hemokinesis","floor":1.0},{"not_picked":["Whirlwind","Infernal Blade","Dropkick"],"picked":"SKIP","floor":4.0},{"not_picked":["Anger","Havoc"],"picked":"Spot Weakness","floor":5.0},{"not_picked":["Perfected Strike","Offering","Body Slam"],"picked":"SKIP","floor":7.0},{"not_picked":["Thunderclap","Sword Boomerang","Infernal Blade"],"picked":"SKIP","floor":10.0},{"not_picked":["Dropkick","Brutality"],"picked":"Power Through","floor":12.0},{"not_picked":["Heavy Blade","Spot Weakness"],"picked":"Rage","floor":14.0},{"not_picked":["Headbutt","Perfected Strike"],"picked":"Ghostly Armor+1","floor":18.0},{"not_picked":["Perfected Strike+1","Wild Strike","Thunderclap"],"picked":"SKIP","floor":21.0},{"not_picked":["Headbutt","Iron Wave","Flex+1"],"picked":"SKIP","floor":23.0},{"not_picked":["Flame Barrier","Immolate","Uppercut"],"picked":"SKIP","floor":24},{"not_picked":["Ghostly Armor","True Grit+1"],"picked":"Body Slam","floor":28}],"player_experience":176819,"relics_obtained":[{"floor":7.0,"key":"Vajra"},{"floor":9.0,"key":"MealTicket"},{"floor":19.0,"key":"Red Mask"},{"floor":26,"key":"Oddly Smooth Stone"}],"event_choices":[{"damage_healed":0.0,"max_hp_gain":0.0,"max_hp_loss":0.0,"gold_gain":0.0,"event_name":"Shining Light","player_choice":"Ignored","floor":2.0,"gold_loss":0.0,"damage_taken":0.0},{"cards_removed":["Strike_R"],"damage_healed":0.0,"max_hp_gain":0.0,"max_hp_loss":0.0,"gold_gain":0.0,"event_name":"Golden Wing","player_choice":"Card Removal","floor":8.0,"gold_loss":0.0,"damage_taken":7.0},{"damage_healed":0.0,"max_hp_gain":0.0,"max_hp_loss":0.0,"gold_gain":0.0,"event_name":"Masked Bandits","player_choice":"Fought Bandits","floor":19.0,"gold_loss":0.0,"damage_taken":0.0},{"damage_healed":0.0,"max_hp_gain":0.0,"max_hp_loss":0.0,"gold_gain":0.0,"cards_transformed":["Strike_R","Strike_R"],"event_name":"Drug Dealer","player_choice":"Became Test Subject","floor":20.0,"gold_loss":0.0,"damage_taken":0.0,"cards_obtained":["Reckless Charge","Sword Boomerang"]},{"damage_healed":0,"gold_gain":0,"player_choice":"Bought 3 Potions","damage_taken":0,"max_hp_gain":0,"max_hp_loss":0,"event_name":"The Woman in Blue","floor":25,"gold_loss":0}],"is_beta":false,"boss_relics":[{"not_picked":["SacredBark","Snecko Eye"],"picked":"Coffee Dripper"}],"items_purged_floors":[3,22],"is_endless":false,"potions_floor_spawned":[1,5,7,14,21,23,24,28],"killed_by":"Snecko","ascension_level":0}}