{"host":"1x0iiauhsd6tfigj","time":1611642861,"event":{"mods":["AchievementEnabler","BaseMod","Block Reminder","Colored Map","Colored Powertips","DeckTracker","Googly Eyes","Highlight Path","Minty Spire (QoL Compilation)","Permanent Neow","Quick Restart","Relic Sorter","Relic Stats","Slay-I","StSLib"],"gold_per_floor":[114,36,51,51,51,81,81,96,121,121,136,136,151,166,166,266,266,281,30,30,30,45,75,90,90,90,105,120,135,150,165,165,265,265,280,280,77,92,4,34,49,49,49,64,12,27,27,42,42,42],"floor_reached":51,"language":"ENG","playtime":2042,"items_purged":["Eruption+1"],"score":805,"play_id":"fe8fe5c3-4456-4837-b575-25854ac30a4e","local_time":"20210125233421","daily_mods":["Chimera","Time Dilation","Lethality"],"is_ascension_mode":false,"campfire_choices":[{"data":"Zap","floor":7.0,"key":"SMITH"},{"data":"Eruption","floor":10.0,"key":"SMITH"},{"data":"Ghostly Armor","floor":12.0,"key":"SMITH"},{"data":"Survivor","floor":15.0,"key":"SMITH"},{"floor":25.0,"key":"REST"},{"floor":32.0,"key":"REST"},{"floor":42,"key":"REST"},{"floor":47,"key":"REST"},{"floor":49,"key":"REST"}],"circlet_count":0,"master_deck":["Bash","Survivor+1","Zap+1","Strike_R","Strike_G","Strike_B","Defend_R","Defend_G","Defend_P","Clothesline","Dropkick","Cleave","Whirlwind","Ghostly Armor+1","Cleave","Wild Strike","Iron Wave","Shrug It Off","Armaments","Sword Boomerang","Shrug It Off","Metallicize","Anger","Infernal Blade+1","Armaments","Thunderclap","Immolate","Spot Weakness","Shrug It Off","Intimidate","Dramatic Entrance","Ghostly Armor+1","Shrug It Off","Anger","Disarm"],"relics":["Burning Blood","Darkstone Periapt","Omamori","Fusion Hammer","MutagenicStrength","Du-Vu Doll","Gremlin Horn","Cursed Key","Bronze Scales","Brimstone","Centennial Puzzle","Self Forming Clay"],"acts_visited":["Exordium","TheCity","TheBeyond"],"potions_floor_usage":[40,50],"damage_taken":[{"damage":8.0,"enemies":"Cultist","floor":1.0,"turns":4.0},{"damage":0.0,"enemies":"2 Louse","floor":3.0,"turns":2.0},{"damage":12.0,"enemies":"Gremlin Nob","floor":6.0,"turns":3.0},{"damage":9.0,"enemies":"Small Slimes","floor":8.0,"turns":2.0},{"damage":8.0,"enemies":"Exordium Thugs","floor":11.0,"turns":3.0},{"damage":1.0,"enemies":"Exordium Wildlife","floor":13.0,"turns":2.0},{"damage":0.0,"enemies":"Looter","floor":14.0,"turns":2.0},{"damage":0.0,"enemies":"Slime Boss","floor":16.0,"turns":5.0},{"damage":24.0,"enemies":"2 Thieves","floor":18.0,"turns":3.0},{"damage":3.0,"enemies":"Chosen","floor":22.0,"turns":3.0},{"damage":38.0,"enemies":"Gremlin Leader","floor":23.0,"turns":5.0},{"damage":10.0,"enemies":"3 Cultists","floor":24.0,"turns":4.0},{"damage":11.0,"enemies":"Snake Plant","floor":27.0,"turns":4.0},{"damage":0.0,"enemies":"Sentry and Sphere","floor":28.0,"turns":3.0},{"damage":0.0,"enemies":"Cultist and Chosen","floor":29.0,"turns":4.0},{"damage":14.0,"enemies":"Snake Plant","floor":30.0,"turns":2.0},{"damage":10.0,"enemies":"3 Cultists","floor":31.0,"turns":3.0},{"damage":101.0,"enemies":"Champ","floor":33.0,"turns":11.0},{"damage":17,"enemies":"3 Darklings","floor":35,"turns":3},{"damage":0,"enemies":"Orb Walker","floor":38,"turns":1},{"damage":17,"enemies":"Reptomancer","floor":40,"turns":4},{"damage":0,"enemies":"Jaw Worm Horde","floor":41,"turns":1},{"damage":2,"enemies":"Spire Growth","floor":44,"turns":4},{"damage":21,"enemies":"Sphere and 2 Shapes","floor":46,"turns":4},{"damage":0,"enemies":"4 Shapes","floor":48,"turns":2},{"damage":28,"enemies":"Donu and Deca","floor":50,"turns":5}],"seed_played":"7295166269203286773","potions_obtained":[{"floor":1.0,"key":"FearPotion"},{"floor":3.0,"key":"Swift Potion"},{"floor":6.0,"key":"SpeedPotion"},{"floor":24.0,"key":"Regen Potion"},{"floor":27.0,"key":"Swift Potion"},{"floor":31.0,"key":"Fire Potion"},{"floor":33.0,"key":"SpeedPotion"},{"floor":38,"key":"SpeedPotion"},{"floor":41,"key":"Strength Potion"}],"is_trial":false,"path_per_floor":["M","$","M","?","?","E","R","M","T","R","M","R","M","M","R","B",null,"M","$","?","?","M","E","M","R","T","M","M","M","M","M","R","B",null,"M","?","$","M","$","E","M","R","T","M","$","M","R","M","R","B",null],"character_chosen":"IRONCLAD","items_purchased":["Dropkick","Armaments","PowerPotion","FairyPotion","Shrug It Off","Brimstone","Dramatic Entrance","Shrug It Off"],"campfire_rested":5,"item_purchase_floors":[2,19,19,19,37,37,39,45],"current_hp_per_floor":[78,78,80,85,85,79,79,76,76,76,74,74,79,85,85,85,85,67,67,67,67,70,38,34,59,59,54,69,75,67,63,85,31,85,74,74,74,80,80,69,75,85,85,85,85,70,85,85,85,63],"gold":42,"neow_bonus":"","is_daily":true,"chose_seed":false,"campfire_upgraded":4,"win_rate":0.0,"timestamp":1611642861,"path_taken":["M","$","M","?","?","E","R","M","T","R","M","R","M","M","R","BOSS","M","$","?","?","M","E","M","R","T","M","M","M","?","M","R","BOSS","M","?","?","M","$","E","M","R","T","?","$","M","R","M","R","BOSS"],"items_purchased_type":["Card","Card","Potion","Potion","Card","Relic","Card","Card"],"build_version":"2020-12-22","purchased_purges":1,"victory":true,"max_hp_per_floor":[80,80,80,85,85,85,85,85,85,85,85,85,85,85,85,85,85,85,85,85,85,85,85,85,85,85,85,85,85,85,85,85,85,85,85,85,85,85,85,85,85,85,85,85,85,85,85,85,85,85],"relic_stats":{"Darkstone Periapt":0,"Centennial Puzzle":[9],"Gremlin Horn":[15,15],"counters":[26,89],"Self Forming Clay":[21],"Bronze Scales":[28],"Cursed Key":1,"obtain_stats":[{"Darkstone Periapt":6,"Du-Vu Doll":23,"Centennial Puzzle":40,"Gremlin Horn":26,"Brimstone":37,"Self Forming Clay":43,"MutagenicStrength":20,"Bronze Scales":36,"Fusion Hammer":17,"Omamori":9,"Cursed Key":34,"Burning Blood":0},{"Darkstone Periapt":3,"Du-Vu Doll":11,"Centennial Puzzle":21,"Gremlin Horn":12,"Brimstone":19,"Self Forming Clay":22,"MutagenicStrength":9,"Bronze Scales":19,"Fusion Hammer":8,"Omamori":4,"Cursed Key":18,"Burning Blood":0},{"Darkstone Periapt":9,"Du-Vu Doll":34,"Centennial Puzzle":73,"Gremlin Horn":38,"Brimstone":68,"Self Forming Clay":74,"MutagenicStrength":26,"Bronze Scales":68,"Fusion Hammer":23,"Omamori":11,"Cursed Key":65,"Burning Blood":0}],"Burning Blood":136},"card_choices":[{"not_picked":["Bloodletting","Whirlwind"],"picked":"Clothesline","floor":1.0},{"not_picked":["Warcry","Shrug It Off"],"picked":"Cleave","floor":3.0},{"not_picked":["Havoc","Hemokinesis"],"picked":"Whirlwind","floor":6.0},{"not_picked":["Headbutt","Warcry"],"picked":"Ghostly Armor","floor":8.0},{"not_picked":["Clothesline","Flex"],"picked":"Cleave","floor":11.0},{"not_picked":["Searing Blow","Sword Boomerang"],"picked":"Wild Strike","floor":13.0},{"not_picked":["Headbutt","Reckless Charge"],"picked":"Iron Wave","floor":14.0},{"not_picked":["Burning Pact","Heavy Blade+1"],"picked":"Shrug It Off","floor":18.0},{"not_picked":["Whirlwind","Thunderclap"],"picked":"Shrug It Off","floor":22.0},{"not_picked":["Headbutt+1","Twin Strike"],"picked":"Metallicize","floor":23.0},{"not_picked":["Warcry","True Grit+1","Sword Boomerang+1"],"picked":"SKIP","floor":24.0},{"not_picked":["Hemokinesis","Ghostly Armor"],"picked":"Anger","floor":27.0},{"not_picked":["Barricade","Cleave"],"picked":"Infernal Blade+1","floor":28.0},{"not_picked":["Warcry","Pommel Strike+1"],"picked":"Armaments","floor":29.0},{"not_picked":["Reckless Charge","Havoc","Warcry+1"],"picked":"SKIP","floor":30.0},{"not_picked":["Sword Boomerang+1","Offering"],"picked":"Thunderclap","floor":31.0},{"not_picked":["Reaper","Limit Break"],"picked":"Immolate","floor":33.0},{"not_picked":["Headbutt+1","Wild Strike"],"picked":"Spot Weakness","floor":35},{"not_picked":["Sever Soul","Flex+1"],"picked":"Intimidate","floor":38},{"not_picked":["Hemokinesis+1","Blood for Blood+1","Clothesline+1"],"picked":"SKIP","floor":40},{"not_picked":["Warcry+1","Wild Strike+1"],"picked":"Ghostly Armor+1","floor":41},{"not_picked":["Whirlwind","Evolve+1","Clothesline"],"picked":"SKIP","floor":44},{"not_picked":["Armaments+1","Pommel Strike+1"],"picked":"Anger","floor":46},{"not_picked":["Sever Soul+1","Juggernaut"],"picked":"Disarm","floor":48}],"player_experience":1584920,"relics_obtained":[{"floor":6.0,"key":"Darkstone Periapt"},{"floor":9.0,"key":"Omamori"},{"floor":23.0,"key":"Du-Vu Doll"},{"floor":26.0,"key":"Gremlin Horn"},{"floor":40,"key":"Centennial Puzzle"},{"floor":43,"key":"Self Forming Clay"}],"event_choices":[{"damage_healed":0.0,"max_hp_gain":5.0,"max_hp_loss":0.0,"gold_gain":0.0,"event_name":"Big Fish","player_choice":"Donut","floor":4.0,"gold_loss":0.0,"damage_taken":0.0},{"damage_healed":0.0,"max_hp_gain":0.0,"max_hp_loss":0.0,"gold_gain":0.0,"event_name":"The Cleric","player_choice":"Leave","floor":5.0,"gold_loss":0.0,"damage_taken":0.0},{"damage_healed":0.0,"max_hp_gain":0.0,"max_hp_loss":0.0,"gold_gain":0.0,"event_name":"Drug Dealer","player_choice":"Inject Mutagens","floor":20.0,"gold_loss":0.0,"damage_taken":0.0,"relics_obtained":["MutagenicStrength"]},{"damage_healed":0.0,"max_hp_gain":0.0,"max_hp_loss":0.0,"gold_gain":0.0,"event_name":"Match and Keep!","player_choice":"1 cards matched","floor":21.0,"gold_loss":0.0,"damage_taken":0.0,"cards_obtained":["Sword Boomerang"]},{"damage_healed":0,"gold_gain":0,"player_choice":"Gave Potion","damage_taken":0,"relics_obtained":["Bronze Scales"],"max_hp_gain":0,"max_hp_loss":0,"event_name":"WeMeetAgain","floor":36,"gold_loss":0}],"is_beta":false,"boss_relics":[{"not_picked":["Pandora\u0027s Box","Sozu"],"picked":"Fusion Hammer"},{"not_picked":["Busted Crown","Velvet Choker"],"picked":"Cursed Key"}],"items_purged_floors":[19],"is_endless":false,"potions_floor_spawned":[1,3,6,24,27,31,33,38,41],"ascension_level":0}}