{"host":"qxt9611uhnemh1bn","time":1611620829,"event":{"mods":["AchievementEnabler","BaseMod","Minty Spire (QoL Compilation)","StSLib"],"gold_per_floor":[118,39,54,54,54,54,129,146,146,160,177,193,193,205,205,308,308,324,423,440,69,86,86,97,114,137,137,137,37,54,64,64,161,161,177,190,190,290,304,331,331,8,8,8,22,22,22,77,77,77,77,77,77,110,110,110],"floor_reached":55,"language":"ENG","playtime":3929,"items_purged":["Strike_G","Strike_G","Strike_G"],"score":741,"play_id":"1a6881d8-6001-4685-b7c1-0350594054ea","local_time":"20210125182709","is_ascension_mode":false,"campfire_choices":[{"data":"Neutralize","floor":6.0,"key":"SMITH"},{"data":"Noxious Fumes","floor":13.0,"key":"SMITH"},{"floor":15.0,"key":"REST"},{"data":"Noxious Fumes","floor":23.0,"key":"SMITH"},{"data":"Footwork","floor":28.0,"key":"SMITH"},{"data":"Footwork","floor":32.0,"key":"SMITH"},{"floor":41.0,"key":"RECALL"},{"data":"Envenom","floor":44.0,"key":"SMITH"},{"floor":49,"key":"REST"},{"data":"Bane","floor":52,"key":"SMITH"}],"circlet_count":0,"master_deck":["Defend_G","Defend_G","Defend_G+1","Defend_G+1","Defend_G+1","Survivor+1","Neutralize+1","Adrenaline","Deadly Poison","Footwork+1","Dodge and Roll","Deflect","Poisoned Stab","Noxious Fumes+1","Noxious Fumes+1","Backflip","Footwork+1","Well Laid Plans","Night Terror","Envenom+1","PiercingWail+1","Flying Knee","Bane+1"],"relics":["Ring of the Snake","War Paint","Sozu","Regal Pillow","OrangePellets","Anchor","Runic Pyramid","Boot","TwistedFunnel","Dead Branch","Pear"],"acts_visited":["Exordium","TheCity","TheBeyond","TheEnding"],"potions_floor_usage":[50,55],"damage_taken":[{"damage":0.0,"enemies":"Cultist","floor":1.0,"turns":5.0},{"damage":0.0,"enemies":"Jaw Worm","floor":3.0,"turns":5.0},{"damage":0.0,"enemies":"Small Slimes","floor":8.0,"turns":5.0},{"damage":2.0,"enemies":"Gremlin Gang","floor":10.0,"turns":11.0},{"damage":11.0,"enemies":"3 Louse","floor":11.0,"turns":3.0},{"damage":0.0,"enemies":"2 Fungi Beasts","floor":12.0,"turns":5.0},{"damage":4.0,"enemies":"Gremlin Gang","floor":14.0,"turns":5.0},{"damage":32.0,"enemies":"The Guardian","floor":16.0,"turns":8.0},{"damage":3.0,"enemies":"Spheric Guardian","floor":18.0,"turns":5.0},{"damage":0.0,"enemies":"Chosen","floor":20.0,"turns":6.0},{"damage":0.0,"enemies":"Shelled Parasite and Fungi","floor":22.0,"turns":6.0},{"damage":0.0,"enemies":"3 Cultists","floor":24.0,"turns":5.0},{"damage":11.0,"enemies":"Snake Plant","floor":25.0,"turns":5.0},{"damage":6.0,"enemies":"Shelled Parasite and Fungi","floor":30.0,"turns":5.0},{"damage":0.0,"enemies":"Centurion and Healer","floor":31.0,"turns":6.0},{"damage":0.0,"enemies":"Champ","floor":33.0,"turns":17.0},{"damage":3.0,"enemies":"3 Darklings","floor":35.0,"turns":7.0},{"damage":0.0,"enemies":"3 Shapes","floor":36.0,"turns":6.0},{"damage":0.0,"enemies":"Spire Growth","floor":39.0,"turns":9.0},{"damage":0.0,"enemies":"Nemesis","floor":40.0,"turns":9.0},{"damage":0.0,"enemies":"Jaw Worm Horde","floor":45.0,"turns":6.0},{"damage":15.0,"enemies":"2 Orb Walkers","floor":48.0,"turns":6.0},{"damage":57,"enemies":"Awakened One","floor":50,"turns":19},{"damage":21,"enemies":"Shield and Spear","floor":54,"turns":8},{"damage":51,"enemies":"The Heart","floor":55,"turns":12}],"seed_played":"-7263188095871127567","potions_obtained":[{"floor":1.0,"key":"SneckoOil"},{"floor":8.0,"key":"Fire Potion"},{"floor":10.0,"key":"ColorlessPotion"},{"floor":12.0,"key":"LiquidBronze"},{"floor":16.0,"key":"ColorlessPotion"}],"is_trial":false,"path_per_floor":["M","$","M","?","?","R","?","M","T","M","M","M","R","M","R","B",null,"M","?","M","$","M","R","M","M","T","?","R","$","M","M","R","B",null,"M","M","?","?","M","E","R","$","T","R","M","?","$","?","R","B",null,"R","$","E","B"],"character_chosen":"THE_SILENT","items_purchased":["Footwork","Regal Pillow","OrangePellets","TwistedFunnel","Flying Knee"],"campfire_rested":2,"item_purchase_floors":[2,21,21,42,42],"current_hp_per_floor":[63,63,63,50,43,43,37,37,37,35,24,24,24,20,38,6,63,60,60,60,60,60,60,60,49,49,49,49,49,43,43,43,43,63,60,60,60,60,60,60,60,60,60,60,60,60,60,45,60,3,60,60,60,49,0,0],"gold":110,"neow_bonus":"THREE_RARE_CARDS","is_daily":false,"chose_seed":false,"campfire_upgraded":7,"win_rate":0.0,"timestamp":1611620829,"path_taken":["M","$","M","?","?","R","?","M","T","M","?","M","R","M","R","BOSS","M","?","M","$","M","R","M","M","T","?","R","$","M","?","R","BOSS","M","M","?","?","?","E","R","$","T","R","M","?","$","?","R","BOSS","R","$","E","BOSS"],"items_purchased_type":["Card","Relic","Relic","Relic","Card"],"build_version":"2020-12-22","purchased_purges":3,"victory":false,"max_hp_per_floor":[63,63,63,63,63,63,63,63,63,63,63,63,63,63,63,63,63,63,63,63,63,63,63,63,63,63,63,63,63,63,63,63,63,63,63,63,63,63,63,63,63,63,63,63,63,60,60,60,60,60,60,60,60,70,70,70],"card_choices":[{"not_picked":["Bullet Time","Unload"],"picked":"Adrenaline","floor":0.0},{"not_picked":["Masterful Stab","Crippling Poison"],"picked":"Deadly Poison","floor":1.0},{"not_picked":["Underhanded Strike","Caltrops"],"picked":"Dodge and Roll","floor":3.0},{"not_picked":["Slice","Reflex"],"picked":"Deflect","floor":8.0},{"not_picked":["Cloak And Dagger","Distraction"],"picked":"Poisoned Stab","floor":10.0},{"not_picked":["Infinite Blades","Quick Slash"],"picked":"Noxious Fumes","floor":11.0},{"not_picked":["Masterful Stab","Distraction","Quick Slash"],"picked":"SKIP","floor":12.0},{"not_picked":["Escape Plan","Heel Hook"],"picked":"Noxious Fumes","floor":14.0},{"not_picked":["Dagger Throw","Riddle With Holes"],"picked":"Backflip","floor":18.0},{"not_picked":["Deflect+1","Dagger Throw+1"],"picked":"Footwork","floor":20.0},{"not_picked":["Dagger Throw","Choke","Accuracy"],"picked":"SKIP","floor":22.0},{"not_picked":["Distraction+1","Predator"],"picked":"Well Laid Plans","floor":24.0},{"not_picked":["Outmaneuver","Distraction","Acrobatics"],"picked":"SKIP","floor":25.0},{"not_picked":["Blade Dance","Heel Hook+1","Setup+1"],"picked":"SKIP","floor":30.0},{"not_picked":["Accuracy","Dash","Poisoned Stab"],"picked":"SKIP","floor":31.0},{"not_picked":["Unload","Die Die Die"],"picked":"Envenom","floor":33.0},{"not_picked":["Dagger Throw+1","Escape Plan","Deflect"],"picked":"SKIP","floor":35.0},{"not_picked":["Infinite Blades","Backflip","Poisoned Stab+1"],"picked":"SKIP","floor":36.0},{"not_picked":["Underhanded Strike+1","Corpse Explosion"],"picked":"PiercingWail+1","floor":39.0},{"not_picked":["Malaise","Predator","Infinite Blades"],"picked":"SKIP","floor":40.0},{"not_picked":["Blade Dance+1","Sucker Punch+1"],"picked":"Bane","floor":45.0},{"not_picked":["Leg Sweep","Cloak And Dagger","Flying Knee+1"],"picked":"SKIP","floor":54}],"player_experience":216933,"relics_obtained":[{"floor":9.0,"key":"War Paint"},{"floor":26.0,"key":"Anchor"},{"floor":40.0,"key":"Boot"},{"floor":48.0,"key":"Dead Branch"},{"floor":54,"key":"Pear"}],"event_choices":[{"damage_healed":0.0,"max_hp_gain":0.0,"max_hp_loss":0.0,"gold_gain":0.0,"event_name":"Shining Light","player_choice":"Entered Light","floor":4.0,"gold_loss":0.0,"damage_taken":13.0,"cards_upgraded":["Survivor","Defend_G"]},{"cards_removed":["Strike_G"],"damage_healed":0.0,"max_hp_gain":0.0,"max_hp_loss":0.0,"gold_gain":0.0,"event_name":"Golden Wing","player_choice":"Card Removal","floor":5.0,"gold_loss":0.0,"damage_taken":7.0},{"damage_healed":0.0,"max_hp_gain":0.0,"max_hp_loss":0.0,"gold_gain":75.0,"event_name":"FaceTrader","player_choice":"Touch","floor":7.0,"gold_loss":0.0,"damage_taken":6.0},{"damage_healed":0.0,"max_hp_gain":0.0,"max_hp_loss":0.0,"gold_gain":99.0,"event_name":"Nest","player_choice":"Stole From Cult","floor":19.0,"gold_loss":0.0,"damage_taken":0.0},{"damage_healed":0.0,"max_hp_gain":0.0,"max_hp_loss":0.0,"gold_gain":0.0,"event_name":"Match and Keep!","player_choice":"1 cards matched","floor":27.0,"gold_loss":0.0,"damage_taken":0.0,"cards_obtained":["Night Terror"]},{"cards_removed":["Strike_G"],"damage_healed":0.0,"max_hp_gain":0.0,"max_hp_loss":0.0,"gold_gain":0.0,"event_name":"Falling","player_choice":"Removed Attack","floor":37.0,"gold_loss":0.0,"damage_taken":0.0},{"damage_healed":0.0,"max_hp_gain":0.0,"max_hp_loss":0.0,"gold_gain":100.0,"event_name":"Golden Shrine","player_choice":"Pray","floor":38.0,"gold_loss":0.0,"damage_taken":0.0},{"damage_healed":0.0,"max_hp_gain":0.0,"max_hp_loss":3.0,"gold_gain":0.0,"event_name":"Winding Halls","player_choice":"Max HP","floor":46.0,"gold_loss":0.0,"damage_taken":0.0},{"damage_healed":0.0,"max_hp_gain":0.0,"max_hp_loss":0.0,"gold_gain":0.0,"event_name":"Mysterious Sphere","player_choice":"Fight","floor":48.0,"gold_loss":0.0,"damage_taken":0.0}],"is_beta":false,"boss_relics":[{"not_picked":["Cursed Key","Tiny House"],"picked":"Sozu"},{"not_picked":["WristBlade","SacredBark"],"picked":"Runic Pyramid"}],"items_purged_floors":[21,29,42],"is_endless":false,"potions_floor_spawned":[1,8,10,12,16,20,24,30,33,35,39,40,48],"killed_by":"The Heart","ascension_level":0}}