{"host":"0qlrtuw7bw78ucw4","time":1611643321,"event":{"mods":["BaseMod","Downfall","Minty Spire (QoL Compilation)","StSLib"],"gold_per_floor":[99,99,99,99,99,111,111,123,139,139,153,63,63,63,74,171,171,171,183,68,68,68,84,84,103,103,103,103,103],"floor_reached":27,"language":"ENG","playtime":1355,"items_purged":["Slimebound:Strike_Slimebound","Pain"],"score":322,"play_id":"a2bfa469-cf5b-4581-8768-84076ddb108c","local_time":"20210126174201","is_ascension_mode":true,"campfire_choices":[{"data":"Slimebound:CorrosiveSpit","floor":1.0,"key":"SMITH"},{"data":"Slimebound:Overexert","floor":10.0,"key":"SMITH"},{"data":"Slimebound:SlimeBarrage","floor":13.0,"key":"SMITH"},{"data":"Slimebound:SelfFormingGoo","floor":18.0,"key":"SMITH"},{"floor":26,"key":"REST"}],"circlet_count":0,"master_deck":["AscendersBane","Slimebound:Strike_Slimebound","Slimebound:Strike_Slimebound","Slimebound:Tackle","Slimebound:Defend_Slimebound","Slimebound:Defend_Slimebound","Slimebound:Defend_Slimebound","Slimebound:Defend_Slimebound","Slimebound:Split","Slimebound:CorrosiveSpit+1","Slimebound:SplitAcid","Slimebound:HauntingLick","Slimebound:Overexert+1","Slimebound:LivingWall","Slimebound:ForwardTackle","Slimebound:SplitBruiser","Slimebound:SlimeBrawl","Slimebound:SlimeBarrage+1","Slimebound:SplitLeeching","Slimebound:SelfFormingGoo+1","Slimebound:SplitAcid","Slimebound:Repurpose","Slimebound:Split","Slimebound:GoopSpray","Slimebound:SelfFormingGoo"],"relics":["Slimebound:AbsorbEndCombat","downfall:HeartsMalice","Potion Belt","Shuriken","WarpedTongs","SlaversCollar","Matryoshka"],"acts_visited":["Exordium","TheCity"],"potions_floor_usage":[19,25],"damage_taken":[{"damage":0.0,"enemies":"Jaw Worm","floor":2.0,"turns":1.0},{"damage":0.0,"enemies":"2 Louse","floor":3.0,"turns":1.0},{"damage":0.0,"enemies":"Cultist","floor":4.0,"turns":1.0},{"damage":2.0,"enemies":"3 Louse","floor":6.0,"turns":3.0},{"damage":4.0,"enemies":"Red Slaver","floor":8.0,"turns":4.0},{"damage":11.0,"enemies":"Blue Slaver","floor":9.0,"turns":4.0},{"damage":0.0,"enemies":"Exordium Wildlife","floor":11.0,"turns":2.0},{"damage":8.0,"enemies":"downfall:FleeingMerchant","floor":12.0,"turns":4.0},{"damage":18.0,"enemies":"Red Slaver","floor":15.0,"turns":5.0},{"damage":16.0,"enemies":"DF_ARCHETYPE_STREAMLINE","floor":16.0,"turns":9.0},{"damage":22,"enemies":"3 Byrds","floor":19,"turns":4},{"damage":6,"enemies":"downfall:FleeingMerchant","floor":20,"turns":4},{"damage":15,"enemies":"Chosen","floor":23,"turns":5},{"damage":11,"enemies":"Centurion and Healer","floor":25,"turns":5},{"damage":41,"enemies":"3 Cultists","floor":27,"turns":4}],"seed_played":"-3615591800001630592","potions_obtained":[{"floor":6.0,"key":"AttackPotion"},{"floor":8.0,"key":"SmokeBomb"},{"floor":11.0,"key":"CultistPotion"},{"floor":15.0,"key":"Block Potion"},{"floor":16.0,"key":"Strength Potion"},{"floor":19,"key":"ColorlessPotion"},{"floor":25,"key":"Swift Potion"}],"is_trial":false,"path_per_floor":["R","M","M","M","?","M","T","M","M","R","M","$","R","?","M","B",null,"R","M","$","?","?","M","T","M","R","M"],"character_chosen":"SLIMEBOUND","items_purchased":[],"campfire_rested":1,"item_purchase_floors":[],"current_hp_per_floor":[59,59,59,59,52,52,52,52,43,43,43,39,39,39,23,13,52,52,34,32,32,32,19,19,10,29,0,0,0],"gold":103,"neow_bonus":"THREE_ENEMY_KILL","is_daily":false,"chose_seed":false,"campfire_upgraded":4,"win_rate":0.0,"timestamp":1611643321,"path_taken":["R","M","M","M","?","M","T","M","M","R","M","$","R","?","M","BOSS","R","M","?","?","?","M","T","M","R","?"],"items_purchased_type":[],"build_version":"2020-12-22","purchased_purges":2,"victory":false,"max_hp_per_floor":[65,65,65,65,65,65,65,65,65,65,65,65,65,65,65,65,65,65,65,65,65,65,65,65,65,65,65,65,65],"card_choices":[{"not_picked":["Slimebound:GoopSpray","Slimebound:ProtectTheBoss"],"picked":"Slimebound:SplitAcid","floor":2.0},{"not_picked":["Slimebound:FinishingTackle","Slimebound:HungryTackle"],"picked":"Slimebound:HauntingLick","floor":3.0},{"not_picked":["Slimebound:LivingWall","Slimebound:SlimeSpikes"],"picked":"Slimebound:Overexert","floor":4.0},{"not_picked":["Slimebound:FinishingTackle","Slimebound:SlimeSpikes"],"picked":"Slimebound:LivingWall","floor":6.0},{"not_picked":["Slimebound:GoopTackle","Slimebound:LivingWall"],"picked":"Slimebound:ForwardTackle","floor":8.0},{"not_picked":["Slimebound:ProtectTheBoss","Slimebound:GoopTackle"],"picked":"Slimebound:SplitBruiser","floor":9.0},{"not_picked":["Slimebound:HungryTackle","Slimebound:SplitLeeching"],"picked":"Slimebound:SlimeBrawl","floor":11.0},{"not_picked":["Slimebound:HauntingLick","Slimebound:RollThrough"],"picked":"Slimebound:SlimeBarrage","floor":12.0},{"not_picked":["Slimebound:ComboTackle","Slimebound:Nibble"],"picked":"Slimebound:SplitLeeching","floor":15.0},{"not_picked":["Slimebound:Overexert","Slimebound:Teamwork"],"picked":"Slimebound:SelfFormingGoo","floor":16.0},{"not_picked":["Slimebound:RainOfGoop","Slimebound:SplitBruiser"],"picked":"Slimebound:SplitAcid","floor":19},{"not_picked":["Slimebound:SlimeSpikes","Slimebound:Chomp"],"picked":"Slimebound:Repurpose","floor":20},{"not_picked":["Slimebound:LeechEnergy","Slimebound:RollThrough"],"picked":"Slimebound:GoopSpray","floor":23},{"not_picked":["Slimebound:SplitBruiser","Slimebound:ServeAndProtect"],"picked":"Slimebound:SelfFormingGoo","floor":25}],"player_experience":911937,"relics_obtained":[{"floor":7.0,"key":"Shuriken"},{"floor":24,"key":"Matryoshka"}],"event_choices":[{"damage_healed":0.0,"max_hp_gain":0.0,"max_hp_loss":0.0,"gold_gain":0.0,"event_name":"Scrap Ooze","player_choice":"Success","floor":5.0,"gold_loss":0.0,"damage_taken":7.0,"relics_obtained":["Potion Belt"]},{"damage_healed":0.0,"max_hp_gain":0.0,"max_hp_loss":0.0,"gold_gain":0.0,"event_name":"Accursed Blacksmith","player_choice":"Rummage","floor":14.0,"gold_loss":0.0,"damage_taken":0.0,"relics_obtained":["WarpedTongs"],"cards_obtained":["Pain"]},{"damage_healed":0,"gold_gain":0,"player_choice":"Ignored","damage_taken":0,"max_hp_gain":0,"max_hp_loss":0,"event_name":"Vampires","floor":21,"gold_loss":0}],"is_beta":false,"boss_relics":[{"not_picked":["Snecko Eye","Calling Bell"],"picked":"SlaversCollar"}],"items_purged_floors":[12,20],"is_endless":false,"potions_floor_spawned":[6,8,11,15,16,19,25],"killed_by":"3 Cultists","ascension_level":12}}