{"host":"8is2j71l4wmybkoi","time":1611664474,"event":{"mods":["AchievementEnabler","BaseMod","Colored Map","Minty Spire (QoL Compilation)","Rare Cards Sparkle","StSLib","SuperFastMode"],"gold_per_floor":[119,119,138,138,63,89,89,106,106,117,42,71,81,100,100,171,171,191,205,19,32,82,110,110,140,140,159,159,192,209,225,225,225,225],"floor_reached":33,"language":"KOR","playtime":1126,"items_purged":["Strike_B","Strike_B"],"score":738,"play_id":"4e460fc8-ca9b-40fe-aa77-4743472be3fc","local_time":"20210126213434","is_ascension_mode":true,"campfire_choices":[{"data":"Sunder","floor":7.0,"key":"SMITH"},{"data":"Double Energy","floor":15.0,"key":"SMITH"},{"data":"Chill","floor":24,"key":"SMITH"},{"data":"Buffer","floor":28,"key":"SMITH"},{"data":"Recycle","floor":32,"key":"SMITH"}],"circlet_count":0,"master_deck":["AscendersBane","Strike_B","Defend_B","Defend_B","Defend_B","Zap","Dualcast","Conserve Battery","Lockon","Double Energy+1","Sunder+1","White Noise","Chill+1","Electrodynamics","Barrage","Fusion","Meteor Strike","Hologram+1","Storm","Coolheaded","Turbo+1","Buffer+1","Recycle+1","White Noise","Steam+1","Go for the Eyes+1"],"relics":["Cracked Core","NeowsBlessing","InkBottle","Mummified Hand","Meat on the Bone","Coffee Dripper","Boot","Orichalcum","Question Card","CaptainsWheel"],"acts_visited":["Exordium","TheCity"],"potions_floor_usage":[21,23,23,31],"damage_taken":[{"damage":0.0,"enemies":"Jaw Worm","floor":1.0,"turns":1.0},{"damage":0.0,"enemies":"Cultist","floor":3.0,"turns":1.0},{"damage":0.0,"enemies":"3 Sentries","floor":6.0,"turns":1.0},{"damage":0.0,"enemies":"Small Slimes","floor":8.0,"turns":1.0},{"damage":1.0,"enemies":"Exordium Thugs","floor":10.0,"turns":3.0},{"damage":43.0,"enemies":"Gremlin Nob","floor":12.0,"turns":4.0},{"damage":10.0,"enemies":"Large Slime","floor":13.0,"turns":2.0},{"damage":0.0,"enemies":"Lots of Slimes","floor":14.0,"turns":1.0},{"damage":30.0,"enemies":"The Guardian","floor":16.0,"turns":9.0},{"damage":0.0,"enemies":"3 Byrds","floor":18.0,"turns":2.0},{"damage":14,"enemies":"Shell Parasite","floor":19,"turns":2},{"damage":19,"enemies":"Shelled Parasite and Fungi","floor":21,"turns":3},{"damage":24,"enemies":"Book of Stabbing","floor":23,"turns":6},{"damage":0,"enemies":"Gremlin Leader","floor":25,"turns":5},{"damage":8,"enemies":"Snake Plant","floor":27,"turns":3},{"damage":21,"enemies":"Slavers","floor":29,"turns":4},{"damage":0,"enemies":"Snecko","floor":30,"turns":3},{"damage":8,"enemies":"Centurion and Healer","floor":31,"turns":5},{"damage":49,"enemies":"Automaton","floor":33,"turns":8}],"seed_played":"5209328908106937124","potions_obtained":[{"floor":1.0,"key":"BlessingOfTheForge"},{"floor":6.0,"key":"Explosive Potion"},{"floor":12.0,"key":"PotionOfCapacity"},{"floor":18.0,"key":"SpeedPotion"},{"floor":19,"key":"Weak Potion"},{"floor":21,"key":"Weak Potion"},{"floor":29,"key":"Energy Potion"}],"is_trial":false,"path_per_floor":["M","?","M","?","$","E","R","M","T","M","?","E","M","M","R","B",null,"M","M","$","M","?","E","R","E","T","M","R","E","M","M","R","B"],"character_chosen":"DEFECT","items_purchased":["Storm"],"campfire_rested":0,"item_purchase_floors":[20],"current_hp_per_floor":[64,64,64,64,64,64,64,64,64,63,63,20,22,34,34,16,57,57,43,43,36,36,24,24,36,36,40,40,31,43,47,47,0,0],"gold":225,"neow_bonus":"THREE_ENEMY_KILL","is_daily":false,"chose_seed":false,"campfire_upgraded":5,"win_rate":0.0,"timestamp":1611664474,"path_taken":["M","?","?","?","?","E","R","M","T","M","?","E","M","M","R","BOSS","M","M","$","M","?","E","R","E","T","M","R","E","M","M","R","BOSS"],"items_purchased_type":["Card"],"build_version":"2020-12-22","purchased_purges":2,"victory":false,"max_hp_per_floor":[71,71,71,71,71,71,71,71,71,71,71,71,71,71,71,71,71,71,71,71,71,71,71,71,71,71,71,71,71,71,71,71,71,71],"card_choices":[{"not_picked":["Stack","Barrage"],"picked":"Conserve Battery","floor":1.0},{"not_picked":["Go for the Eyes","Compile Driver"],"picked":"Lockon","floor":3.0},{"not_picked":["Cold Snap","Scrape"],"picked":"Sunder","floor":6.0},{"not_picked":["Doom and Gloom","Beam Cell"],"picked":"White Noise","floor":8.0},{"not_picked":["Ball Lightning","Rip and Tear"],"picked":"Chill","floor":10.0},{"not_picked":["Thunder Strike","Turbo"],"picked":"Electrodynamics","floor":12.0},{"not_picked":["Beam Cell","Streamline"],"picked":"Barrage","floor":13.0},{"not_picked":["Redo","Steam"],"picked":"Fusion","floor":14.0},{"not_picked":["Reboot","Amplify"],"picked":"Meteor Strike","floor":16.0},{"not_picked":["Blizzard+1","Streamline"],"picked":"Hologram+1","floor":18.0},{"not_picked":["Leap","Cold Snap","Hello World"],"picked":"SKIP","floor":19},{"not_picked":["Compile Driver","Stack"],"picked":"Coolheaded","floor":21},{"not_picked":["Aggregate","Rebound"],"picked":"Turbo+1","floor":23},{"not_picked":["Rebound","Turbo"],"picked":"Buffer","floor":25},{"not_picked":["Leap","Darkness","Sweeping Beam"],"picked":"Recycle","floor":27},{"not_picked":["Rip and Tear","Recycle","Gash"],"picked":"White Noise","floor":29},{"not_picked":["Leap","Compile Driver","Ball Lightning+1"],"picked":"Steam+1","floor":30},{"not_picked":["Ball Lightning","Rebound","Hologram"],"picked":"Go for the Eyes+1","floor":31}],"player_experience":820965,"relics_obtained":[{"floor":6.0,"key":"InkBottle"},{"floor":9.0,"key":"Mummified Hand"},{"floor":12.0,"key":"Meat on the Bone"},{"floor":23,"key":"Boot"},{"floor":25,"key":"Orichalcum"},{"floor":26,"key":"Question Card"},{"floor":29,"key":"CaptainsWheel"}],"event_choices":[{"cards_removed":["Strike_B"],"damage_healed":0.0,"max_hp_gain":0.0,"max_hp_loss":0.0,"gold_gain":0.0,"event_name":"Bonfire Elementals","player_choice":"Offered Basic","floor":2.0,"gold_loss":0.0,"damage_taken":0.0},{"damage_healed":0.0,"max_hp_gain":0.0,"max_hp_loss":0.0,"gold_gain":0.0,"event_name":"Match and Keep!","player_choice":"1 cards matched","floor":4.0,"gold_loss":0.0,"damage_taken":0.0,"cards_obtained":["Double Energy"]},{"cards_removed":["Defend_B"],"damage_healed":0.0,"max_hp_gain":0.0,"max_hp_loss":0.0,"gold_gain":0.0,"event_name":"The Cleric","player_choice":"Card Removal","floor":11.0,"gold_loss":75.0,"damage_taken":0.0},{"damage_healed":0,"gold_gain":50,"player_choice":"Pray","damage_taken":0,"max_hp_gain":0,"max_hp_loss":0,"event_name":"Golden Shrine","floor":22,"gold_loss":0}],"is_beta":false,"boss_relics":[{"not_picked":["Cursed Key","Pandora\u0027s Box"],"picked":"Coffee Dripper"}],"items_purged_floors":[5,20],"is_endless":false,"potions_floor_spawned":[1,6,12,18,19,21,29],"killed_by":"Automaton","ascension_level":20}}