{"host":"w4b7hmige5bnqipq","time":1611677781,"event":{"mods":["2.2 Compatiblity","BaseMod","Colored Map","DeckTracker","Keyboard Shortcuts","Minty Spire (QoL Compilation)","Permanent Neow","Rare Cards Sparkle","SuperFastMode","everything is the same but u backflip on backflip","slay the spire mod where everything is the same but ironclad has a cowboy hat"],"gold_per_floor":[112,124,139,159,159,187,187,218,218,218,230,230,249,283,283,383,383,396,311,339,339,339,339,359,394,394,16,28,53,53,72,72,172,172,184,84,84,97,108,108,108,139,213,231,251,251,126,176,176,176,176,176,20,53,53,53],"floor_reached":55,"language":"KOR","playtime":2598,"items_purged":["Strike_B","Defend_B","Defend_B"],"score":926,"play_id":"808d556f-5011-488c-8578-83a2c1a4b6db","local_time":"20210127011621","is_ascension_mode":true,"campfire_choices":[{"data":"Chill","floor":7.0,"key":"SMITH"},{"data":"Redo","floor":10.0,"key":"SMITH"},{"data":"Fusion","floor":12.0,"key":"SMITH"},{"data":"Fission","floor":15.0,"key":"SMITH"},{"data":"Electrodynamics","floor":23,"key":"SMITH"},{"data":"Tempest","floor":30,"key":"SMITH"},{"data":"Double Energy","floor":32,"key":"SMITH"},{"data":"Echo Form","floor":40,"key":"SMITH"},{"floor":46,"key":"RECALL"},{"data":"Glacier","floor":49,"key":"SMITH"},{"data":"Skim","floor":52,"key":"SMITH"}],"circlet_count":0,"master_deck":["Defend_B","Defend_B","Zap","Dualcast","Dramatic Entrance","Streamline","Redo+1","Chill+1","Double Energy+1","Fusion+1","Force Field","Fission+1","Electrodynamics+1","FTL+1","Undo","Glacier+1","Reprogram","Compile Driver","Tempest+1","Defragment+1","Echo Form+1","Coolheaded+1","Skim+1","Hologram+1","Lockon+1","Ball Lightning"],"relics":["Cracked Core","Du-Vu Doll","Meat on the Bone","Mango","Incense Burner","SlaversCollar","MealTicket","Red Mask","Lantern","Centennial Puzzle","Medical Kit","Bag of Preparation","Vajra","Nuclear Battery","Anchor","Prayer Wheel","OrangePellets","FossilizedHelix"],"acts_visited":["Exordium","TheCity","TheBeyond","TheEnding"],"potions_floor_usage":[16,20,33,39,39,42,42,55,55,55],"damage_taken":[{"damage":1.0,"enemies":"Cultist","floor":1.0,"turns":4.0},{"damage":9.0,"enemies":"Jaw Worm","floor":2.0,"turns":3.0},{"damage":0.0,"enemies":"Small Slimes","floor":3.0,"turns":1.0},{"damage":1.0,"enemies":"2 Fungi Beasts","floor":4.0,"turns":2.0},{"damage":11.0,"enemies":"Gremlin Nob","floor":6.0,"turns":4.0},{"damage":12.0,"enemies":"Lagavulin","floor":8.0,"turns":5.0},{"damage":0.0,"enemies":"3 Louse","floor":11.0,"turns":2.0},{"damage":6.0,"enemies":"Blue Slaver","floor":13.0,"turns":2.0},{"damage":15.0,"enemies":"3 Sentries","floor":14.0,"turns":10.0},{"damage":70,"enemies":"The Guardian","floor":16,"turns":18},{"damage":22,"enemies":"Shell Parasite","floor":18,"turns":6},{"damage":17,"enemies":"Masked Bandits","floor":20,"turns":5},{"damage":7,"enemies":"2 Thieves","floor":24,"turns":3},{"damage":43,"enemies":"Book of Stabbing","floor":25,"turns":5},{"damage":7,"enemies":"Centurion and Healer","floor":28,"turns":2},{"damage":0,"enemies":"Gremlin Leader","floor":29,"turns":4},{"damage":5,"enemies":"3 Cultists","floor":31,"turns":4},{"damage":0,"enemies":"Automaton","floor":33,"turns":9},{"damage":2,"enemies":"3 Shapes","floor":35,"turns":3},{"damage":0,"enemies":"Orb Walker","floor":38,"turns":2},{"damage":0,"enemies":"Maw","floor":39,"turns":6},{"damage":0,"enemies":"Reptomancer","floor":42,"turns":5},{"damage":0,"enemies":"Jaw Worm Horde","floor":44,"turns":2},{"damage":41,"enemies":"Transient","floor":45,"turns":5},{"damage":0,"enemies":"Mind Bloom Boss Battle","floor":48,"turns":2},{"damage":48,"enemies":"Donu and Deca","floor":50,"turns":12},{"damage":5,"enemies":"Shield and Spear","floor":54,"turns":8},{"damage":130,"enemies":"The Heart","floor":55,"turns":8}],"seed_played":"8962510123831466284","potions_obtained":[{"floor":3.0,"key":"Block Potion"},{"floor":6.0,"key":"EntropicBrew"},{"floor":11.0,"key":"SkillPotion"},{"floor":14.0,"key":"SpeedPotion"},{"floor":18,"key":"SpeedPotion"},{"floor":28,"key":"Swift Potion"},{"floor":31,"key":"ColorlessPotion"},{"floor":33,"key":"AttackPotion"},{"floor":41,"key":"BlessingOfTheForge"},{"floor":41,"key":"FocusPotion"},{"floor":45,"key":"PotionOfCapacity"},{"floor":48,"key":"Regen Potion"}],"is_trial":false,"path_per_floor":["M","M","M","M","?","E","R","E","T","R","M","R","M","E","R","B",null,"M","?","?","?","?","R","M","E","T","$","M","E","R","M","R","B",null,"M","$","?","M","M","R","?","E","T","M","M","R","$","?","R","B",null,"R","$","E","B"],"character_chosen":"DEFECT","items_purchased":["Medical Kit","Bag of Preparation","OrangePellets"],"campfire_rested":0,"item_purchase_floors":[27,27,53],"current_hp_per_floor":[74,65,65,64,57,46,46,34,48,48,48,48,54,51,51,26,89,67,67,50,50,50,50,55,24,24,39,44,56,56,51,51,51,89,87,89,89,89,89,89,89,89,89,89,48,48,63,63,63,27,89,89,89,84,0,0],"gold":53,"neow_bonus":"RANDOM_COLORLESS","is_daily":false,"chose_seed":false,"campfire_upgraded":10,"win_rate":0.0,"timestamp":1611677781,"path_taken":["M","?","M","M","?","E","R","E","T","R","M","R","M","E","R","BOSS","M","?","?","?","?","R","M","E","T","$","M","E","R","M","R","BOSS","M","$","?","M","M","R","?","E","T","?","M","R","$","?","R","BOSS","R","$","E","BOSS"],"items_purchased_type":["Relic","Relic","Relic"],"build_version":"2020-12-22","purchased_purges":3,"victory":false,"max_hp_per_floor":[75,75,75,75,75,75,75,75,89,89,89,89,89,89,89,89,89,89,89,89,89,89,89,89,89,89,89,89,89,89,89,89,89,89,89,89,89,89,89,89,89,89,89,89,89,89,89,89,89,89,89,89,89,89,89,89],"card_choices":[{"not_picked":["Jack Of All Trades","Enlightenment"],"picked":"Dramatic Entrance","floor":0.0},{"not_picked":["Conserve Battery","Barrage"],"picked":"Streamline","floor":1.0},{"not_picked":["Conserve Battery","Steam"],"picked":"Redo","floor":2.0},{"not_picked":["Sweeping Beam","Lockon","Stack"],"picked":"SKIP","floor":3.0},{"not_picked":["Rebound","Go for the Eyes"],"picked":"Chill","floor":4.0},{"not_picked":["Stack","Streamline"],"picked":"Cold Snap","floor":6.0},{"not_picked":["Stack","Static Discharge"],"picked":"Double Energy","floor":8.0},{"not_picked":["Tempest","Stack"],"picked":"Fusion","floor":11.0},{"not_picked":["Storm","Reprogram"],"picked":"Force Field","floor":13.0},{"not_picked":["Steam","Rebound"],"picked":"Fission","floor":14.0},{"not_picked":["Thunder Strike","Seek"],"picked":"Electrodynamics","floor":16},{"not_picked":["Blizzard","Rebound"],"picked":"FTL+1","floor":18},{"not_picked":["Cold Snap","Chaos"],"picked":"Undo","floor":20},{"not_picked":["Sunder","Leap"],"picked":"Tempest","floor":24},{"not_picked":["Scrape","Go for the Eyes","Streamline"],"picked":"SKIP","floor":25},{"not_picked":["Beam Cell","Gash","Chaos"],"picked":"SKIP","floor":28},{"not_picked":["Conserve Battery","Melter","Barrage"],"picked":"SKIP","floor":29},{"not_picked":["Coolheaded","Turbo+1"],"picked":"Defragment+1","floor":31},{"not_picked":["Machine Learning","Core Surge"],"picked":"Echo Form","floor":33},{"not_picked":["Doom and Gloom+1","Fusion+1"],"picked":"Coolheaded+1","floor":35},{"not_picked":["Go for the Eyes+1","Steam"],"picked":"Skim","floor":38},{"not_picked":["Stack+1","Reprogram"],"picked":"Hologram+1","floor":39},{"not_picked":["FTL","Skim","Leap"],"picked":"SKIP","floor":42},{"not_picked":["Streamline","Steam+1","Cold Snap+1"],"picked":"SKIP","floor":44},{"not_picked":["Gash+1","Redo+1","Sweeping Beam+1"],"picked":"SKIP","floor":45},{"not_picked":["Redo+1","Conserve Battery+1"],"picked":"Lockon+1","floor":48},{"not_picked":["Undo+1","Buffer"],"picked":"Ball Lightning","floor":54}],"player_experience":610329,"relics_obtained":[{"floor":6.0,"key":"Du-Vu Doll"},{"floor":8.0,"key":"Meat on the Bone"},{"floor":9.0,"key":"Mango"},{"floor":14.0,"key":"Incense Burner"},{"floor":20,"key":"Red Mask"},{"floor":25,"key":"Lantern"},{"floor":26,"key":"Centennial Puzzle"},{"floor":29,"key":"Vajra"},{"floor":42,"key":"Anchor"},{"floor":48,"key":"Prayer Wheel"},{"floor":54,"key":"FossilizedHelix"}],"event_choices":[{"cards_removed":["Strike_B"],"damage_healed":0.0,"max_hp_gain":0.0,"max_hp_loss":0.0,"gold_gain":0.0,"event_name":"Golden Wing","player_choice":"Card Removal","floor":5.0,"gold_loss":0.0,"damage_taken":7.0},{"damage_healed":0,"gold_gain":0,"player_choice":"Obtained Relic","damage_taken":0,"relics_obtained":["MealTicket"],"max_hp_gain":0,"max_hp_loss":0,"event_name":"Addict","floor":19,"gold_loss":85},{"damage_healed":0,"gold_gain":0,"player_choice":"Fought Bandits","damage_taken":0,"max_hp_gain":0,"max_hp_loss":0,"event_name":"Masked Bandits","floor":20,"gold_loss":0},{"damage_healed":0,"gold_gain":0,"player_choice":"Read","damage_taken":0,"max_hp_gain":0,"max_hp_loss":0,"event_name":"The Library","floor":21,"gold_loss":0,"cards_obtained":["Glacier"]},{"damage_healed":0,"gold_gain":0,"cards_transformed":["Strike_B","Strike_B"],"player_choice":"Became Test Subject","damage_taken":0,"max_hp_gain":0,"max_hp_loss":0,"event_name":"Drug Dealer","floor":22,"gold_loss":0,"cards_obtained":["Reprogram","Compile Driver"]},{"cards_removed":["Cold Snap"],"damage_healed":0,"gold_gain":0,"player_choice":"Removed Attack","damage_taken":0,"max_hp_gain":0,"max_hp_loss":0,"event_name":"Falling","floor":37,"gold_loss":0},{"damage_healed":0,"gold_gain":0,"player_choice":"Got Potions","damage_taken":0,"max_hp_gain":0,"max_hp_loss":0,"event_name":"Lab","floor":41,"gold_loss":0},{"damage_healed":0,"gold_gain":0,"player_choice":"Fight","damage_taken":0,"max_hp_gain":0,"max_hp_loss":0,"event_name":"MindBloom","floor":48,"gold_loss":0}],"is_beta":false,"boss_relics":[{"not_picked":["Calling Bell","Philosopher\u0027s Stone"],"picked":"SlaversCollar"},{"not_picked":["FrozenCore","Fusion Hammer"],"picked":"Nuclear Battery"}],"items_purged_floors":[27,36,47],"is_endless":false,"potions_floor_spawned":[3,6,11,14,18,28,31,33,45,48,54],"killed_by":"The Heart","ascension_level":3}}