{"host":"8nqgve6y8ahjd8xo","time":1611661399,"event":{"mods":["ATMod(阿瑾Mod)","AchievementEnabler","BaseMod","Better Vampires","Better-Laid Plans","Colored Map","Colored Powertips","Minty Spire (QoL Compilation)","MostiFishMod","Quick Restart","Red Circlet Mod","Replay The Spire","RumiaBox-露米娅的神秘盒子","Ryuuou龙王","Shop Mod","StSLib","TestMod","Uncapped","Waifu the Spire","[IsaacMod]以撒尖塔","[功能]功能增强和修复MOD","【功能Mod】Neow奖励","【功能Mod】混沌之环修复补丁","【遗物Mod】死灵法师NEW","【遗物Mod】简单游戏","【遗物卡牌】REMEMod","没有小屋子和绿帽子啦","篝火指南"],"gold_per_floor":[112,187,75,85,159,185,205,220,247,260,291,291,321,331,331,402,402,414,814,832,861,872,882,913,913,940,994,1020,1020,1045,1045,660,695,695,769,769,787,881,792,806,823,537,569,569,594,618,618,393,408,438,458,458,388,388],"floor_reached":53,"language":"ZHS","playtime":2227,"items_purged":["Defend_B","Strike_B","Streamline","Defend_B"],"score":2155,"play_id":"ee03c037-eb51-4f38-97dd-ef79a1e13574","local_time":"20210126194318","is_ascension_mode":true,"campfire_choices":[{"data":"Skim","floor":12,"key":"SMITH"},{"data":"AT_RightCognition","floor":15,"key":"SMITH"},{"data":"Coolheaded","floor":29,"key":"SMITH"},{"data":"Pulse","floor":31,"key":"SMITH"},{"data":"ElectricPowerLearning","floor":34,"key":"SMITH"},{"data":"Capacitor","floor":47,"key":"SMITH"},{"floor":52,"key":"RECALL"}],"circlet_count":0,"master_deck":["AscendersBane","Strike_B","Defend_B","Zap","Dualcast","AT_RightCognition+1","Skim+1","Heatsinks","Turbo","Coolheaded+1","Ball Lightning","ElectricPowerLearning+1","ReplayTheSpireMod:System Scan+1","Turbo+1","AT_DarkMatter+1","Barrage","Steam Power+1","Pulse+1","MostiFishMod:Overload","Capacitor+1","Steam Power+1"],"relics":["EasyRelic","HushsDoor","DaveBox","AT_ATBox","REME_ComplimentaryCards","SatanicBible","testmod-HeartOfStrike","ArrowTower","PatriotShield","SynthV:TestCard","D4","Replay:Wax Seal","testmod-HeartOfDaVinci","AT_BellowingDragoncrestRing","Astrolabe","GuppysPaw","GuppysHairball","Red Mask","AT_SunfireAegis","GnawedLeaf","ReplayTheSpireMod:Lightbulb","Pear","ZombieArmy","AT_ForceNature","AT_EbonyIvory","SSSystem","Transparent","GuppysCollar","Shuriken","Toxic Egg 2","Bronze Scales","CombinedTypeHook","REME_OnlineShoppingPlatform","Blue Doll"],"acts_visited":["Exordium","TheCity","TheBeyond"],"potions_floor_usage":[10,53,53,53,53,53],"damage_taken":[{"damage":0,"enemies":"Jaw Worm","floor":1,"turns":2},{"damage":0,"enemies":"2 Louse","floor":4,"turns":2},{"damage":0,"enemies":"3 Sentries","floor":6,"turns":2},{"damage":0,"enemies":"Cultist","floor":7,"turns":2},{"damage":0,"enemies":"Looter","floor":8,"turns":1},{"damage":0,"enemies":"Blue Slaver","floor":10,"turns":1},{"damage":0,"enemies":"Lagavulin","floor":11,"turns":4},{"damage":0,"enemies":"3 Sentries","floor":13,"turns":3},{"damage":0,"enemies":"3 Louse","floor":14,"turns":3},{"damage":0,"enemies":"The Guardian","floor":16,"turns":5},{"damage":0,"enemies":"3 Byrds","floor":18,"turns":3},{"damage":0,"enemies":"Spheric Guardian","floor":20,"turns":2},{"damage":0,"enemies":"Masked Bandits","floor":21,"turns":3},{"damage":0,"enemies":"Centurion and Healer","floor":22,"turns":3},{"damage":0,"enemies":"Snake Plant","floor":23,"turns":2},{"damage":0,"enemies":"Replay:Snechameleon","floor":24,"turns":2},{"damage":0,"enemies":"Slavers","floor":26,"turns":2},{"damage":4,"enemies":"Gremlin Leader","floor":28,"turns":3},{"damage":0,"enemies":"Book of Stabbing","floor":30,"turns":2},{"damage":0,"enemies":"Gremlin Leader","floor":33,"turns":3},{"damage":0,"enemies":"Pondfish","floor":35,"turns":3},{"damage":4,"enemies":"3 Darklings","floor":37,"turns":2},{"damage":2,"enemies":"Orb Walker","floor":40,"turns":1},{"damage":4,"enemies":"3 Darklings","floor":41,"turns":2},{"damage":2,"enemies":"Nemesis","floor":43,"turns":1},{"damage":2,"enemies":"Giant Head","floor":45,"turns":1},{"damage":2,"enemies":"Spire Growth","floor":49,"turns":1},{"damage":4,"enemies":"R_Hoarder","floor":50,"turns":2},{"damage":2,"enemies":"Jaw Worm Horde","floor":51,"turns":1},{"damage":99,"enemies":"Delirium","floor":53,"turns":5}],"seed_played":"4256972543968544787","potions_obtained":[{"floor":1,"key":"Weak Potion"},{"floor":6,"key":"FearPotion"},{"floor":10,"key":"REME_GoldPotion"},{"floor":10,"key":"Fire Potion"},{"floor":22,"key":"LifebloodPotion"},{"floor":22,"key":"Swift Potion"}],"is_trial":false,"path_per_floor":["M","?","$","M","?","E","M","M","T","M","E","R","E","M","R","B",null,"M","?","M","?","M","M","E","?","E","T","E","R","E","R","$","E","R","B",null,"M","?","?","M","M","$","E","?","E","T","R","$","M","E","M","R","B"],"character_chosen":"DEFECT","items_purchased":["Heatsinks","GuppysPaw","GuppysHairball","AT_ForceNature","AT_EbonyIvory","GuppysCollar","Toxic Egg 2","REME_OnlineShoppingPlatform"],"campfire_rested":0,"item_purchase_floors":[3,17,17,32,32,36,42,48],"current_hp_per_floor":[64,53,53,53,38,38,38,38,38,38,38,38,38,38,38,38,48,48,48,48,48,48,48,48,48,48,48,54,54,54,54,54,54,54,54,48,48,41,41,48,48,48,48,48,48,48,48,48,48,48,48,48,0,0],"gold":388,"neow_bonus":"BOSS_RELIC","is_daily":false,"chose_seed":false,"campfire_upgraded":6,"win_rate":0.0,"timestamp":1611661398,"path_taken":["M","?","$","M","?","E","M","?","T","M","E","R","E","M","R","BOSS","M","?","M","?","M","M","E","?","E","T","E","R","E","R","?","E","R","BOSS","M","?","?","?","M","$","E","?","E","T","R","?","M","E","M","R","BOSS"],"items_purchased_type":["Card","Relic","Relic","Relic","Relic","Relic","Relic","Relic"],"build_version":"2020-12-22","purchased_purges":4,"victory":false,"max_hp_per_floor":[71,71,71,71,71,71,71,71,71,71,71,71,71,71,71,71,51,51,51,51,51,51,51,51,51,51,51,61,61,61,61,61,61,61,61,48,48,48,48,48,48,48,48,48,48,48,48,48,48,48,48,48,48,48],"card_choices":[{"not_picked":["Undo","AT_EMC2"],"picked":"Bomb","floor":1},{"not_picked":["Sweeping Beam","Gash","Storm","Time Bomb"],"picked":"Streamline","floor":4},{"not_picked":["Go for the Eyes","Beam Cell","Panic Button","ReplaySolidLightProjector","MostiFishMod:FluxCapactior"],"picked":"SKIP","floor":6},{"not_picked":["Rebound","MostiFishMod:PushDownKick","Melter","Stack","MostiFishMod:DawningShadow"],"picked":"SKIP","floor":7},{"not_picked":["Sweeping Beam","Go for the Eyes","Steam Power","Leap"],"picked":"Turbo","floor":8},{"not_picked":["Gash","MostiFishMod:GatherIntelligence","AT_RobotInSpace","Panic Button","Turbo"],"picked":"SKIP","floor":10},{"not_picked":["Redo","Blizzard","MostiFishMod:DawningShadow","Self Repair","Time Bomb"],"picked":"SKIP","floor":11},{"not_picked":["Rebound","Cold Snap","Ball Lightning","Fusion"],"picked":"Coolheaded","floor":13},{"not_picked":["Coolheaded","Streamline","AT_HeatAcrobatics","Loop"],"picked":"Ball Lightning","floor":14},{"not_picked":["MostiFishMod:ATRI","MostiFishMod:TalkingToTheRain","All For One","MostiFishMod:StrandedSiren"],"picked":"ElectricPowerLearning","floor":16},{"not_picked":["Go for the Eyes","ReplaySort","Leap+1","AT_RobotInSpace","Hologram"],"picked":"SKIP","floor":18},{"not_picked":["Heatsinks","Turbo","Aggregate","Steam"],"picked":"Barrage","floor":20},{"not_picked":["Rebound","Undo","Coolheaded","REME_Compress","Ball Lightning"],"picked":"SKIP","floor":22},{"not_picked":["Scrape","Beam Cell","AT_HeatAcrobatics","Cold Snap","Genetic Algorithm"],"picked":"SKIP","floor":23},{"not_picked":["Loop","Storm","Coolheaded","REME_Compress"],"picked":"Steam Power+1","floor":24},{"not_picked":["Steam","Skim","REME_SelfUpgrade","Compile Driver+1","Electrodynamics"],"picked":"SKIP","floor":26},{"not_picked":["AT_EMC2","White Noise","BasicCrystalCard","Leap","Compile Driver"],"picked":"SKIP","floor":28},{"not_picked":["Barrage","Static Discharge","Chill","AT_StudyProgram"],"picked":"Pulse","floor":30},{"not_picked":["Gash","ReplayTheSpireMod:Calculation Training","Go for the Eyes+1","Loop","Hologram"],"picked":"SKIP","floor":33},{"not_picked":["ReplayTheSpireMod:Fabricate Wheel","MostiFishMod:Nova","MostiFishMod:Distribution","MostiFishMod:StarOceanB"],"picked":"MostiFishMod:Overload","floor":35},{"not_picked":["Redo","AT_WarpDrive","Conserve Battery+1","Self Repair"],"picked":"Capacitor","floor":37},{"not_picked":["Steam","Beam Cell+1","AT_HeatAcrobatics","Turbo","Cold Snap"],"picked":"SKIP","floor":40},{"not_picked":["Leap","Redo","AT_WarpDrive","Mirror Shield","Ball Lightning"],"picked":"SKIP","floor":41},{"not_picked":["ReplayTheSpireMod:Repulse+1","Consume+1","Time Bomb+1","BootSequence+1"],"picked":"Steam Power+1","floor":43},{"not_picked":["Panic Button+1","Barrage+1","Go for the Eyes","Pulse+1","MostiFishMod:PushDownKick"],"picked":"SKIP","floor":45},{"not_picked":["Stack+1","Cancel+1","Streamline","MostiFishMod:FluxCapactior+1","Scrape"],"picked":"SKIP","floor":49},{"not_picked":["MostiFishMod:PushDownKick+1","Go for the Eyes+1","Cold Snap+1","Stack+1","Consume+1"],"picked":"SKIP","floor":50},{"not_picked":["Fan+1","Leap+1","Go for the Eyes","MostiFishMod:GatherIntelligence+1","AT_HeatAcrobatics+1"],"picked":"SKIP","floor":51}],"player_experience":1342109,"relics_obtained":[{"floor":1,"key":"SynthV:TestCard"},{"floor":6,"key":"D4"},{"floor":9,"key":"Replay:Wax Seal"},{"floor":11,"key":"testmod-HeartOfDaVinci"},{"floor":13,"key":"AT_BellowingDragoncrestRing"},{"floor":21,"key":"Red Mask"},{"floor":24,"key":"AT_SunfireAegis"},{"floor":26,"key":"GnawedLeaf"},{"floor":27,"key":"ReplayTheSpireMod:Lightbulb"},{"floor":28,"key":"Pear"},{"floor":30,"key":"ZombieArmy"},{"floor":33,"key":"SSSystem"},{"floor":43,"key":"Bronze Scales"},{"floor":45,"key":"CombinedTypeHook"},{"floor":50,"key":"Blue Doll"}],"event_choices":[{"damage_healed":0,"gold_gain":75,"player_choice":"Gather Gold","damage_taken":11,"max_hp_gain":0,"max_hp_loss":0,"event_name":"World of Goop","floor":2,"gold_loss":0},{"damage_healed":0,"gold_gain":400,"player_choice":"Sell","damage_taken":0,"max_hp_gain":0,"max_hp_loss":0,"event_name":"恩洛斯的盘子","floor":19,"relics_lost":["testmod-TestBox"],"gold_loss":0},{"damage_healed":0,"gold_gain":0,"player_choice":"Fought Bandits","damage_taken":0,"max_hp_gain":0,"max_hp_loss":0,"event_name":"Masked Bandits","floor":21,"gold_loss":0},{"damage_healed":0,"gold_gain":0,"player_choice":"Paid Gold","damage_taken":0,"relics_obtained":["Shuriken"],"max_hp_gain":0,"max_hp_loss":0,"event_name":"WeMeetAgain","floor":39,"gold_loss":89},{"damage_healed":0,"gold_gain":0,"player_choice":"Ignored","damage_taken":0,"max_hp_gain":0,"max_hp_loss":0,"event_name":"Duplicator","floor":44,"gold_loss":0}],"is_beta":false,"boss_relics":[{"not_picked":["FrostBlade","ExusiaiGun"],"picked":"Astrolabe"},{"not_picked":[]},{"not_picked":["Ring of Chaos","Inserter"],"picked":"Transparent"},{"not_picked":[]}],"items_purged_floors":[3,32,42,48],"is_endless":false,"potions_floor_spawned":[1,6,6,7,8,8,10,10,11,13,14,16,18,20,22,22,23,26,26,28,28,28,28,30,33,33,37,37,40,40,41,45,45,45,49,50,50,50],"killed_by":"Delirium","ascension_level":20}}