{"host":"2l3i55whvwk76mom","time":1611619520,"event":{"mods":["BaseMod","Googly Eyes","Hermit","Hubris","Minty Spire (QoL Compilation)","Replay The Spire","StSLib","The Cursed","The Disciple","The Hierophant","The Jungle","The Necromancer"],"gold_per_floor":[114,91,103,24,39,39,70,70,70,16,16,16,34,59,59,154,154,170,170,170,185,39,66,66,85,112,112,112,139,151,162,162,258,258,274,57,71,88,138,138,167,167,192,217,237,268,314,334,334,334],"floor_reached":51,"language":"ENG","playtime":1859,"items_purged":[],"score":1200,"play_id":"3cecad4b-ae52-44c9-bf70-e14fedc333ef","local_time":"20210125160520","is_ascension_mode":true,"campfire_choices":[{"data":"Perfected Strike","floor":6,"key":"SMITH"},{"data":"Metallicize","floor":8,"key":"SMITH"},{"data":"Armaments","floor":15,"key":"SMITH"},{"data":"Combust","floor":24,"key":"SMITH"},{"data":"Hemogenesis","floor":27,"key":"SMITH"},{"data":"1","floor":32,"key":"LIFT"},{"floor":40,"key":"REST"},{"floor":42,"key":"RECALL"},{"floor":49,"key":"REST"}],"circlet_count":0,"master_deck":["Strike_R","Strike_R","Strike_R","Strike_R","Strike_R","Defend_R","Defend_R","Defend_R","Defend_R","Bash","Strike_P","hermit:Strike_Hermit","Pommel Strike","Perfected Strike+1","Armaments","Carnage","Metallicize+1","Armaments+1","Cleave","Sword Boomerang","Ghostly Armor","Offering","Life Link","hubris:Despair","Shrug It Off","Hemogenesis+1","Combust+1","Shockwave","Carnage","Perfected Strike","Twin Strike+1","hubris:NaturalOne","Uppercut","Feed","Flex","Heavy Blade","Dual Wield","Ghostly Armor","Cleave+1","Dual Wield","Spot Weakness+1","Run Through+1","Cleave+1","Searing Blow","Shockwave+1"],"relics":["Burning Blood","Du-Vu Doll","Anchor","Mummified Hand","CultistMask","Bird Faced Urn","hubris:BlackHole","MutagenicStrength","ReplayTheSpireMod:Ring of Collecting","Ring of Searing","hubris:Zylophone","Ring of Panic","hubris:Icosahedron","Girya","hubris:Backtick","Strange Spoon","BargainBundle","Thread and Needle","hubris:SphereOfDissonance","ReplayTheSpireMod:Ring of Exchange","Bag of Marbles","Shovel","Red Skull","Replay:Arrowhead"],"acts_visited":["Exordium","TheCity","TheBeyond"],"potions_floor_usage":[14,16,21,33,39,50],"damage_taken":[{"damage":11,"enemies":"Cultist","floor":1,"turns":4},{"damage":9,"enemies":"Jaw Worm","floor":3,"turns":3},{"damage":0,"enemies":"Small Slimes","floor":5,"turns":3},{"damage":23,"enemies":"Gremlin Nob","floor":7,"turns":4},{"damage":0,"enemies":"Looter","floor":13,"turns":2},{"damage":22,"enemies":"Lagavulin","floor":14,"turns":5},{"damage":62,"enemies":"The Guardian","floor":16,"turns":16},{"damage":8,"enemies":"2 Thieves","floor":18,"turns":3},{"damage":17,"enemies":"3 Byrds","floor":21,"turns":3},{"damage":29,"enemies":"Gremlin Leader","floor":23,"turns":3},{"damage":7,"enemies":"Centurion and Healer","floor":25,"turns":3},{"damage":11,"enemies":"Slavers","floor":29,"turns":2},{"damage":6,"enemies":"Snake Plant","floor":30,"turns":1},{"damage":13,"enemies":"Shelled Parasite and Fungi","floor":31,"turns":3},{"damage":53,"enemies":"Champ","floor":33,"turns":5},{"damage":16,"enemies":"3 Shapes","floor":35,"turns":5},{"damage":5,"enemies":"Orb Walker","floor":37,"turns":2},{"damage":31,"enemies":"Writhing Mass","floor":38,"turns":4},{"damage":21,"enemies":"Mind Bloom Boss Battle","floor":39,"turns":3},{"damage":10,"enemies":"R_Hoarder","floor":41,"turns":4},{"damage":22,"enemies":"Giant Head","floor":44,"turns":5},{"damage":12,"enemies":"Transient","floor":45,"turns":5},{"damage":11,"enemies":"R_Hoarder","floor":46,"turns":3},{"damage":5,"enemies":"2 Orb Walkers","floor":47,"turns":3},{"damage":30,"enemies":"Spire Growth","floor":48,"turns":3},{"damage":47,"enemies":"hubris:GrandSnecko","floor":50,"turns":9}],"seed_played":"-8321069895835328094","potions_obtained":[{"floor":5,"key":"BloodPotion"},{"floor":13,"key":"Strength Potion"},{"floor":16,"key":"AttackPotion"},{"floor":25,"key":"Cursed Concoction"},{"floor":29,"key":"GamblersBrew"},{"floor":30,"key":"Energy Potion"},{"floor":38,"key":"Fire Potion"},{"floor":45,"key":"BlessingOfTheForge"}],"is_trial":false,"path_per_floor":["M","$","M","$","M","R","E","R","T","$","?","?","M","E","R","B",null,"M","?","?","M","$","E","R","M","T","R","?","E","M","M","R","B",null,"M","$","M","M","?","R","E","R","T","E","M","E","?","M","R","B",null],"character_chosen":"IRONCLAD","items_purchased":["Perfected Strike","Carnage","Cleave","Hemogenesis","Combust","Heavy Blade","BargainBundle","Dual Wield"],"campfire_rested":2,"item_purchase_floors":[2,4,10,22,22,36,36,36],"current_hp_per_floor":[67,67,64,64,70,70,53,53,53,53,79,79,80,64,64,26,67,67,67,67,60,60,46,46,54,54,54,54,59,61,66,66,31,68,73,73,76,53,44,68,66,66,66,63,61,62,67,49,73,46],"gold":334,"neow_bonus":"ONE_RARE_RELIC","is_daily":false,"chose_seed":false,"campfire_upgraded":5,"win_rate":0.0,"timestamp":1611619520,"path_taken":["M","$","M","?","?","R","E","R","T","$","?","?","?","E","R","BOSS","M","?","?","M","$","E","R","M","T","R","?","E","M","?","R","BOSS","M","$","M","M","?","R","E","R","T","E","M","E","?","M","R","BOSS"],"items_purchased_type":["Card","Card","Card","Card","Card","Card","Relic","Card"],"build_version":"2020-12-22","purchased_purges":0,"victory":true,"max_hp_per_floor":[80,80,80,80,80,80,80,80,80,80,80,80,80,80,80,80,80,80,80,80,80,80,80,80,80,80,80,80,80,80,80,80,80,80,83,83,83,83,83,83,83,83,83,83,83,83,83,83,83,83],"card_choices":[{"not_picked":["ReplayTheSpireMod:Strike From Hell","Body Slam"],"picked":"Pommel Strike","floor":1},{"not_picked":["Power Through","Battle Trance"],"picked":"Armaments","floor":3},{"not_picked":["Clothesline","Rupture"],"picked":"Metallicize","floor":5},{"not_picked":["Heavy Blade","Clash"],"picked":"Armaments","floor":7},{"not_picked":["Clothesline","Flame Barrier"],"picked":"Sword Boomerang","floor":13},{"not_picked":["Sentinel","Heavy Blade"],"picked":"Ghostly Armor","floor":14},{"not_picked":["Bludgeon","Impervious"],"picked":"Offering","floor":16},{"not_picked":["Warcry+1","Battle Trance+1"],"picked":"Life Link","floor":18},{"not_picked":["Warcry","Replay:Undeath\u0027s Touch"],"picked":"Shrug It Off","floor":21},{"not_picked":["Twin Strike+1","Power Through"],"picked":"Shockwave","floor":23},{"not_picked":["Sword Boomerang","Havoc"],"picked":"Carnage","floor":25},{"not_picked":["hubris:SharpeningStone","Twin Strike"],"picked":"Perfected Strike","floor":29},{"not_picked":["Life Link","Massacre+1"],"picked":"Twin Strike+1","floor":30},{"not_picked":["Disarm+1","ReplayTheSpireMod:LeadingStrike"],"picked":"Uppercut","floor":31},{"not_picked":["Hemogenesis","Demon Form"],"picked":"Feed","floor":33},{"not_picked":["True Grit","Havoc+1"],"picked":"Flex","floor":35},{"not_picked":["Wild Strike","Headbutt","Run Through"],"picked":"SKIP","floor":37},{"not_picked":["Sword Boomerang+1","Anger+1"],"picked":"Ghostly Armor","floor":38},{"not_picked":["Massacre","Run Through"],"picked":"Cleave+1","floor":39},{"not_picked":["Run Through","Warcry"],"picked":"Dual Wield","floor":41},{"not_picked":["Run Through+1","Entrench+1"],"picked":"Spot Weakness+1","floor":44},{"not_picked":["Brutality","hubris:CleavingFinish+1"],"picked":"Run Through+1","floor":45},{"not_picked":["Thunderclap","Battle Trance"],"picked":"Cleave+1","floor":46},{"not_picked":["Sever Soul+1","Twin Strike+1"],"picked":"Searing Blow","floor":47},{"not_picked":["Replay:Undeath\u0027s Touch","Rampage+1"],"picked":"Shockwave+1","floor":48}],"player_experience":326354,"relics_obtained":[{"floor":7,"key":"Anchor"},{"floor":9,"key":"Mummified Hand"},{"floor":14,"key":"Bird Faced Urn"},{"floor":20,"key":"ReplayTheSpireMod:Ring of Collecting"},{"floor":20,"key":"Ring of Searing"},{"floor":23,"key":"hubris:Zylophone"},{"floor":26,"key":"Ring of Panic"},{"floor":29,"key":"Girya"},{"floor":39,"key":"Thread and Needle"},{"floor":41,"key":"hubris:SphereOfDissonance"},{"floor":43,"key":"ReplayTheSpireMod:Ring of Exchange"},{"floor":43,"key":"Bag of Marbles"},{"floor":44,"key":"Shovel"},{"floor":46,"key":"Red Skull"},{"floor":47,"key":"Replay:Arrowhead"}],"event_choices":[{"damage_healed":26,"gold_gain":0,"player_choice":"Banana","damage_taken":0,"max_hp_gain":0,"max_hp_loss":0,"event_name":"Big Fish","floor":11,"gold_loss":0},{"damage_healed":0,"gold_gain":0,"player_choice":"Trade","damage_taken":0,"relics_obtained":["CultistMask"],"max_hp_gain":0,"max_hp_loss":0,"event_name":"FaceTrader","floor":12,"gold_loss":0},{"damage_healed":0,"gold_gain":0,"player_choice":"Inject Mutagens","damage_taken":0,"relics_obtained":["MutagenicStrength"],"max_hp_gain":0,"max_hp_loss":0,"event_name":"Drug Dealer","floor":19,"gold_loss":0},{"damage_healed":0,"gold_gain":0,"player_choice":"Fight","damage_taken":0,"max_hp_gain":0,"max_hp_loss":0,"event_name":"MindBloom","floor":39,"gold_loss":0},{"damage_healed":0,"gold_gain":0,"player_choice":"Fight","damage_taken":0,"max_hp_gain":0,"max_hp_loss":0,"event_name":"Mysterious Sphere","floor":47,"gold_loss":0}],"is_beta":false,"boss_relics":[{"not_picked":["Astrolabe","Replay:Drink Me"],"picked":"hubris:BlackHole"},{"not_picked":["hubris:GrandSneckoEye","Kintsugi"],"picked":"hubris:Backtick"}],"items_purged_floors":[],"is_endless":false,"potions_floor_spawned":[5,13,16,25,29,30,38,45,46,47],"ascension_level":7}}