{"host":"zqowyf7xxb4s9ib0","time":1611632690,"event":{"mods":["BaseMod","Better Note","Colored Map","Colored Powertips","Downfall","Highlight Path","Minty Spire (QoL Compilation)","Permanent Neow","Quick Restart","StSLib"],"gold_per_floor":[0,16,30,44,44,64,64,79,79,96,112,127,127,140,158,262,262,262,280,27,46,65,65,65,65],"floor_reached":23,"language":"ENG","playtime":1288,"items_purged":[],"score":191,"play_id":"7f6368fc-4cdd-4ed4-9d04-bc9be95eda1a","local_time":"20210125194450","is_ascension_mode":false,"campfire_choices":[{"data":"Apotheosis","floor":1,"key":"SMITH"},{"data":"bronze:BronzeArmor","floor":13,"key":"SMITH"},{"floor":18,"key":"RECALL"}],"circlet_count":0,"master_deck":["bronze:Strike","bronze:Strike","bronze:Strike","bronze:Strike","bronze:Defend","bronze:Defend","bronze:Defend","bronze:Defend","bronze:Replicate","bronze:Goto","Apotheosis+1","bronze:DelayedSlice","bronze:BronzeArmor+1","bronze:Shield","bronze:InfiniteBeams","bronze:Flail","bronze:Fortify","bronze:Mutator","Panache","bronze:ItsAFeature","bronze:CloningBeam+1"],"relics":["bronze:BronzeCore","Pantograph","Sozu"],"acts_visited":["Exordium","TheCity"],"potions_floor_usage":[16],"damage_taken":[{"damage":0,"enemies":"Cultist","floor":2,"turns":4},{"damage":2,"enemies":"Small Slimes","floor":3,"turns":3},{"damage":2,"enemies":"2 Louse","floor":4,"turns":2},{"damage":2,"enemies":"Exordium Thugs","floor":6,"turns":6},{"damage":0,"enemies":"Exordium Wildlife","floor":8,"turns":2},{"damage":8,"enemies":"Red Slaver","floor":10,"turns":3},{"damage":0,"enemies":"2 Fungi Beasts","floor":11,"turns":3},{"damage":0,"enemies":"Blue Slaver","floor":12,"turns":3},{"damage":1,"enemies":"2 Fungi Beasts","floor":14,"turns":2},{"damage":5,"enemies":"Red Slaver","floor":15,"turns":3},{"damage":39,"enemies":"WA_ARCHETYPE_RETAIN","floor":16,"turns":13},{"damage":7,"enemies":"3 Byrds","floor":19,"turns":4},{"damage":0,"enemies":"downfall:FleeingMerchant","floor":20,"turns":4},{"damage":0,"enemies":"Chosen","floor":21,"turns":5},{"damage":22,"enemies":"Centurion and Healer","floor":22,"turns":5},{"damage":51,"enemies":"Book of Stabbing","floor":23,"turns":4}],"seed_played":"-5753530610555860455","potions_obtained":[{"floor":2,"key":"Swift Potion"},{"floor":3,"key":"bronze:BuildAFunctionPotion"},{"floor":8,"key":"LiquidMemories"},{"floor":11,"key":"PowerPotion"},{"floor":16,"key":"DistilledChaos"}],"is_trial":false,"path_per_floor":["R","M","M","M","?","M","T","M","?","M","M","M","R","M","M","B",null,"R","M","$","M","M","E"],"character_chosen":"THE_AUTOMATON","items_purchased":["Panache","bronze:ItsAFeature"],"campfire_rested":0,"item_purchase_floors":[20,20],"current_hp_per_floor":[70,70,68,66,71,69,69,69,75,67,67,67,67,66,61,36,75,75,68,68,68,46,0,0,0],"gold":65,"neow_bonus":"RANDOM_COLORLESS_2","is_daily":false,"chose_seed":false,"campfire_upgraded":2,"win_rate":0.0,"timestamp":1611632690,"path_taken":["R","M","?","M","?","M","T","M","?","M","M","M","R","M","M","BOSS","R","M","$","M","M","E"],"items_purchased_type":["Card","Card"],"build_version":"2020-12-22","purchased_purges":0,"victory":false,"max_hp_per_floor":[70,70,70,70,75,75,75,75,75,75,75,75,75,75,75,75,75,75,75,75,75,75,75,75,75],"card_choices":[{"not_picked":["HandOfGreed","Transmutation"],"picked":"Apotheosis","floor":0},{"not_picked":["bronze:DelayedGuard","bronze:Overheat"],"picked":"bronze:DelayedSlice","floor":2},{"not_picked":["bronze:Turbo","bronze:ItsAFeature"],"picked":"bronze:BronzeArmor","floor":3},{"not_picked":["bronze:InfiniteBeams","bronze:DigitalCarnage"],"picked":"bronze:Shield","floor":4},{"not_picked":["bronze:Turbo","bronze:DigitalCarnage","bronze:DelayedGuard"],"picked":"SKIP","floor":6},{"not_picked":["bronze:WhirlingStrike","bronze:ChosenStrike"],"picked":"bronze:InfiniteBeams","floor":8},{"not_picked":["bronze:CutThrough","bronze:Turbo"],"picked":"bronze:Flail","floor":10},{"not_picked":["bronze:Invalidate","bronze:Iterate","bronze:BuggyMess"],"picked":"SKIP","floor":11},{"not_picked":["bronze:Constructor","bronze:Iterate","bronze:AlphaBuild"],"picked":"SKIP","floor":12},{"not_picked":["bronze:Invalidate","bronze:Deprecate"],"picked":"bronze:Fortify","floor":14},{"not_picked":["bronze:Frontload","bronze:Backtrace","bronze:Turbo"],"picked":"SKIP","floor":15},{"not_picked":["bronze:Break","bronze:Virus"],"picked":"bronze:Mutator","floor":16},{"not_picked":["bronze:ChildClass","bronze:ChosenStrike+1","bronze:Frontload"],"picked":"SKIP","floor":19},{"not_picked":["bronze:Shield","bronze:Deprecate","bronze:Overheat"],"picked":"SKIP","floor":20},{"not_picked":["bronze:Refactor+1","bronze:ItsAFeature","bronze:Overheat+1"],"picked":"SKIP","floor":21},{"not_picked":["bronze:BronzeArmor","bronze:Turbo"],"picked":"bronze:CloningBeam+1","floor":22}],"player_experience":511300,"relics_obtained":[{"floor":7,"key":"Pantograph"}],"event_choices":[{"damage_healed":0,"gold_gain":0,"player_choice":"Donut","damage_taken":0,"max_hp_gain":5,"max_hp_loss":0,"event_name":"Big Fish","floor":5,"gold_loss":0},{"damage_healed":6,"gold_gain":0,"player_choice":"Full Heal","damage_taken":0,"max_hp_gain":0,"max_hp_loss":0,"event_name":"Wheel of Change","floor":9,"gold_loss":0}],"is_beta":false,"boss_relics":[{"not_picked":["Tiny House","bronze:MakeshiftBattery"],"picked":"Sozu"}],"items_purged_floors":[],"is_endless":false,"potions_floor_spawned":[2,3,8,11,14,16,22],"killed_by":"Book of Stabbing","ascension_level":0}}