{"host":"6eo4thp7fob519hm","time":1611666970,"event":{"mods":["BaseMod","Block Reminder","Colored Map","Colored Powertips","DeckTracker","Googly Eyes","Highlight Path","Minty Spire (QoL Compilation)","Quick Restart"],"gold_per_floor":[113,213,223,223,223,243,255,255,280,313,313,324,356,431,431,535,535,545,545,560,560,560,560],"floor_reached":22,"language":"ENG","playtime":1108,"items_purged":[],"score":194,"play_id":"fe16cab4-41d9-4549-83cd-6479765e716e","local_time":"20210126184610","is_ascension_mode":false,"campfire_choices":[{"data":"Combust","floor":8,"key":"SMITH"},{"data":"Rampage","floor":11,"key":"SMITH"},{"data":"Bash","floor":15,"key":"SMITH"}],"circlet_count":0,"master_deck":["Strike_R","Strike_R","Strike_R","Strike_R","Strike_R","Defend_R","Defend_R","Defend_R","Defend_R","Bash+1","Twin Strike","Thunderclap","Regret","Combust+1","Flex","Rampage+1","Headbutt","Pommel Strike","Demon Form","Headbutt+1","Spot Weakness","Mind Blast+1","Madness"],"relics":["Burning Blood","PreservedInsect","Happy Flower","Juzu Bracelet","Oddly Smooth Stone","Strawberry","Mark of Pain","Molten Egg 2"],"acts_visited":["Exordium","TheCity"],"potions_floor_usage":[13,16,16],"damage_taken":[{"damage":5,"enemies":"Small Slimes","floor":1,"turns":3},{"damage":1,"enemies":"Cultist","floor":3,"turns":3},{"damage":4,"enemies":"2 Louse","floor":6,"turns":2},{"damage":7,"enemies":"Lots of Slimes","floor":7,"turns":2},{"damage":20,"enemies":"3 Sentries","floor":10,"turns":4},{"damage":18,"enemies":"Large Slime","floor":12,"turns":4},{"damage":21,"enemies":"Lagavulin","floor":13,"turns":4},{"damage":19,"enemies":"Hexaghost","floor":16,"turns":9},{"damage":12,"enemies":"Spheric Guardian","floor":18,"turns":3},{"damage":26,"enemies":"2 Thieves","floor":20,"turns":4}],"seed_played":"7958669054313960477","potions_obtained":[{"floor":3,"key":"HeartOfIron"},{"floor":5,"key":"Strength Potion"},{"floor":5,"key":"BloodPotion"},{"floor":10,"key":"Energy Potion"},{"floor":12,"key":"LiquidBronze"},{"floor":16,"key":"Dexterity Potion"},{"floor":18,"key":"BloodPotion"}],"is_trial":false,"path_per_floor":["M","?","M","?","?","M","M","R","T","E","R","M","E","?","R","B",null,"M","?","M","?","$"],"character_chosen":"IRONCLAD","items_purchased":[],"campfire_rested":0,"item_purchase_floors":[],"current_hp_per_floor":[80,80,80,80,80,80,79,79,79,65,65,53,45,34,34,21,87,81,81,61,42,42,42],"gold":560,"neow_bonus":"RANDOM_COMMON_RELIC","is_daily":false,"chose_seed":false,"campfire_upgraded":3,"win_rate":0.0,"timestamp":1611666970,"path_taken":["M","?","?","?","?","?","M","R","T","E","R","M","E","?","R","BOSS","M","?","M","?","$"],"items_purchased_type":[],"build_version":"2020-12-22","purchased_purges":0,"victory":false,"max_hp_per_floor":[80,80,80,80,80,80,80,80,80,80,80,80,87,87,87,87,87,87,87,87,87,87,87],"card_choices":[{"not_picked":["True Grit","Reckless Charge"],"picked":"Twin Strike","floor":1},{"not_picked":["Seeing Red","Wild Strike"],"picked":"Thunderclap","floor":3},{"not_picked":["Dark Embrace","Perfected Strike"],"picked":"Combust","floor":6},{"not_picked":["Battle Trance","Flame Barrier"],"picked":"Flex","floor":7},{"not_picked":["Twin Strike","Combust"],"picked":"Rampage","floor":10},{"not_picked":["Demon Form","Second Wind"],"picked":"Headbutt","floor":12},{"not_picked":["Iron Wave","Sentinel"],"picked":"Pommel Strike","floor":13},{"not_picked":["Feed","Juggernaut"],"picked":"Demon Form","floor":16},{"not_picked":["Havoc","Perfected Strike"],"picked":"Headbutt+1","floor":18},{"not_picked":["Blood for Blood+1","Perfected Strike+1"],"picked":"Spot Weakness","floor":20}],"player_experience":592896,"relics_obtained":[{"floor":9,"key":"Juzu Bracelet"},{"floor":10,"key":"Oddly Smooth Stone"},{"floor":13,"key":"Strawberry"}],"event_choices":[{"damage_healed":0,"gold_gain":100,"player_choice":"Gold","damage_taken":0,"max_hp_gain":0,"max_hp_loss":0,"event_name":"Wheel of Change","floor":2,"gold_loss":0},{"damage_healed":0,"gold_gain":0,"player_choice":"Box","damage_taken":0,"relics_obtained":["Happy Flower"],"max_hp_gain":0,"max_hp_loss":0,"event_name":"Big Fish","floor":4,"gold_loss":0,"cards_obtained":["Regret"]},{"damage_healed":0,"gold_gain":0,"player_choice":"Got Potions","damage_taken":0,"max_hp_gain":0,"max_hp_loss":0,"event_name":"Lab","floor":5,"gold_loss":0},{"damage_healed":0,"gold_gain":75,"player_choice":"Gather Gold","damage_taken":11,"max_hp_gain":0,"max_hp_loss":0,"event_name":"World of Goop","floor":14,"gold_loss":0},{"damage_healed":0,"gold_gain":0,"player_choice":"Gave Potion","damage_taken":0,"relics_obtained":["Molten Egg 2"],"max_hp_gain":0,"max_hp_loss":0,"event_name":"WeMeetAgain","floor":19,"gold_loss":0},{"damage_healed":0,"gold_gain":0,"player_choice":"CARD CARD ","damage_taken":19,"max_hp_gain":0,"max_hp_loss":0,"event_name":"Knowing Skull","floor":21,"potions_obtained":[],"gold_loss":0,"cards_obtained":["Mind Blast","Madness"]}],"is_beta":false,"boss_relics":[{"not_picked":["Cursed Key","Runic Pyramid"],"picked":"Mark of Pain"}],"items_purged_floors":[],"is_endless":false,"potions_floor_spawned":[3,10,12,16,18],"ascension_level":0}}