{"host":"sian7qp8a9pc9xwd","time":1611621336,"event":{"mods":["BaseMod","Minty Spire (QoL Compilation)","StSLib","SuperFastMode"],"gold_per_floor":[113,113,133,4,24,24,44,74,99,109,127,18,18,18,18,95,95,109,125,305,321,321,332,332,344,344,367,367,367],"floor_reached":28,"language":"ENG","playtime":908,"items_purged":["Strike_G"],"score":377,"play_id":"8f5850aa-c1fe-4291-bb7e-3e15c60ab861","local_time":"20210125193536","is_ascension_mode":true,"campfire_choices":[{"data":"Blade Dance","floor":6,"key":"SMITH"},{"data":"Neutralize","floor":13,"key":"SMITH"},{"data":"Accuracy","floor":15,"key":"SMITH"},{"floor":24,"key":"REST"},{"data":"Footwork","floor":26,"key":"SMITH"}],"circlet_count":0,"master_deck":["AscendersBane","Strike_G","Strike_G","Strike_G","Strike_G","Defend_G","Defend_G+1","Defend_G","Defend_G","Defend_G","Survivor","Neutralize+1","Phantasmal Killer+1","Deadly Poison","Quick Slash","Blade Dance+1","Cloak And Dagger+1","Dash","Footwork+1","Accuracy+1","Escape Plan","Adrenaline","Footwork+1","Backflip","Choke+1"],"relics":["Ring of the Serpent","Art of War","Nunchaku","War Paint"],"acts_visited":["Exordium","TheCity"],"potions_floor_usage":[8,10,16,21,25,28,28],"damage_taken":[{"damage":10,"enemies":"2 Louse","floor":1,"turns":3},{"damage":0,"enemies":"Cultist","floor":3,"turns":4},{"damage":0,"enemies":"Small Slimes","floor":5,"turns":2},{"damage":11,"enemies":"Exordium Thugs","floor":7,"turns":4},{"damage":16,"enemies":"Gremlin Nob","floor":8,"turns":4},{"damage":1,"enemies":"Lots of Slimes","floor":10,"turns":6},{"damage":0,"enemies":"Blue Slaver","floor":11,"turns":2},{"damage":9,"enemies":"The Guardian","floor":16,"turns":10},{"damage":2,"enemies":"Chosen","floor":18,"turns":3},{"damage":0,"enemies":"Shell Parasite","floor":19,"turns":4},{"damage":19,"enemies":"Snake Plant","floor":21,"turns":4},{"damage":0,"enemies":"Snecko","floor":23,"turns":5},{"damage":28,"enemies":"Cultist and Chosen","floor":25,"turns":6},{"damage":22,"enemies":"Masked Bandits","floor":28,"turns":3}],"seed_played":"-4961065077972605379","potions_obtained":[{"floor":1,"key":"Weak Potion"},{"floor":5,"key":"Dexterity Potion"},{"floor":11,"key":"Poison Potion"},{"floor":16,"key":"LiquidBronze"},{"floor":21,"key":"Poison Potion"},{"floor":23,"key":"Regen Potion"},{"floor":25,"key":"Weak Potion"}],"is_trial":false,"path_per_floor":["M","?","M","$","M","R","M","E","T","M","M","$","R","?","R","B",null,"M","M","?","M","M","M","R","M","R","T","?"],"character_chosen":"THE_SILENT","items_purchased":["Blade Dance","Accuracy","Escape Plan"],"campfire_rested":1,"item_purchase_floors":[4,12,12],"current_hp_per_floor":[49,49,49,49,49,49,38,22,22,21,21,21,21,21,21,12,53,51,51,32,13,13,13,32,18,18,18,0,0],"gold":367,"neow_bonus":"ONE_RANDOM_RARE_CARD","is_daily":false,"chose_seed":false,"campfire_upgraded":4,"win_rate":0.0,"timestamp":1611621336,"path_taken":["M","?","M","$","?","R","M","E","T","M","M","?","R","?","R","BOSS","M","M","?","M","M","?","R","M","R","T","?"],"items_purchased_type":["Card","Card","Card"],"build_version":"2020-12-22","purchased_purges":1,"victory":false,"max_hp_per_floor":[66,66,66,66,66,66,66,66,66,66,66,66,66,66,66,66,66,66,66,66,66,66,66,66,66,66,66,66,66],"card_choices":[{"not_picked":["Quick Slash","PiercingWail"],"picked":"Deadly Poison","floor":1},{"not_picked":["Expertise","Acrobatics"],"picked":"Quick Slash","floor":3},{"not_picked":["Prepared","Choke"],"picked":"Cloak And Dagger","floor":5},{"not_picked":["Well Laid Plans","Underhanded Strike"],"picked":"Dash","floor":7},{"not_picked":["Bane","Sucker Punch"],"picked":"Footwork","floor":8},{"not_picked":["Deadly Poison","Bane","Heel Hook"],"picked":"SKIP","floor":10},{"not_picked":["Acrobatics","Flying Knee","Prepared"],"picked":"SKIP","floor":11},{"not_picked":["Phantasmal Killer","Doppelganger"],"picked":"Adrenaline","floor":16},{"not_picked":["Escape Plan","Prepared"],"picked":"Footwork","floor":18},{"not_picked":["Endless Agony","Dodge and Roll"],"picked":"Backflip","floor":19},{"not_picked":["Dagger Throw","Dodge and Roll"],"picked":"Choke+1","floor":21},{"not_picked":["Masterful Stab","Deflect","Bane"],"picked":"SKIP","floor":23},{"not_picked":["Outmaneuver","Underhanded Strike","Poisoned Stab"],"picked":"SKIP","floor":25}],"player_experience":788568,"relics_obtained":[{"floor":8,"key":"Art of War"},{"floor":9,"key":"Nunchaku"},{"floor":27,"key":"War Paint"}],"event_choices":[{"damage_healed":0,"gold_gain":0,"player_choice":"Forge","damage_taken":0,"max_hp_gain":0,"max_hp_loss":0,"event_name":"Accursed Blacksmith","floor":2,"gold_loss":0,"cards_upgraded":["Phantasmal Killer"]},{"damage_healed":0,"gold_gain":0,"player_choice":"Upgraded","damage_taken":0,"max_hp_gain":0,"max_hp_loss":0,"event_name":"Upgrade Shrine","floor":14,"gold_loss":0,"cards_upgraded":["Footwork"]},{"damage_healed":0,"gold_gain":180,"player_choice":"GOLD GOLD ","damage_taken":19,"max_hp_gain":0,"max_hp_loss":0,"event_name":"Knowing Skull","floor":20,"potions_obtained":[],"gold_loss":0,"cards_obtained":[]},{"damage_healed":0,"gold_gain":0,"player_choice":"Fought Bandits","damage_taken":0,"max_hp_gain":0,"max_hp_loss":0,"event_name":"Masked Bandits","floor":28,"gold_loss":0}],"is_beta":false,"boss_relics":[{"not_picked":["Calling Bell","SacredBark"],"picked":"Ring of the Serpent"}],"items_purged_floors":[4],"is_endless":false,"potions_floor_spawned":[1,5,11,16,21,23,25],"killed_by":"Masked Bandits","ascension_level":14}}