{"host":"igj4vwc42ivwqexo","time":1611691493,"event":{"mods":["BaseMod","Better Third Choice","Koishi","Marisa????????","Minty Spire (QoL Compilation)","Shop Mod","StSLib","The Blue Laboratory","The Disciple","The Hierophant","The Servant 0.9.4"],"gold_per_floor":[360,376,376,95,113,146,146,321,321,341,341,341],"floor_reached":11,"language":"ENG","playtime":936,"items_purged":[],"score":99,"play_id":"07c55930-fb36-4eb1-8387-4a619b168fe7","local_time":"20210126210453","is_ascension_mode":true,"campfire_choices":[{"data":"Apotheosis","floor":7,"key":"SMITH"}],"circlet_count":0,"master_deck":["Strike_B","Strike_B","Strike_B","Defend_B","Defend_B","Defend_B","Defend_B","Zap","Dualcast","Leap","Fusion","Storm","Apotheosis+1","Reinforced Body","Self Repair","FTL","Doubt","Genetic Algorithm"],"relics":["Cracked Core","Thread and Needle","Unceasing Top"],"acts_visited":["Exordium"],"potions_floor_usage":[10,11],"damage_taken":[{"damage":2,"enemies":"Jaw Worm","floor":1,"turns":4},{"damage":4,"enemies":"Small Slimes","floor":2,"turns":4},{"damage":0,"enemies":"Cultist","floor":5,"turns":4},{"damage":33,"enemies":"3 Sentries","floor":6,"turns":10},{"damage":10,"enemies":"Exordium Thugs","floor":10,"turns":5},{"damage":15,"enemies":"Gremlin Nob","floor":11,"turns":3}],"seed_played":"6040400244221432260","potions_obtained":[{"floor":6,"key":"blueLaboratory:HorrorPotion"},{"floor":10,"key":"Block Potion"}],"is_trial":false,"path_per_floor":["M","M","?","$","M","E","R","?","T","M","E"],"character_chosen":"DEFECT","items_purchased":["Storm","Apotheosis","Reinforced Body"],"campfire_rested":0,"item_purchase_floors":[4,4,4],"current_hp_per_floor":[48,44,37,37,37,11,11,11,11,11,0,0],"gold":341,"neow_bonus":"TWO_FIFTY_GOLD","is_daily":false,"chose_seed":false,"campfire_upgraded":1,"win_rate":0.0,"timestamp":1611691493,"path_taken":["M","M","?","$","M","E","R","?","T","M","E"],"items_purchased_type":["Card","Card","Card"],"build_version":"2020-12-22","purchased_purges":0,"victory":false,"max_hp_per_floor":[75,75,75,75,75,75,75,75,75,75,75,75],"card_choices":[{"not_picked":["Hologram","Compile Driver"],"picked":"Leap","floor":1},{"not_picked":["Rebound","Static Discharge"],"picked":"Fusion","floor":2},{"not_picked":["Sweeping Beam","Turbo"],"picked":"Self Repair","floor":5},{"not_picked":["Beam Cell","Gash"],"picked":"FTL","floor":6},{"not_picked":["Blizzard","Coolheaded"],"picked":"Genetic Algorithm","floor":10}],"player_experience":360531,"relics_obtained":[{"floor":6,"key":"Thread and Needle"},{"floor":9,"key":"Unceasing Top"}],"event_choices":[{"cards_removed":["Strike_B"],"damage_healed":0,"gold_gain":0,"player_choice":"Card Removal","damage_taken":7,"max_hp_gain":0,"max_hp_loss":0,"event_name":"Golden Wing","floor":3,"gold_loss":0},{"damage_healed":0,"gold_gain":175,"player_choice":"AGREE","damage_taken":146,"max_hp_gain":0,"max_hp_loss":0,"event_name":"betterThird:BetterSerpent","floor":8,"gold_loss":0}],"is_beta":false,"boss_relics":[],"items_purged_floors":[],"is_endless":false,"potions_floor_spawned":[6,10],"killed_by":"Gremlin Nob","ascension_level":7}}