{"host":"u7t6gtnp6lus9at9","time":1611625853,"event":{"mods":["AchievementEnabler","Act Like it!","BaseMod","Card Forge","Colored Map","Colored Powertips","Custom Start","Downfall","Minty Spire (QoL Compilation)","Practice Mode","Replay The Spire","Shop Mod","StSLib"],"gold_per_floor":[110,192,207,207,207,235,235,245,245,245,270,16,51,66,66,162,162,181,201,201,201,214,243,91,91,138,138,53,71,71,82,166,269,269,288,288,301,318,318,349,349,384,436,453,453,453,469,242,242,242,242,242,88,114,114],"floor_reached":56,"language":"ENG","playtime":12002,"items_purged":[],"score":1618,"play_id":"410d12c7-339e-4a6b-a4f8-4ff10ee562de","local_time":"20210125235053","is_ascension_mode":false,"campfire_choices":[{"floor":7,"key":"RECALL"},{"floor":10,"key":"REST"},{"floor":15,"key":"REST"},{"floor":25,"key":"REST"},{"floor":27,"key":"REST"},{"floor":46,"key":"REST"},{"floor":49,"key":"REST"},{"floor":52,"key":"REST"}],"circlet_count":1,"master_deck":["Zap+1","Echo Form+1","Coolheaded+1","Consume+1","Blizzard+1","Creative AI+1","Electrodynamics+1","FIFO Queue+1","Fission+1","Fusion+1","Genetic Algorithm+1","Heatsinks+1","Loop+1","Machine Learning+1","Panic Button+1","ReplayRNGCard+1","Redo+1","Storm+1","Thunder Strike+1","Seek+1"],"relics":["Hammer of Thor","Seething Fire","Anvil of the Gods","Iron Hammer","Singing Bowl","TungstenRod","Orichalcum","Regal Pillow","Vajra","Thread and Needle","Circlet","Sozu","Fusion Hammer","Incense Burner","Inserter","Meat on the Bone","Mummified Hand","Bird Faced Urn","Gambling Chip","FrozenCore","Busted Crown","Akabeko","Iron Core","Busted Crown","Cracked Core","Mirror","Gremlin Food","Solar Panel","Regal Pillow","Busted Crown","Meat on the Bone","Replay:Bottled Steam","Membership Card","Strawberry","White Beast Statue","Inserter","Pet Ghost","Question Card","Omamori","ClockworkSouvenir","Magic Flower","Geode","Centennial Puzzle","Bag of Marbles"],"acts_visited":["Exordium","TheCity","TheBeyond","TheEnding"],"potions_floor_usage":[],"damage_taken":[{"damage":0,"enemies":"Jaw Worm","floor":1,"turns":2},{"damage":0,"enemies":"Small Slimes","floor":3,"turns":1},{"damage":1,"enemies":"3 Sentries","floor":6,"turns":2},{"damage":0,"enemies":"Cultist","floor":8,"turns":1},{"damage":0,"enemies":"Gremlin Nob","floor":11,"turns":2},{"damage":0,"enemies":"Lagavulin","floor":13,"turns":2},{"damage":0,"enemies":"Red Slaver","floor":14,"turns":1},{"damage":0,"enemies":"Slime Boss","floor":16,"turns":2},{"damage":0,"enemies":"Chosen","floor":18,"turns":2},{"damage":7,"enemies":"2 Thieves","floor":19,"turns":2},{"damage":0,"enemies":"3 Cultists","floor":22,"turns":2},{"damage":2,"enemies":"Replay:Snechameleon","floor":23,"turns":2},{"damage":0,"enemies":"Snake Plant","floor":29,"turns":1},{"damage":0,"enemies":"Centurion and Healer","floor":31,"turns":1},{"damage":0,"enemies":"Champ","floor":33,"turns":2},{"damage":5,"enemies":"3 Shapes","floor":35,"turns":2},{"damage":0,"enemies":"3 Darklings","floor":37,"turns":1},{"damage":0,"enemies":"Jaw Worm Horde","floor":38,"turns":1},{"damage":0,"enemies":"Giant Head","floor":40,"turns":3},{"damage":0,"enemies":"Nemesis","floor":42,"turns":1},{"damage":0,"enemies":"Writhing Mass","floor":44,"turns":2},{"damage":0,"enemies":"Spire Growth","floor":47,"turns":2},{"damage":17,"enemies":"Awakened One","floor":50,"turns":3},{"damage":0,"enemies":"Shield and Spear","floor":54,"turns":2},{"damage":7,"enemies":"The Heart","floor":55,"turns":4}],"seed_played":"6113007605356381863","potions_obtained":[],"is_trial":false,"path_per_floor":["M","?","M","?","?","E","R","M","T","R","E","$","E","M","R","B",null,"M","M","?","T","M","E","$","R","T","R","?","M","$","M","R_BF","B",null,"M","?","M","M","?","E","?","E","T","M","?","R","M","$","R","B",null,"R","$","E","B",null],"character_chosen":"DEFECT","items_purchased":["Solar Panel","Membership Card","ClockworkSouvenir","Magic Flower","Geode","Centennial Puzzle"],"campfire_rested":7,"item_purchase_floors":[12,24,48,48,53,53],"current_hp_per_floor":[77,63,75,75,75,83,83,83,83,83,83,83,83,83,83,83,83,83,83,83,83,83,83,83,83,90,90,90,90,90,90,90,90,90,90,90,90,90,81,90,90,90,90,90,90,90,90,90,90,85,90,90,90,90,90],"gold":114,"neow_bonus":"RANDOM_EVENT","is_daily":false,"chose_seed":false,"campfire_upgraded":0,"win_rate":0.0,"timestamp":1611625853,"path_taken":["M","?","M","?","?","E","R","?","T","R","E","$","E","M","R","BOSS","M","M","?","?","?","E","?","R","T","R","?","M","$","M","R_BF","BOSS","M","?","M","M","?","E","?","E","T","M","?","R","?","?","R","BOSS","R","$","E","BOSS"],"items_purchased_type":["Relic","Relic","Relic","Relic","Relic","Relic"],"build_version":"2020-12-22","purchased_purges":0,"victory":true,"max_hp_per_floor":[77,81,83,83,83,83,83,83,83,83,83,83,83,83,83,83,83,83,83,83,83,83,83,83,83,90,90,90,90,90,90,90,90,90,90,90,90,90,90,90,90,90,90,90,90,90,90,90,90,90,90,90,90,90,90],"card_choices":[{"not_picked":["Time Bomb","ReplaySolidLightProjector","Consume"],"picked":"Singing Bowl","floor":1},{"not_picked":["Genetic Algorithm"],"picked":"Singing Bowl","floor":2},{"not_picked":["Cold Snap"],"picked":"Singing Bowl","floor":2},{"not_picked":["Sweeping Beam"],"picked":"Singing Bowl","floor":3}],"player_experience":149443,"relics_obtained":[{"floor":2,"key":"Akabeko"},{"floor":6,"key":"Mirror"},{"floor":11,"key":"Gremlin Food"},{"floor":13,"key":"Regal Pillow"},{"floor":21,"key":"Meat on the Bone"},{"floor":23,"key":"Replay:Bottled Steam"},{"floor":26,"key":"Strawberry"},{"floor":40,"key":"Pet Ghost"},{"floor":42,"key":"Question Card"},{"floor":43,"key":"Omamori"},{"floor":54,"key":"Bag of Marbles"}],"event_choices":[{"damage_healed":0,"gold_gain":0,"player_choice":"Box","damage_taken":0,"relics_obtained":["Iron Hammer"],"max_hp_gain":0,"max_hp_loss":0,"event_name":"Big Fish","floor":0,"gold_loss":0,"cards_obtained":["Regret"]},{"damage_healed":0,"gold_gain":0,"player_choice":"Ignored","damage_taken":0,"max_hp_gain":0,"max_hp_loss":0,"event_name":"Shining Light","floor":5,"gold_loss":0},{"damage_healed":27,"gold_gain":0,"player_choice":"Heal","damage_taken":0,"max_hp_gain":0,"max_hp_loss":0,"event_name":"The Library","floor":20,"gold_loss":0},{"damage_healed":0,"gold_gain":0,"player_choice":"Obtained Relic","damage_taken":0,"relics_obtained":["White Beast Statue"],"max_hp_gain":0,"max_hp_loss":0,"event_name":"Addict","floor":28,"gold_loss":85},{"cards_removed":["Seek"],"damage_healed":0,"gold_gain":0,"player_choice":"Removed Skill","damage_taken":0,"max_hp_gain":0,"max_hp_loss":0,"event_name":"Falling","floor":36,"gold_loss":0},{"damage_healed":0,"gold_gain":0,"player_choice":"Memory 3","damage_taken":10,"max_hp_gain":0,"max_hp_loss":0,"event_name":"SensoryStone","floor":39,"gold_loss":0},{"damage_healed":0,"gold_gain":0,"player_choice":"Ignored","damage_taken":0,"max_hp_gain":0,"max_hp_loss":0,"event_name":"Tomb of Lord Red Mask","floor":41,"gold_loss":0},{"damage_healed":0,"gold_gain":0,"player_choice":"Ignored","damage_taken":0,"max_hp_gain":0,"max_hp_loss":0,"event_name":"Transmorgrifier","floor":45,"gold_loss":0}],"is_beta":false,"boss_relics":[{"not_picked":["Philosopher\u0027s Stone","FrozenCore"],"picked":"Busted Crown"},{"not_picked":["Kintsugi","Runic Pyramid"],"picked":"Inserter"}],"items_purged_floors":[],"is_endless":false,"potions_floor_spawned":[1,8,16,18,19,22,29,31,33,35,37,38,40,42,44,47,54],"ascension_level":0}}