{"host":"mg3e76uznu9x14du","time":1611637386,"event":{"mods":["BaseMod","Colored Map","Downfall","Minty Spire (QoL Compilation)","Permanent Neow","Relic Stats","StSLib","Waifu the Spire","everything is the same but u backflip on backflip"],"gold_per_floor":[199,215,229,229,329,329,329,344,364,23,23,55,55,66,83,187,187,87,103,120,120,138,138,212,226,251,251,136,163,11,30,49,146,146,146,161,176,186,203,99,99,112,12,12,30,30,65,83,101,101],"floor_reached":51,"language":"ENG","playtime":3340,"items_purged":["downfall:Aged","downfall:Bewildered","Parasite"],"score":1016,"play_id":"95905f7a-140b-462a-b9e2-883fa26a9978","local_time":"20210126000306","is_ascension_mode":true,"campfire_choices":[{"data":"champ:Taunt","floor":1,"key":"SMITH"},{"data":"champ:EnragedBash","floor":11,"key":"SMITH"},{"data":"champ:LastStand","floor":18,"key":"SMITH"},{"floor":23,"key":"REST"},{"data":"champ:CrookedStrike","floor":27,"key":"SMITH"},{"data":"champ:CheapShot","floor":35,"key":"SMITH"},{"floor":43,"key":"RECALL"},{"data":"champ:Execute","floor":46,"key":"SMITH"}],"circlet_count":0,"master_deck":["champ:Strike","champ:Strike","champ:Strike","champ:Strike","champ:Defend","champ:Defend","champ:Defend","champ:Defend","champ:Execute+1","champ:Taunt+1","champ:Backstep+1","champ:StanceDance+1","champ:DefensiveShout","champ:AdrenalArmor","champ:EnragedBash+1","champ:AdrenalArmor","champ:RageSigil+1","champ:StanceDance+1","champ:ShieldSigil+1","champ:BerserkersShout+1","champ:LastStand+1","champ:FocusedBerserking+1","champ:Backstep+1","champ:FocusedBerserking+1","champ:CrookedStrike+1","champ:StanceDance+1","champ:FanOfKnives","champ:StanceDance+1","champ:FanOfKnives","champ:EnchantCrown+1","champ:Parry+1","champ:CheapShot+1","champ:UltimateStance+1","champ:CrownThrow+1","champ:IronFortress","champ:AdrenalArmor+1","champ:FalseCounter+1","champ:IgnorePain+1","Pain","champ:GutPunch+1","champ:CrownThrow+1","champ:FanOfKnives","champ:StanceDance+1","champ:SwordSigil+1"],"relics":["champ:ChampionCrown","Centennial Puzzle","CloakClasp","Blood Vial","White Beast Statue","Toxic Egg 2","sneckomod:SneckoTalon","downfall:HeartBlessingGreen","sneckomod:BabySnecko","Question Card","Mercury Hourglass","Darkstone Periapt","Cursed Key","Mummified Hand","downfall:HeartBlessingBlue","Bottled Lightning"],"acts_visited":["Exordium","TheCity","TheBeyond"],"potions_floor_usage":[3,14,16,16,22,22,22,26,30,30,30,33,38,50,50,50],"damage_taken":[{"damage":26,"enemies":"Cultist","floor":2,"turns":4},{"damage":10,"enemies":"2 Louse","floor":3,"turns":4},{"damage":66,"enemies":"2 Louse","floor":5,"turns":11},{"damage":10,"enemies":"Jaw Worm","floor":8,"turns":3},{"damage":40,"enemies":"Gremlin Gang","floor":9,"turns":6},{"damage":12,"enemies":"downfall:FleeingMerchant","floor":10,"turns":4},{"damage":83,"enemies":"Lagavulin","floor":12,"turns":7},{"damage":0,"enemies":"Blue Slaver","floor":14,"turns":3},{"damage":32,"enemies":"Large Slime","floor":15,"turns":4},{"damage":75,"enemies":"IC_STATUS_ARCHETYPE","floor":16,"turns":10},{"damage":67,"enemies":"Chosen","floor":19,"turns":5},{"damage":71,"enemies":"Snake Plant","floor":20,"turns":3},{"damage":49,"enemies":"Snecko","floor":22,"turns":4},{"damage":73,"enemies":"3 Cultists","floor":25,"turns":4},{"damage":64,"enemies":"Book of Stabbing","floor":26,"turns":4},{"damage":65,"enemies":"downfall:FleeingMerchant","floor":28,"turns":4},{"damage":40,"enemies":"Gremlin Leader","floor":29,"turns":4},{"damage":65,"enemies":"downfall:FleeingMerchant","floor":30,"turns":4},{"damage":51,"enemies":"Shelled Parasite and Fungi","floor":31,"turns":3},{"damage":33,"enemies":"Snecko","floor":32,"turns":4},{"damage":69,"enemies":"SI_MIRROR_ARCHETYPE","floor":33,"turns":7},{"damage":10,"enemies":"Orb Walker","floor":36,"turns":3},{"damage":55,"enemies":"3 Darklings","floor":37,"turns":2},{"damage":63,"enemies":"Writhing Mass","floor":38,"turns":5},{"damage":20,"enemies":"Sphere and 2 Shapes","floor":39,"turns":3},{"damage":0,"enemies":"downfall:FleeingMerchant","floor":40,"turns":1},{"damage":50,"enemies":"Jaw Worm Horde","floor":42,"turns":2},{"damage":85,"enemies":"Maw","floor":45,"turns":7},{"damage":49,"enemies":"Nemesis","floor":47,"turns":6},{"damage":30,"enemies":"3 Darklings","floor":48,"turns":2},{"damage":31,"enemies":"Sphere and 2 Shapes","floor":49,"turns":4},{"damage":144,"enemies":"DF_ARCHETYPE_ORBS","floor":50,"turns":5}],"seed_played":"429518701292209474","potions_obtained":[{"floor":2,"key":"Block Potion"},{"floor":8,"key":"EssenceOfSteel"},{"floor":12,"key":"SteroidPotion"},{"floor":14,"key":"Weak Potion"},{"floor":15,"key":"champ:CounterPotion"},{"floor":16,"key":"Explosive Potion"},{"floor":19,"key":"Fire Potion"},{"floor":20,"key":"FearPotion"},{"floor":22,"key":"PowerPotion"},{"floor":25,"key":"hexamod:SoulburnPotion"},{"floor":26,"key":"sneckomod:MuddlingPotion"},{"floor":28,"key":"BlessingOfTheForge"},{"floor":29,"key":"PowerPotion"},{"floor":30,"key":"Ancient Potion"},{"floor":31,"key":"Strength Potion"},{"floor":32,"key":"FearPotion"},{"floor":33,"key":"GamblersBrew"},{"floor":36,"key":"champ:CounterPotion"},{"floor":37,"key":"PowerPotion"},{"floor":38,"key":"Explosive Potion"},{"floor":47,"key":"CultistPotion"}],"is_trial":false,"path_per_floor":["R","M","M","?","?","?","T","M","M","$","R","E","?","M","M","B",null,"R","M","M","?","M","R","T","M","E","R","$","E","$","M","M","B",null,"R","M","M","M","M","$","T","M","R","?","M","R","E","M","M","B",null],"character_chosen":"THE_CHAMP","items_purchased":["White Beast Statue","champ:EnchantCrown+1","Mummified Hand","champ:IgnorePain+1"],"campfire_rested":1,"item_purchase_floors":[10,30,40,40],"current_hp_per_floor":[90,84,84,84,63,63,63,65,67,67,67,51,51,53,43,29,90,90,83,69,69,47,74,74,63,52,52,54,56,58,54,43,38,90,90,90,90,73,75,77,83,85,95,95,102,102,109,109,103,96],"gold":101,"neow_bonus":"HUNDRED_GOLD","is_daily":false,"chose_seed":false,"campfire_upgraded":6,"win_rate":0.0,"timestamp":1611637386,"path_taken":["R","M","M","?","?","?","T","M","?","$","R","E","?","M","M","BOSS","R","M","?","?","M","R","T","M","E","R","$","E","$","M","M","BOSS","R","M","M","M","M","$","T","M","R","?","M","R","E","M","M","BOSS"],"items_purchased_type":["Relic","Card","Relic","Card"],"build_version":"2020-12-22","purchased_purges":3,"victory":true,"max_hp_per_floor":[90,90,90,90,90,90,90,90,90,90,90,90,90,90,90,90,90,90,90,90,90,90,90,90,90,90,90,90,90,90,90,90,90,90,90,90,90,96,96,93,99,99,109,109,109,109,109,109,109,109],"relic_stats":{"Blood Vial":46,"Darkstone Periapt":12,"Centennial Puzzle":[84],"counters":[32,141],"Mummified Hand":[6],"CloakClasp":[170],"Question Card":18,"Cursed Key":1,"obtain_stats":[{"Darkstone Periapt":29,"champ:ChampionCrown":0,"downfall:HeartBlessingGreen":18,"CloakClasp":5,"sneckomod:SneckoTalon":17,"Question Card":24,"Cursed Key":34,"White Beast Statue":10,"Mercury Hourglass":26,"Blood Vial":7,"sneckomod:BabySnecko":21,"Centennial Puzzle":4,"Mummified Hand":40,"downfall:HeartBlessingBlue":43,"Bottled Lightning":47,"Toxic Egg 2":12},{"Darkstone Periapt":17,"champ:ChampionCrown":0,"downfall:HeartBlessingGreen":10,"CloakClasp":3,"sneckomod:SneckoTalon":10,"Question Card":13,"Cursed Key":21,"White Beast Statue":6,"Mercury Hourglass":15,"Blood Vial":3,"sneckomod:BabySnecko":12,"Centennial Puzzle":2,"Mummified Hand":26,"downfall:HeartBlessingBlue":27,"Bottled Lightning":29,"Toxic Egg 2":7},{"Darkstone Periapt":83,"champ:ChampionCrown":0,"downfall:HeartBlessingGreen":56,"CloakClasp":19,"sneckomod:SneckoTalon":56,"Question Card":68,"Cursed Key":101,"White Beast Statue":32,"Mercury Hourglass":76,"Blood Vial":19,"sneckomod:BabySnecko":64,"Centennial Puzzle":8,"Mummified Hand":115,"downfall:HeartBlessingBlue":117,"Bottled Lightning":130,"Toxic Egg 2":39}],"Mercury Hourglass":[180]},"card_choices":[{"not_picked":["champ:Encircle","champ:Haymaker"],"picked":"champ:Backstep","floor":2},{"not_picked":["champ:BladeFlurry","champ:IronFortress"],"picked":"champ:StanceDance","floor":3},{"not_picked":["champ:PreciseThrust","champ:TornadoPunch"],"picked":"champ:DefensiveShout","floor":5},{"not_picked":["champ:BringItOn","champ:FancyFootwork"],"picked":"champ:AdrenalArmor","floor":8},{"not_picked":["champ:BladeFlurry","champ:FocusedDefense"],"picked":"champ:EnragedBash","floor":9},{"not_picked":["champ:Circumvent","champ:SkillfulDodge"],"picked":"champ:AdrenalArmor","floor":10},{"not_picked":["champ:IgnorePain+1","champ:DefensiveStyle"],"picked":"champ:RageSigil+1","floor":12},{"not_picked":["champ:EnGarde+1","champ:BringItOn+1"],"picked":"champ:ShieldSigil+1","floor":14},{"not_picked":["champ:TornadoPunch","champ:DefensiveShout+1"],"picked":"champ:BerserkersShout+1","floor":15},{"not_picked":["champ:MurderStrike","champ:DancingMaster"],"picked":"champ:LastStand","floor":16},{"not_picked":["champ:SwordSigil+1","champ:DefensiveShout+1"],"picked":"champ:FocusedBerserking+1","floor":19},{"not_picked":["champ:BerserkersShout+1","champ:BladeFlurry"],"picked":"champ:Backstep+1","floor":20},{"not_picked":["champ:FocusedDefense+1","champ:RapidStrikes"],"picked":"champ:FocusedBerserking+1","floor":22},{"not_picked":["champ:Lariat+1","champ:BerserkerStyle","champ:RageSigil+1"],"picked":"champ:CrookedStrike","floor":25},{"not_picked":["champ:RageSigil+1","champ:DeathBlow","champ:Backstep+1"],"picked":"champ:StanceDance+1","floor":26},{"not_picked":["champ:Parry+1","champ:GutPunch","champ:Encircle"],"picked":"champ:FanOfKnives","floor":28},{"not_picked":["champ:RisingSlash","champ:Shatter","champ:Encircle"],"picked":"champ:StanceDance+1","floor":29},{"not_picked":["champ:RapidStrikes+1","champ:RageSigil+1","champ:FancyFootwork+1"],"picked":"champ:FanOfKnives","floor":30},{"not_picked":["champ:Lariat+1","champ:BerserkersShout+1","champ:FlashCut"],"picked":"champ:Parry+1","floor":31},{"not_picked":["champ:TornadoPunch","champ:ShieldSigil+1","champ:PerfectedStrike"],"picked":"champ:CheapShot","floor":32},{"not_picked":["champ:HeavySlash","champ:EnchantCrown+1","champ:SwordThrow"],"picked":"champ:UltimateStance+1","floor":33},{"not_picked":["champ:Lariat+1","champ:Circumvent+1","champ:TornadoPunch+1"],"picked":"champ:CrownThrow+1","floor":36},{"not_picked":["champ:GladiatorStyle+1","champ:RisingSlash","champ:Parry+1"],"picked":"champ:IronFortress","floor":37},{"not_picked":["champ:PreciseThrust+1","champ:ShieldSigil+1","champ:RageSigil+1"],"picked":"champ:AdrenalArmor+1","floor":38},{"not_picked":["champ:RapidStrikes+1","champ:CrownThrow","champ:Duel"],"picked":"champ:FalseCounter+1","floor":39},{"not_picked":["champ:EnGarde+1","champ:Shatter+1","champ:BladeFlurry+1"],"picked":"champ:IronFortress","floor":40},{"not_picked":["champ:BerserkersShout+1","champ:PreciseThrust+1","champ:ShieldSlam+1"],"picked":"champ:GutPunch+1","floor":42},{"not_picked":["champ:RecklessLeap","champ:SwordThrow","champ:ViciousMockery+1"],"picked":"champ:CrownThrow+1","floor":45},{"not_picked":["champ:PreciseThrust","champ:FlashCut","champ:EnGarde+1"],"picked":"champ:FanOfKnives","floor":47},{"not_picked":["champ:DefensiveStyle+1","champ:Backstep+1","champ:BladeFlurry"],"picked":"champ:StanceDance+1","floor":48},{"not_picked":["champ:ViciousMockery+1","champ:FocusedBerserking+1","champ:FocusedDefense+1"],"picked":"champ:SwordSigil+1","floor":49}],"player_experience":494941,"relics_obtained":[{"floor":5,"key":"CloakClasp"},{"floor":7,"key":"Blood Vial"},{"floor":12,"key":"Toxic Egg 2"},{"floor":24,"key":"Question Card"},{"floor":26,"key":"Mercury Hourglass"},{"floor":29,"key":"Darkstone Periapt"},{"floor":47,"key":"Bottled Lightning"}],"event_choices":[{"cards_removed":["champ:IronFortress"],"damage_healed":0,"gold_gain":0,"player_choice":"Removed Power","damage_taken":0,"max_hp_gain":0,"max_hp_loss":0,"event_name":"Falling","floor":44,"gold_loss":0}],"is_beta":false,"boss_relics":[{"not_picked":["bronze:MakeshiftBattery","Runic Pyramid"],"picked":"sneckomod:SneckoTalon"},{"not_picked":["Black Star","Calling Bell"],"picked":"Cursed Key"}],"items_purged_floors":[10,28,40],"is_endless":false,"potions_floor_spawned":[2,8,12,14,15,16,19,20,22,25,26,28,29,30,31,32,33,36,37,38,39,40,42,45,47,48,49],"ascension_level":3}}