{"host":"soyfmymeou4emntr","time":1611702631,"event":{"mods":["BaseMod","BetterRewards","Minty Spire (QoL Compilation)","Relic Sorter","Relic Stats","StSLib"],"gold_per_floor":[119,119,12,25,75,407,418,446,527,538,538,563,563,576,576,653,653,668,684,145,145,145,175,175,208,208,225,225,244,256,274,274,351,351,364,374,392,403,417,417,442,467,493,507,530,564,407,435,435,435,435,435],"floor_reached":51,"language":"ENG","playtime":7231,"items_purged":["Strike_B"],"score":1578,"play_id":"6357e9d6-b751-40e8-b460-f433974c768e","local_time":"20210126161031","is_ascension_mode":true,"campfire_choices":[{"data":"Multi-Cast","floor":11.0,"key":"SMITH"},{"data":"Genetic Algorithm","floor":13.0,"key":"SMITH"},{"floor":15.0,"key":"REST"},{"floor":24.0,"key":"REST"},{"floor":32.0,"key":"RECALL"},{"floor":40.0,"key":"REST"},{"floor":49.0,"key":"REST"}],"circlet_count":0,"master_deck":["AscendersBane","Strike_B+1","Strike_B+1","Defend_B+1","Defend_B+1","Defend_B+1","Defend_B+1","Dualcast","Barrage","Tempest","Coolheaded","Genetic Algorithm+1","Multi-Cast+1","Glacier","Doom and Gloom","Glacier","Recycle","Reinforced Body","Echo Form","Coolheaded","BootSequence","Hologram+1","Turbo","Self Repair+1","Seek","Turbo+1","Chill+1","Echo Form+1","CurseOfTheBell","Recycle+1","Streamline+1","Double Energy","All For One","Hologram+1","Rainbow","Blizzard+1","Chill+1","Blizzard","Gash","Self Repair+1"],"relics":["Cracked Core","Old Coin","Blood Vial","Blue Candle","Odd Mushroom","Fusion Hammer","Bottled Tornado","PreservedInsect","Frozen Egg 2","Bag of Marbles","Emotion Chip","Calling Bell","Incense Burner","Gremlin Horn","Boot","Symbiotic Virus","Bird Faced Urn","Dream Catcher","Smiling Mask","Orrery","Regal Pillow"],"acts_visited":["TheCity","TheBeyond"],"potions_floor_usage":[50,50],"damage_taken":[{"damage":3.0,"enemies":"Small Slimes","floor":1.0,"turns":2.0},{"damage":0.0,"enemies":"Cultist","floor":4.0,"turns":3.0},{"damage":0.0,"enemies":"3 Sentries","floor":6.0,"turns":3.0},{"damage":0.0,"enemies":"2 Louse","floor":7.0,"turns":1.0},{"damage":10.0,"enemies":"Lagavulin","floor":8.0,"turns":7.0},{"damage":2.0,"enemies":"Large Slime","floor":10.0,"turns":6.0},{"damage":4.0,"enemies":"The Mushroom Lair","floor":12.0,"turns":3.0},{"damage":10.0,"enemies":"2 Fungi Beasts","floor":14.0,"turns":4.0},{"damage":52.0,"enemies":"Hexaghost","floor":16.0,"turns":11.0},{"damage":0.0,"enemies":"Spheric Guardian","floor":18.0,"turns":3.0},{"damage":6.0,"enemies":"3 Byrds","floor":19.0,"turns":4.0},{"damage":16.0,"enemies":"Slavers","floor":23.0,"turns":6.0},{"damage":4.0,"enemies":"Book of Stabbing","floor":25.0,"turns":6.0},{"damage":4.0,"enemies":"3 Cultists","floor":27.0,"turns":5.0},{"damage":7.0,"enemies":"Snake Plant","floor":29.0,"turns":3.0},{"damage":5.0,"enemies":"Centurion and Healer","floor":30.0,"turns":9.0},{"damage":10.0,"enemies":"Shelled Parasite and Fungi","floor":31.0,"turns":5.0},{"damage":18.0,"enemies":"Automaton","floor":33.0,"turns":14.0},{"damage":18.0,"enemies":"Orb Walker","floor":35.0,"turns":5.0},{"damage":0.0,"enemies":"3 Shapes","floor":36.0,"turns":5.0},{"damage":0.0,"enemies":"Spire Growth","floor":37.0,"turns":6.0},{"damage":9.0,"enemies":"Jaw Worm Horde","floor":38.0,"turns":7.0},{"damage":9.0,"enemies":"Maw","floor":39.0,"turns":7.0},{"damage":18.0,"enemies":"Nemesis","floor":41.0,"turns":11.0},{"damage":0.0,"enemies":"Mind Bloom Boss Battle","floor":42.0,"turns":6.0},{"damage":4.0,"enemies":"3 Darklings","floor":44.0,"turns":8.0},{"damage":25.0,"enemies":"Giant Head","floor":46.0,"turns":8.0},{"damage":7.0,"enemies":"Nemesis","floor":48.0,"turns":6.0},{"damage":44,"enemies":"Awakened One","floor":50,"turns":11},{"damage":73,"enemies":"Time Eater","floor":51,"turns":11}],"seed_played":"-8689570914073896017","potions_obtained":[{"floor":1.0,"key":"CultistPotion"},{"floor":6.0,"key":"Dexterity Potion"},{"floor":8.0,"key":"Dexterity Potion"},{"floor":14.0,"key":"EssenceOfDarkness"},{"floor":25.0,"key":"Fire Potion"},{"floor":27.0,"key":"Ancient Potion"},{"floor":31.0,"key":"Block Potion"},{"floor":33.0,"key":"FearPotion"},{"floor":35.0,"key":"EssenceOfDarkness"},{"floor":38.0,"key":"LiquidMemories"},{"floor":42.0,"key":"DistilledChaos"}],"is_trial":false,"path_per_floor":["M","?","$","M","?","E","M","E","T","M","R","?","R","M","R","B",null,"M","M","$","?","?","E","R","E","T","M","?","M","M","M","R","B",null,"M","M","M","M","M","R","E","?","T","M","T","E","$","E","R","B","B"],"character_chosen":"DEFECT","items_purchased":["Coolheaded","PowerPotion","Bottled Tornado","PreservedInsect","Coolheaded","Orrery"],"campfire_rested":4,"item_purchase_floors":[3,3,20,20,20,47],"current_hp_per_floor":[61,54,54,54,54,54,54,44,44,44,44,42,42,34,55,5,55,57,53,53,53,53,39,60,58,58,56,56,61,68,71,71,71,71,53,71,71,71,71,71,71,71,71,71,71,66,66,67,71,63,0,0],"gold":435,"neow_bonus":"THREE_CARDS","is_daily":false,"chose_seed":false,"campfire_upgraded":2,"win_rate":0.0,"timestamp":1611702631,"path_taken":["M","?","$","M","?","E","?","E","T","?","R","?","R","M","R","BOSS","M","M","$","?","?","E","R","E","T","M","?","M","M","M","R","BOSS","M","?","M","M","M","R","E","?","T","M","?","E","?","E","R","BOSS","BOSS"],"items_purchased_type":["Card","Potion","Relic","Relic","Card","Relic"],"build_version":"2020-12-22","purchased_purges":1,"victory":false,"max_hp_per_floor":[71,71,71,71,71,71,71,71,71,71,71,71,71,71,71,71,71,71,71,71,71,71,71,71,71,71,71,71,71,71,71,71,71,71,71,71,71,71,71,71,71,71,71,71,71,71,71,71,71,71,71,71],"relic_stats":{"Blood Vial":30,"Emotion Chip":[50,14,30,6,0],"Dream Catcher":1,"Regal Pillow":0,"Gremlin Horn":[14,14],"counters":[30,186],"Blue Candle":[0],"Bird Faced Urn":[20],"PreservedInsect":314,"Boot":[158],"Smiling Mask":0,"obtain_stats":[{"Regal Pillow":48,"Gremlin Horn":34,"Blue Candle":9,"PreservedInsect":20,"Incense Burner":34,"Odd Mushroom":12,"Bottled Tornado":20,"Frozen Egg 2":23,"Boot":34,"Smiling Mask":46,"Old Coin":6,"Blood Vial":8,"Calling Bell":34,"Emotion Chip":26,"Dream Catcher":45,"Bird Faced Urn":42,"Orrery":47,"Fusion Hammer":17,"Bag of Marbles":25,"Cracked Core":0,"Symbiotic Virus":41},{"Regal Pillow":28,"Gremlin Horn":18,"Blue Candle":5,"PreservedInsect":11,"Incense Burner":18,"Odd Mushroom":7,"Bottled Tornado":11,"Frozen Egg 2":12,"Boot":18,"Smiling Mask":27,"Old Coin":3,"Blood Vial":5,"Calling Bell":18,"Emotion Chip":13,"Dream Catcher":26,"Bird Faced Urn":25,"Orrery":27,"Fusion Hammer":9,"Bag of Marbles":13,"Cracked Core":0,"Symbiotic Virus":24},{"Regal Pillow":164,"Gremlin Horn":95,"Blue Candle":16,"PreservedInsect":47,"Incense Burner":95,"Odd Mushroom":25,"Bottled Tornado":47,"Frozen Egg 2":53,"Boot":95,"Smiling Mask":158,"Old Coin":8,"Blood Vial":16,"Calling Bell":95,"Emotion Chip":59,"Dream Catcher":150,"Bird Faced Urn":142,"Orrery":158,"Fusion Hammer":40,"Bag of Marbles":59,"Cracked Core":0,"Symbiotic Virus":136}]},"card_choices":[{"not_picked":["Redo","Storm"],"picked":"Barrage","floor":0.0},{"not_picked":["Reinforced Body","Leap"],"picked":"Tempest","floor":1.0},{"not_picked":["Hologram","Leap"],"picked":"Genetic Algorithm","floor":4.0},{"not_picked":["Double Energy","Streamline"],"picked":"Multi-Cast","floor":6.0},{"not_picked":["Rebound","Tempest"],"picked":"Glacier","floor":7.0},{"not_picked":["Chaos","Auto Shields"],"picked":"Doom and Gloom","floor":8.0},{"not_picked":["Beam Cell","Steam Power"],"picked":"Glacier","floor":10.0},{"not_picked":["Compile Driver","Redo"],"picked":"Recycle","floor":12.0},{"not_picked":["Streamline","Stack"],"picked":"Reinforced Body","floor":14.0},{"not_picked":["All For One","Meteor Strike"],"picked":"Echo Form","floor":16.0},{"not_picked":["Steam","BootSequence","Heatsinks"],"picked":"SKIP","floor":18.0},{"not_picked":["Steam","Sunder","Ball Lightning"],"picked":"SKIP","floor":19.0},{"not_picked":["Rebound","Sweeping Beam","Gash"],"picked":"SKIP","floor":23.0},{"not_picked":["White Noise","FTL"],"picked":"Hologram+1","floor":25.0},{"not_picked":["Leap","Consume"],"picked":"Turbo","floor":27.0},{"not_picked":["Leap","Conserve Battery"],"picked":"Seek","floor":29.0},{"not_picked":["Beam Cell","Redo"],"picked":"Turbo+1","floor":30.0},{"not_picked":["Compile Driver","Leap"],"picked":"Chill+1","floor":31.0},{"not_picked":["All For One","Thunder Strike"],"picked":"Echo Form+1","floor":33.0},{"not_picked":["Steam+1","Redo+1"],"picked":"Recycle+1","floor":35.0},{"not_picked":["Leap","Self Repair+1"],"picked":"Streamline+1","floor":36.0},{"not_picked":["Steam","Hologram","Turbo"],"picked":"SKIP","floor":37.0},{"not_picked":["Steam Power","Streamline","Leap"],"picked":"SKIP","floor":38.0},{"not_picked":["Coolheaded+1","Hologram"],"picked":"Double Energy","floor":39.0},{"not_picked":["Barrage","Hologram"],"picked":"All For One","floor":41.0},{"not_picked":["Streamline","Barrage"],"picked":"Hologram+1","floor":42.0},{"not_picked":["Recycle+1","Go for the Eyes","Conserve Battery"],"picked":"SKIP","floor":44.0},{"not_picked":["Consume","Rebound"],"picked":"Rainbow","floor":46.0},{"not_picked":["Storm+1","Recycle+1"],"picked":"Blizzard+1","floor":47.0},{"not_picked":["Beam Cell","Sweeping Beam"],"picked":"Chill+1","floor":47.0},{"not_picked":["Conserve Battery","Go for the Eyes"],"picked":"Blizzard","floor":47.0},{"not_picked":["Stack","Rebound"],"picked":"Gash","floor":48.0},{"not_picked":["Reinforced Body","Steam+1"],"picked":"Self Repair+1","floor":49.0}],"player_experience":2902390,"relics_obtained":[{"floor":6.0,"key":"Old Coin"},{"floor":8.0,"key":"Blood Vial"},{"floor":9.0,"key":"Blue Candle"},{"floor":12.0,"key":"Odd Mushroom"},{"floor":23.0,"key":"Frozen Egg 2"},{"floor":25.0,"key":"Bag of Marbles"},{"floor":26.0,"key":"Emotion Chip"},{"floor":34.0,"key":"Incense Burner"},{"floor":34.0,"key":"Gremlin Horn"},{"floor":34.0,"key":"Boot"},{"floor":41.0,"key":"Symbiotic Virus"},{"floor":42.0,"key":"Bird Faced Urn"},{"floor":45.0,"key":"Dream Catcher"},{"floor":46.0,"key":"Smiling Mask"},{"floor":48.0,"key":"Regal Pillow"}],"event_choices":[{"cards_removed":["Strike_B"],"damage_healed":0.0,"max_hp_gain":0.0,"max_hp_loss":0.0,"gold_gain":0.0,"event_name":"Golden Wing","player_choice":"Card Removal","floor":2.0,"gold_loss":0.0,"damage_taken":7.0},{"damage_healed":0.0,"max_hp_gain":0.0,"max_hp_loss":0.0,"gold_gain":50.0,"event_name":"Golden Shrine","player_choice":"Pray","floor":5.0,"gold_loss":0.0,"damage_taken":0.0},{"damage_healed":0.0,"max_hp_gain":0.0,"max_hp_loss":0.0,"gold_gain":0.0,"event_name":"Mushrooms","player_choice":"Fought Mushrooms","floor":12.0,"gold_loss":0.0,"damage_taken":0.0},{"damage_healed":0.0,"max_hp_gain":0.0,"max_hp_loss":0.0,"gold_gain":0.0,"event_name":"The Library","player_choice":"Read","floor":21.0,"gold_loss":0.0,"damage_taken":0.0,"cards_obtained":["BootSequence"]},{"damage_healed":0.0,"max_hp_gain":0.0,"max_hp_loss":0.0,"gold_gain":0.0,"event_name":"Back to Basics","player_choice":"Simplicity","floor":22.0,"gold_loss":0.0,"damage_taken":0.0,"cards_upgraded":["Strike_B","Strike_B","Defend_B","Defend_B","Defend_B","Defend_B"]},{"damage_healed":0.0,"max_hp_gain":0.0,"max_hp_loss":0.0,"gold_gain":0.0,"cards_transformed":["Zap"],"event_name":"Transmorgrifier","player_choice":"Transformed","floor":28.0,"gold_loss":0.0,"damage_taken":0.0,"cards_obtained":["Self Repair"]},{"damage_healed":0.0,"max_hp_gain":0.0,"max_hp_loss":0.0,"gold_gain":0.0,"event_name":"MindBloom","player_choice":"Fight","floor":42.0,"gold_loss":0.0,"damage_taken":0.0}],"is_beta":false,"boss_relics":[{"not_picked":["Philosopher\u0027s Stone","Pandora\u0027s Box"],"picked":"Fusion Hammer"},{"not_picked":["SlaversCollar","Coffee Dripper"],"picked":"Calling Bell"}],"items_purged_floors":[20],"is_endless":false,"potions_floor_spawned":[1,6,8,14,18,25,27,31,33,35,36,38,42,44,48],"killed_by":"Time Eater","ascension_level":20}}