{"host":"vqs1j3qalc1cciyt","time":1611624710,"event":{"mods":["2.2 Compatiblity","AchievementEnabler","Aspiration","Bard","BaseMod","Beaked The Cultist","Better Altar","Better Match","Better Note","Better Sensory Stone","Better Skull","Better Third Choice","Clockwork Mod","Colored Map","Conspire","Downfall","Friendly Minions","GifTheSpireLib","Glutton Mod","Halation","Highlight Path","Hubris","Infinite Spire","Minty Spire (QoL Compilation)","RRrroohrrRGHHhhh!!","Replay The Spire","Spicy Shops","StSLib","Stuff the Spire","The Construct","The Cursed","The Disciple","The Hierophant"],"gold_per_floor":[115,130,130,130,5,5,40,54,54,54,79,109,119,135,170,185,185,284,284,303,303,303,213,224,258,258,258],"floor_reached":26,"language":"ENG","playtime":1126,"items_purged":["Regret"],"score":312,"play_id":"f6060f7c-1995-4174-865c-c0ac7d73f8dd","local_time":"20210125173150","is_ascension_mode":true,"campfire_choices":[{"data":"Zap","floor":6,"key":"SMITH"},{"floor":17,"key":"REST"}],"circlet_count":0,"master_deck":["Strike_B+1","Strike_B","Strike_B","Defend_B","Defend_B","Defend_B","Defend_B","Zap+1","Dualcast","rorgmod:Centralize","StuffTheSpire:LoadUp","Ball Lightning","Echo Form","Conserve Battery","Redo","rorgmod:Fuse Blower","Redo","Electrodynamics","Ball Lightning+1"],"relics":["Cracked Core","NeowsBlessing","StuffTheSpire:PointBlank","hubris:Towel","MealTicket","PreservedInsect","Replay:Wax Seal","Orichalcum","aspiration:BursterCore","Torii"],"acts_visited":["Exordium","TheCity"],"potions_floor_usage":[13,15,25,25,26],"damage_taken":[{"damage":0,"enemies":"Jaw Worm","floor":1,"turns":1},{"damage":0,"enemies":"conspire:RoseBush","floor":2,"turns":1},{"damage":0,"enemies":"Lagavulin","floor":7,"turns":1},{"damage":14,"enemies":"infinitespire:Voidling","floor":8,"turns":3},{"damage":28,"enemies":"3 Sentries","floor":12,"turns":6},{"damage":10,"enemies":"Looter","floor":13,"turns":3},{"damage":0,"enemies":"Large Slime","floor":14,"turns":3},{"damage":8,"enemies":"Lagavulin","floor":15,"turns":6},{"damage":4,"enemies":"Blue Slaver","floor":16,"turns":3},{"damage":11,"enemies":"Slime Boss","floor":18,"turns":8},{"damage":47,"enemies":"2 Thieves","floor":20,"turns":4},{"damage":18,"enemies":"3 Byrds","floor":24,"turns":3},{"damage":4,"enemies":"conspire:SneckoGhost","floor":25,"turns":3},{"damage":11,"enemies":"conspire:MimicChest","floor":26,"turns":3}],"seed_played":"1109441775025664825","potions_obtained":[{"floor":7,"key":"LifebloodPotion"},{"floor":12,"key":"PotionOfCapacity"},{"floor":13,"key":"Ancient Potion"},{"floor":15,"key":"bronze:BurnAndBuffPotion"},{"floor":16,"key":"DuplicationPotion"},{"floor":25,"key":"Block Potion"}],"is_trial":false,"path_per_floor":["M","M","?","?","$","R","E","M","PTL","PTL","T","E","M","M","E","M","R","B",null,"M","?","?","?","M","E","?"],"character_chosen":"DEFECT","items_purchased":["Ball Lightning"],"campfire_rested":1,"item_purchase_floors":[5],"current_hp_per_floor":[75,75,75,75,75,75,75,66,66,66,66,38,28,28,20,16,38,27,75,28,28,28,28,10,6,0,0],"gold":258,"neow_bonus":"THREE_ENEMY_KILL","is_daily":false,"chose_seed":false,"campfire_upgraded":1,"win_rate":0.0,"timestamp":1611624710,"path_taken":["M","M","?","?","$","R","E","M","PTL","PTL","T","E","M","M","E","M","R","BOSS","M","?","?","?","?","E","?"],"items_purchased_type":["Card"],"build_version":"2020-12-22","purchased_purges":1,"victory":false,"max_hp_per_floor":[75,75,75,75,75,75,75,75,75,75,75,75,75,75,75,75,75,75,75,75,75,75,75,75,75,75,75],"card_choices":[{"not_picked":["BasicCrystalCard","rorgmod:Malware"],"picked":"rorgmod:Centralize","floor":1},{"not_picked":["Barrage","Hologram"],"picked":"StuffTheSpire:LoadUp","floor":2},{"not_picked":["rorgmod:LRU Cache","Reboot"],"picked":"Echo Form","floor":7},{"not_picked":["Chill","rorgmod:SQL Injection"],"picked":"Conserve Battery","floor":8},{"not_picked":["rorgmod:Fragmentation","StuffTheSpire:GlassShard"],"picked":"Redo","floor":12},{"not_picked":["Time Bomb","StuffTheSpire:Plugnplay"],"picked":"rorgmod:Fuse Blower","floor":13},{"not_picked":["Cold Snap","ReplaySolidLightProjector","Hologram"],"picked":"SKIP","floor":14},{"not_picked":["rorgmod:LRU Cache","ReplaySort","rorgmod:Antivirus"],"picked":"SKIP","floor":15},{"not_picked":["StuffTheSpire:ShieldGenerator","Turbo"],"picked":"Redo","floor":16},{"not_picked":["Meteor Strike","Rainbow"],"picked":"Electrodynamics","floor":18},{"not_picked":["Recycle","Cold Snap+1"],"picked":"Ball Lightning+1","floor":20},{"not_picked":["Turbo","StuffTheSpire:Plugnplay","Multi-Cast"],"picked":"SKIP","floor":24},{"not_picked":["StuffTheSpire:GlassShard+1","StuffTheSpire:Coldhearted","Stack"],"picked":"SKIP","floor":25}],"player_experience":917165,"relics_obtained":[{"floor":7,"key":"MealTicket"},{"floor":11,"key":"PreservedInsect"},{"floor":12,"key":"Replay:Wax Seal"},{"floor":15,"key":"Orichalcum"},{"floor":25,"key":"Torii"}],"event_choices":[{"damage_healed":0,"gold_gain":0,"player_choice":"Box","damage_taken":0,"relics_obtained":["StuffTheSpire:PointBlank"],"max_hp_gain":0,"max_hp_loss":0,"event_name":"Big Fish","floor":3,"gold_loss":0,"cards_obtained":["Regret"]},{"damage_healed":0,"gold_gain":0,"player_choice":"Leave","damage_taken":0,"max_hp_gain":0,"max_hp_loss":0,"event_name":"conspire:Investor","floor":22,"gold_loss":0},{"cards_removed":["Strike_B"],"damage_healed":0,"gold_gain":0,"player_choice":"Upgrade and Remove","damage_taken":0,"max_hp_gain":0,"max_hp_loss":0,"event_name":"Designer","floor":23,"gold_loss":90,"cards_upgraded":["Strike_B"]}],"is_beta":false,"boss_relics":[{"not_picked":["hubris:BlackHole","Runic Dome"],"picked":"aspiration:BursterCore"}],"items_purged_floors":[5],"is_endless":false,"potions_floor_spawned":[7,12,13,15,16,20,25],"killed_by":"conspire:MimicChest","ascension_level":3}}