{"host":"q3s8ewiy6v9taln3","time":1611704861,"event":{"mods":["BaseMod","Minty Spire (QoL Compilation)"],"gold_per_floor":[117,33,33,108,125,125,144,144,144,144,144,162,162,87,87,87,87],"floor_reached":16,"language":"ENG","playtime":424,"items_purged":["Strike_R"],"score":110,"play_id":"00b1130f-d1a9-425c-9d5d-37fddc914191","local_time":"20210126184741","is_ascension_mode":true,"campfire_choices":[{"data":"Dramatic Entrance","floor":6,"key":"SMITH"},{"data":"Flex","floor":13,"key":"SMITH"},{"data":"Bash","floor":15,"key":"SMITH"}],"circlet_count":0,"master_deck":["Strike_R+1","Strike_R","Strike_R","Defend_R","Defend_R+1","Defend_R","Defend_R","Bash+1","Shrug It Off","Dramatic Entrance+1","Ghostly Armor","Limit Break+1","Flex+1"],"relics":["Burning Blood","Calipers"],"acts_visited":["Exordium"],"potions_floor_usage":[16],"damage_taken":[{"damage":18,"enemies":"Small Slimes","floor":1,"turns":4},{"damage":2,"enemies":"Jaw Worm","floor":5,"turns":4},{"damage":0,"enemies":"2 Louse","floor":7,"turns":1},{"damage":0,"enemies":"Large Slime","floor":12,"turns":8},{"damage":70,"enemies":"Hexaghost","floor":16,"turns":14}],"seed_played":"8812427513780748904","potions_obtained":[{"floor":7,"key":"Regen Potion"},{"floor":12,"key":"BlessingOfTheForge"}],"is_trial":false,"path_per_floor":["M","$","?","?","M","R","M","?","T","?","T","M","R","$","R","B"],"character_chosen":"IRONCLAD","items_purchased":["Dramatic Entrance"],"campfire_rested":0,"item_purchase_floors":[2],"current_hp_per_floor":[76,76,69,58,62,62,68,68,68,50,50,56,56,56,56,1,1],"gold":87,"neow_bonus":"TEN_PERCENT_HP_BONUS","is_daily":false,"chose_seed":false,"campfire_upgraded":3,"win_rate":0.0,"timestamp":1611704861,"path_taken":["M","$","?","?","M","R","M","?","T","?","?","?","R","?","R","BOSS"],"items_purchased_type":["Card"],"build_version":"2020-12-22","purchased_purges":1,"victory":false,"max_hp_per_floor":[88,88,88,88,88,88,88,88,88,88,88,88,88,88,88,88,88],"card_choices":[{"not_picked":["Anger","Perfected Strike"],"picked":"Shrug It Off","floor":1},{"not_picked":["Twin Strike","Clothesline"],"picked":"Ghostly Armor","floor":5},{"not_picked":["Shrug It Off","Sword Boomerang"],"picked":"Limit Break","floor":7},{"not_picked":["Burning Pact","Feel No Pain"],"picked":"Flex","floor":12}],"player_experience":138489,"relics_obtained":[{"floor":9,"key":"Calipers"}],"event_choices":[{"cards_removed":["Strike_R"],"damage_healed":0,"gold_gain":0,"player_choice":"Card Removal","damage_taken":7,"max_hp_gain":0,"max_hp_loss":0,"event_name":"Golden Wing","floor":3,"gold_loss":0},{"damage_healed":0,"gold_gain":75,"player_choice":"Gather Gold","damage_taken":11,"max_hp_gain":0,"max_hp_loss":0,"event_name":"World of Goop","floor":4,"gold_loss":0},{"damage_healed":0,"gold_gain":0,"player_choice":"Grow","damage_taken":0,"max_hp_gain":0,"max_hp_loss":0,"event_name":"Living Wall","floor":8,"gold_loss":0,"cards_upgraded":["Limit Break"]},{"damage_healed":0,"gold_gain":0,"player_choice":"Entered Light","damage_taken":18,"max_hp_gain":0,"max_hp_loss":0,"event_name":"Shining Light","floor":10,"gold_loss":0,"cards_upgraded":["Strike_R","Defend_R"]}],"is_beta":false,"boss_relics":[],"items_purged_floors":[14],"is_endless":false,"potions_floor_spawned":[7,12],"killed_by":"Hexaghost","ascension_level":5}}