{"host":"p7j7o00jacnw7qzt","time":1611649750,"event":{"mods":["BaseMod","Colored Map","Colored Powertips","DeckTracker","Highlight Path","Minty Spire (QoL Compilation)","Relic Stats"],"gold_per_floor":[119,138,138,63,63,98,98,130,153,153,172,206,218,260,272,361,373,403,330,342,354,48,73,73,73,73],"floor_reached":25,"language":"ZHS","playtime":816,"items_purged":["Strike_G"],"score":516,"play_id":"4c239d99-3822-4f20-a51f-711930ff6a01","local_time":"20210126032910","is_ascension_mode":true,"campfire_choices":[{"data":"Bouncing Flask","floor":7.0,"key":"SMITH"},{"data":"Acrobatics","floor":10.0,"key":"SMITH"},{"data":"Well Laid Plans","floor":13.0,"key":"SMITH"},{"data":"Neutralize","floor":15.0,"key":"SMITH"},{"floor":24,"key":"REST"}],"circlet_count":0,"master_deck":["AscendersBane","Strike_G","Strike_G","Strike_G","Defend_G","Defend_G","Defend_G","Defend_G","Defend_G","Survivor","Neutralize+1","Bouncing Flask+1","Malaise","Acrobatics+1","Well Laid Plans+1","Burst"],"relics":["Ring of the Snake","NeowsBlessing","Nunchaku","Omamori","Orichalcum","MawBank","Odd Mushroom","Philosopher\u0027s Stone","Molten Egg 2","InkBottle","Snake Skull","Anchor","Eternal Feather"],"acts_visited":["Exordium","TheCity"],"potions_floor_usage":[],"damage_taken":[{"damage":0.0,"enemies":"Cultist","floor":1.0,"turns":1.0},{"damage":0.0,"enemies":"Jaw Worm","floor":2.0,"turns":1.0},{"damage":0.0,"enemies":"3 Sentries","floor":6.0,"turns":1.0},{"damage":8.0,"enemies":"Gremlin Nob","floor":8.0,"turns":4.0},{"damage":0.0,"enemies":"2 Louse","floor":11.0,"turns":2.0},{"damage":16.0,"enemies":"Lagavulin","floor":12.0,"turns":5.0},{"damage":7.0,"enemies":"The Mushroom Lair","floor":14.0,"turns":5.0},{"damage":2.0,"enemies":"Hexaghost","floor":16.0,"turns":9.0},{"damage":30.0,"enemies":"3 Byrds","floor":18.0,"turns":2.0},{"damage":16,"enemies":"Book of Stabbing","floor":23,"turns":7},{"damage":47,"enemies":"Gremlin Leader","floor":25,"turns":6}],"seed_played":"-5541681489589022613","potions_obtained":[{"floor":6.0,"key":"BlessingOfTheForge"},{"floor":11.0,"key":"LiquidBronze"}],"is_trial":false,"path_per_floor":["M","M","T","$","?","E","R","E","T","R","M","E","R","?","R","B",null,"M","?","T","?","$","E","R","E"],"character_chosen":"THE_SILENT","items_purchased":["Snake Skull","Anchor"],"campfire_rested":1,"item_purchase_floors":[22,22],"current_hp_per_floor":[59,59,59,59,64,64,64,56,56,56,56,40,40,33,33,31,61,31,31,31,31,31,15,45,0,0],"gold":73,"neow_bonus":"THREE_ENEMY_KILL","is_daily":false,"chose_seed":false,"campfire_upgraded":4,"win_rate":0.0,"timestamp":1611649750,"path_taken":["M","M","?","$","?","E","R","E","T","R","M","E","R","?","R","BOSS","M","?","?","?","$","E","R","E"],"items_purchased_type":["Relic","Relic"],"build_version":"2020-12-22","purchased_purges":1,"victory":false,"max_hp_per_floor":[66,66,66,66,71,71,71,71,71,71,71,71,71,71,71,71,71,71,71,71,71,71,71,71,71,71],"relic_stats":{"Nunchaku":[4],"counters":[11,43],"Eternal Feather":9,"Snake Skull":[36],"Orichalcum":[132],"MawBank":120,"obtain_stats":[{"NeowsBlessing":0,"Eternal Feather":23,"Snake Skull":22,"Omamori":8,"Orichalcum":9,"Odd Mushroom":14,"MawBank":12,"Nunchaku":6,"Anchor":22,"Philosopher\u0027s Stone":17,"Molten Egg 2":19,"InkBottle":20,"Ring of the Snake":0},{"NeowsBlessing":0,"Eternal Feather":10,"Snake Skull":9,"Omamori":4,"Orichalcum":4,"Odd Mushroom":7,"MawBank":6,"Nunchaku":3,"Anchor":9,"Philosopher\u0027s Stone":8,"Molten Egg 2":9,"InkBottle":9,"Ring of the Snake":0},{"NeowsBlessing":0,"Eternal Feather":37,"Snake Skull":30,"Omamori":7,"Orichalcum":7,"Odd Mushroom":19,"MawBank":14,"Nunchaku":3,"Anchor":30,"Philosopher\u0027s Stone":28,"Molten Egg 2":30,"InkBottle":30,"Ring of the Snake":0}],"InkBottle":[4],"Ring of the Snake":[22]},"card_choices":[{"not_picked":["Dodge and Roll","Noxious Fumes"],"picked":"Bouncing Flask","floor":1.0},{"not_picked":["Bane","All Out Attack","Backflip"],"picked":"SKIP","floor":2.0},{"not_picked":["Poisoned Stab","Dodge and Roll"],"picked":"Malaise","floor":6.0},{"not_picked":["Distraction","Concentrate"],"picked":"Acrobatics","floor":8.0},{"not_picked":["Deflect","Cloak And Dagger","Dagger Spray"],"picked":"SKIP","floor":11.0},{"not_picked":["Blur","Underhanded Strike"],"picked":"Well Laid Plans","floor":12.0},{"not_picked":["Storm of Steel","Night Terror"],"picked":"Burst","floor":16.0},{"not_picked":["Slice","Dagger Spray","Backflip"],"picked":"SKIP","floor":18.0},{"not_picked":["All Out Attack+1","Slice+1","Dagger Spray+1"],"picked":"SKIP","floor":23}],"player_experience":1055007,"relics_obtained":[{"floor":6.0,"key":"Nunchaku"},{"floor":8.0,"key":"Omamori"},{"floor":9.0,"key":"Orichalcum"},{"floor":12.0,"key":"MawBank"},{"floor":14.0,"key":"Odd Mushroom"},{"floor":20.0,"key":"InkBottle"},{"floor":23,"key":"Eternal Feather"}],"event_choices":[{"damage_healed":0.0,"max_hp_gain":5.0,"max_hp_loss":0.0,"gold_gain":0.0,"event_name":"Big Fish","player_choice":"Donut","floor":5.0,"gold_loss":0.0,"damage_taken":0.0},{"damage_healed":0.0,"max_hp_gain":0.0,"max_hp_loss":0.0,"gold_gain":0.0,"event_name":"Mushrooms","player_choice":"Fought Mushrooms","floor":14.0,"gold_loss":0.0,"damage_taken":0.0},{"damage_healed":0.0,"max_hp_gain":0.0,"max_hp_loss":0.0,"gold_gain":0.0,"event_name":"Addict","player_choice":"Obtained Relic","floor":19.0,"gold_loss":85.0,"damage_taken":0.0,"relics_obtained":["Molten Egg 2"]},{"cards_removed":["Strike_G"],"damage_healed":0.0,"max_hp_gain":0.0,"max_hp_loss":0.0,"gold_gain":0.0,"event_name":"Back to Basics","player_choice":"Elegance","floor":21.0,"gold_loss":0.0,"damage_taken":0.0}],"is_beta":false,"boss_relics":[{"not_picked":["Empty Cage","HoveringKite"],"picked":"Philosopher\u0027s Stone"}],"items_purged_floors":[4],"is_endless":false,"potions_floor_spawned":[6,11],"killed_by":"Gremlin Leader","ascension_level":20}}