{"host":"qxeepl7ydvsgmfdb","time":1611674694,"event":{"mods":["AchievementEnabler","BaseMod","Colored Powertips","Minty Spire (QoL Compilation)","Quick Restart","slay the spire mod where everything is the same but ironclad has a cowboy hat"],"gold_per_floor":[117,117,117,79,154,154,188,39,39,39,54,54,81,95,95,95,95],"floor_reached":16,"language":"ENG","playtime":686,"items_purged":[],"score":203,"play_id":"3b43edc3-2b54-49c4-ad9d-3cd8ab70ed6a","local_time":"20210126102454","is_ascension_mode":true,"campfire_choices":[{"data":"Backstab","floor":6,"key":"SMITH"},{"floor":12,"key":"REST"},{"data":"Cloak And Dagger","floor":15,"key":"SMITH"}],"circlet_count":0,"master_deck":["AscendersBane","Strike_G","Strike_G","Strike_G+1","Strike_G","Strike_G+1","Defend_G","Defend_G","Defend_G","Defend_G","Defend_G","Survivor","Neutralize+1","Backstab+1","Cloak And Dagger+1"],"relics":["Ring of the Snake","NeowsBlessing","Calipers","Blood Vial","Bag of Preparation","Turnip"],"acts_visited":["Exordium"],"potions_floor_usage":[13],"damage_taken":[{"damage":0,"enemies":"Small Slimes","floor":1,"turns":1},{"damage":0,"enemies":"Lagavulin","floor":7,"turns":1},{"damage":0,"enemies":"2 Louse","floor":11,"turns":1},{"damage":7,"enemies":"Gremlin Nob","floor":13,"turns":4},{"damage":0,"enemies":"Jaw Worm","floor":14,"turns":3},{"damage":60,"enemies":"Hexaghost","floor":16,"turns":14}],"seed_played":"-7842189536524874916","potions_obtained":[{"floor":7,"key":"SpeedPotion"},{"floor":11,"key":"AttackPotion"},{"floor":13,"key":"Weak Potion"}],"is_trial":false,"path_per_floor":["M","?","?","$","?","R","E","$","T","$","M","R","E","M","R","B"],"character_chosen":"THE_SILENT","items_purchased":["Backstab","Blood Vial"],"campfire_rested":1,"item_purchase_floors":[4,8],"current_hp_per_floor":[63,49,49,49,38,38,38,38,38,38,40,61,56,58,58,0,0],"gold":95,"neow_bonus":"THREE_ENEMY_KILL","is_daily":false,"chose_seed":false,"campfire_upgraded":2,"win_rate":0.0,"timestamp":1611674694,"path_taken":["M","?","?","$","?","R","E","$","T","?","M","R","E","M","R","BOSS"],"items_purchased_type":["Card","Relic"],"build_version":"2020-12-22","purchased_purges":0,"victory":false,"max_hp_per_floor":[70,70,70,70,70,70,70,70,70,70,70,70,70,70,70,70,70],"card_choices":[{"not_picked":["Dodge and Roll","Terror","Backflip"],"picked":"SKIP","floor":1},{"not_picked":["Predator","Endless Agony","Reflex"],"picked":"SKIP","floor":7},{"not_picked":["Underhanded Strike","Flying Knee","Reflex"],"picked":"SKIP","floor":11},{"not_picked":["Sucker Punch","Backflip"],"picked":"Cloak And Dagger","floor":13},{"not_picked":["Prepared","Glass Knife","Tactician"],"picked":"SKIP","floor":14}],"player_experience":220696,"relics_obtained":[{"floor":7,"key":"Calipers"},{"floor":9,"key":"Bag of Preparation"},{"floor":13,"key":"Turnip"}],"event_choices":[{"damage_healed":0,"gold_gain":0,"player_choice":"Entered Light","damage_taken":14,"max_hp_gain":0,"max_hp_loss":0,"event_name":"Shining Light","floor":2,"gold_loss":0,"cards_upgraded":["Strike_G","Strike_G"]},{"damage_healed":0,"gold_gain":0,"player_choice":"Grow","damage_taken":0,"max_hp_gain":0,"max_hp_loss":0,"event_name":"Living Wall","floor":3,"gold_loss":0,"cards_upgraded":["Neutralize"]},{"damage_healed":0,"gold_gain":75,"player_choice":"Gather Gold","damage_taken":11,"max_hp_gain":0,"max_hp_loss":0,"event_name":"World of Goop","floor":5,"gold_loss":0}],"is_beta":false,"boss_relics":[],"items_purged_floors":[],"is_endless":false,"potions_floor_spawned":[7,11,13],"killed_by":"Hexaghost","ascension_level":11}}