{"host":"o6j8h35axmoodbwy","time":1611670140,"event":{"mods":["2.2 Compatiblity","Act Like it!","BaseMod","Colored Map","Colored Powertips","Gensokyo","Marisa（霧雨　魔理沙）","Minty Spire (QoL Compilation)","Prisma Mod","Quick Restart","Remilia（蕾米莉?）","Shop Mod","StSLib","SuperFastMode","Td1madao Mod"],"gold_per_floor":[113,128,128,128,148,148,148,196,196,231,50,108,147,189,201,329,341,380,39,79,117,129,141,170,202,237,249,261,273,285,297,309,433,445,491,503,515,467,513,525,557,569,627,37,75,87,99,123,145,157],"floor_reached":51,"language":"JPN","playtime":5605,"items_purged":[],"score":802,"play_id":"c149617d-7781-4048-b76d-91fedd8dd399","local_time":"20210126230900","is_ascension_mode":true,"campfire_choices":[{"floor":7,"key":"REST"},{"floor":15,"key":"REST"},{"data":"GravityBeat","floor":23,"key":"SMITH"},{"data":"SprinkleStarSeal","floor":28,"key":"SMITH"},{"data":"Gensokyo:MissMary","floor":30,"key":"SMITH"},{"data":"MachineGunSpark","floor":32,"key":"SMITH"},{"data":"Gensokyo:TurboGranny","floor":42,"key":"SMITH"},{"floor":46,"key":"REST"}],"circlet_count":0,"master_deck":["Strike_MRS","Strike_MRS","Strike_MRS","Strike_MRS","Defend_MRS","Defend_MRS","Defend_MRS","Defend_MRS","MasterSpark+1","UpSweep","MilkyWay+1","Gensokyo:CrescentMoonSlash","WitchOfGreed","GalacticHalo","GravityBeat+1","Gensokyo:TurboGranny+1","MillisecondPulsars","OrrerysSun","Gensokyo:MissMary+1","Gensokyo:LockedMedkit","PowerUp","SprinkleStarSeal+1","Singularity","Orbital+1","MachineGunSpark+1","TreasureHunter","BlazingStar","LuminesStrike+1","Gensokyo:RainbowDanmaku+1","Gensokyo:CustomPotion","Gensokyo:CustomPotion"],"relics":["MiniHakkero","Gensokyo:OccultBall","Gensokyo:CelestialsFlawlessClothing","Girya","Mango","MawBank","Singing Bowl","Velvet Choker","Juzu Bracelet","InkBottle","Snecko Eye","Eternal Feather","Gensokyo:TheCrow","Lizard Tail","War Paint","SimpleLauncher","Medical Kit","DollysMirror","ClockworkSouvenir","Dream Catcher","AntiCross"],"acts_visited":["Gensokyo:Gensokyo","Gensokyo:Gensokyoer","Gensokyo:Gensokyoest"],"potions_floor_usage":[10,10,16,16,16,24,33,33,33,45],"damage_taken":[{"damage":4,"enemies":"Gensokyo:Gryphon","floor":1,"turns":4},{"damage":0,"enemies":"Gensokyo:Python","floor":2,"turns":2},{"damage":4,"enemies":"Gensokyo:2_Kodama","floor":5,"turns":2},{"damage":20,"enemies":"Gensokyo:Mamizou","floor":8,"turns":10},{"damage":14,"enemies":"Gensokyo:Aya","floor":10,"turns":4},{"damage":0,"enemies":"Gensokyo:Mamizou","floor":12,"turns":6},{"damage":14,"enemies":"Gensokyo:CorruptedTreant","floor":13,"turns":3},{"damage":5,"enemies":"Gensokyo:VengefulSpirit","floor":14,"turns":6},{"damage":4,"enemies":"Gensokyo:Reimu","floor":16,"turns":9},{"damage":22,"enemies":"Gensokyo:CosmicMonolith","floor":18,"turns":4},{"damage":0,"enemies":"Gensokyo:Chomper","floor":20,"turns":6},{"damage":11,"enemies":"Gensokyo:Wraith","floor":21,"turns":6},{"damage":20,"enemies":"Gensokyo:Chomper_and_Gloop","floor":24,"turns":3},{"damage":12,"enemies":"Gensokyo:Monolith_and_Dog","floor":25,"turns":6},{"damage":109,"enemies":"Gensokyo:Kaguya","floor":33,"turns":14},{"damage":13,"enemies":"Gensokyo:AncientGuardian","floor":35,"turns":5},{"damage":7,"enemies":"Gensokyo:AncientGuardian","floor":36,"turns":7},{"damage":4,"enemies":"Gensokyo:3_Bats","floor":39,"turns":3},{"damage":44,"enemies":"Gensokyo:Rafflesia","floor":41,"turns":4},{"damage":52,"enemies":"Gensokyo:Marisa","floor":45,"turns":5},{"damage":0,"enemies":"Gensokyo:SeedOfUnknown","floor":48,"turns":2},{"damage":83,"enemies":"Gensokyo:SeedOfUnknown","floor":49,"turns":6},{"damage":2,"enemies":"Gensokyo:Yuyuko","floor":50,"turns":5}],"seed_played":"-3423670397689404335","potions_obtained":[{"floor":1,"key":"LiquidBronze"},{"floor":8,"key":"ShroomBrew"},{"floor":8,"key":"StarNLove"},{"floor":14,"key":"BottledSpark"},{"floor":14,"key":"EssenceOfSteel"},{"floor":16,"key":"DuplicationPotion"},{"floor":18,"key":"DuplicationPotion"},{"floor":20,"key":"SteroidPotion"},{"floor":21,"key":"Regen Potion"},{"floor":25,"key":"SkillPotion"},{"floor":33,"key":"Dexterity Potion"},{"floor":35,"key":"LiquidBronze"},{"floor":35,"key":"BottledSpark"},{"floor":41,"key":"Regen Potion"}],"is_trial":false,"path_per_floor":["M","M","?","?","M","?","R","E","T","E","COS","E","M","M","R","B",null,"M","COS","M","M","?","R","M","M","T","T","R","?","R","?","R","B",null,"M","?","T","?","M","?","M","R","T","COS","E","R","?","M","R","B",null],"character_chosen":"MARISA","items_purchased":[],"campfire_rested":3,"item_purchase_floors":[],"current_hp_per_floor":[71,71,71,60,56,38,60,40,54,40,40,42,28,29,56,56,93,71,71,75,68,68,68,48,40,40,40,40,40,40,40,40,42,93,80,80,80,80,78,78,36,54,54,54,13,62,62,64,53,53],"gold":169,"neow_bonus":"UPGRADE_CARD","is_daily":false,"chose_seed":false,"campfire_upgraded":5,"win_rate":0.0,"timestamp":1611670140,"path_taken":["M","M","?","?","M","?","R","E","T","E","COS","E","?","M","R","BOSS","M","COS","M","M","?","R","M","?","T","?","R","?","R","?","R","BOSS","M","?","?","?","M","?","M","R","T","COS","E","R","?","M","R","BOSS"],"items_purchased_type":[],"build_version":"2020-12-22","purchased_purges":0,"victory":true,"max_hp_per_floor":[75,75,75,75,75,75,75,75,89,89,89,91,91,93,93,93,93,93,93,93,93,93,93,93,93,93,93,93,93,93,93,93,93,93,93,93,93,93,95,95,97,97,97,97,99,101,101,103,105,105],"card_choices":[{"not_picked":["EnergyRecoil","IllusionStar"],"picked":"MilkyWay","floor":1},{"not_picked":["MysteriousBeam","Occultation"],"picked":"ChargeUpSpray","floor":2},{"not_picked":["UnstableBomb","DC"],"picked":"WitchOfGreed","floor":5},{"not_picked":["SatelliteIllusion","EnergyFlow"],"picked":"GalacticHalo","floor":8},{"not_picked":["6A","MilkyWay"],"picked":"GravityBeat","floor":10},{"not_picked":["Acceleration","ShootingEcho","WitchLeyline"],"picked":"Singing Bowl","floor":12},{"not_picked":["RefractionSpark","DeepEcoloBomb"],"picked":"EarthLightRay","floor":13},{"not_picked":["GravityBeat","ShootingEcho","UnstableBomb"],"picked":"Singing Bowl","floor":14},{"not_picked":["EscapeVelocity","BigCrunch"],"picked":"MillisecondPulsars","floor":16},{"not_picked":["WitchLeyline","EarthLightRay"],"picked":"OrrerysSun","floor":18},{"not_picked":["MachineGunSpark+1","ChargeUpSpray+1"],"picked":"PowerUp","floor":20},{"not_picked":["WitchOfGreed","DoubleSpark"],"picked":"SprinkleStarSeal","floor":21},{"not_picked":["WitchOfGreed","RefractionSpark"],"picked":"Orbital","floor":24},{"not_picked":["Acceleration+1","PowerUp+1"],"picked":"MachineGunSpark","floor":25},{"not_picked":["TreasureHunter","AbsoluteMagnitude"],"picked":"BlazingStar","floor":33},{"not_picked":["MilkyWay+1","GravityBeat"],"picked":"LuminesStrike+1","floor":35},{"not_picked":["Gensokyo:DreamlikeParadise+1","Gensokyo:HouraiInAPot+1"],"picked":"Gensokyo:RainbowDanmaku+1","floor":36},{"not_picked":["DeepEcoloBomb","MachineGunSpark+1","LuminesStrike+1"],"picked":"Singing Bowl","floor":39},{"not_picked":["MilkyWay","GalacticHalo","ChargingUp+1"],"picked":"Singing Bowl","floor":41},{"not_picked":["WitchOfGreed+1","MysteriousBeam","BlazingStar"],"picked":"Singing Bowl","floor":45},{"not_picked":["SporeBomb","LuminesStrike","UnstableBomb"],"picked":"Singing Bowl","floor":46},{"not_picked":["SporeBomb+1","Occultation","SprinkleStarSeal"],"picked":"Singing Bowl","floor":48},{"not_picked":["TreasureHunter","MysteriousBeam+1","SporeBomb+1"],"picked":"Singing Bowl","floor":49}],"player_experience":582565,"relics_obtained":[{"floor":8,"key":"Girya"},{"floor":9,"key":"Mango"},{"floor":10,"key":"MawBank"},{"floor":12,"key":"Gensokyo:OccultBall"},{"floor":12,"key":"Singing Bowl"},{"floor":16,"key":"Gensokyo:OccultBall"},{"floor":18,"key":"Gensokyo:OccultBall"},{"floor":26,"key":"Juzu Bracelet"},{"floor":27,"key":"InkBottle"},{"floor":33,"key":"Gensokyo:OccultBall"},{"floor":35,"key":"Gensokyo:OccultBall"},{"floor":37,"key":"Eternal Feather"},{"floor":43,"key":"War Paint"},{"floor":45,"key":"Dream Catcher"},{"floor":48,"key":"Gensokyo:OccultBall"},{"floor":49,"key":"Gensokyo:OccultBall"},{"floor":49,"key":"AntiCross"}],"event_choices":[],"is_beta":false,"boss_relics":[{"not_picked":["SacredBark","Ectoplasm"],"picked":"Velvet Choker"},{"not_picked":["RampagingMagicTools","Busted Crown"],"picked":"Snecko Eye"}],"items_purged_floors":[],"is_endless":false,"potions_floor_spawned":[1,8,14,16,21,25,35,41],"ascension_level":1}}