{"host":"39cwv5sgq9xx7422","time":1611692563,"event":{"mods":["BaseMod","Colored Map","Downfall","Minty Spire (QoL Compilation)","Permanent Neow","StSLib"],"gold_per_floor":[99,99,99,99,116,116,116,116,132,149,193,210,210,57,82,82,82,82],"floor_reached":16,"language":"ENG","playtime":903,"items_purged":[],"score":100,"play_id":"d24a5b4b-d6d5-4c25-9495-d00036075ce5","local_time":"20210126212243","is_ascension_mode":false,"campfire_choices":[{"data":"bronze:Goto","floor":1,"key":"SMITH"},{"data":"bronze:Verify","floor":6,"key":"SMITH"},{"data":"bronze:Constructor","floor":8,"key":"SMITH"}],"circlet_count":0,"master_deck":["bronze:Strike","bronze:Strike","bronze:Strike","bronze:Defend","bronze:Defend","bronze:Defend","bronze:Defend","bronze:Replicate","bronze:Goto+1","bronze:Constructor+1","bronze:Verify+1","bronze:Spike","bronze:OilSpill","bronze:ItsAFeature","bronze:Shield","bronze:Hardcode","bronze:InfiniteBeams","Trip","bronze:Iterate"],"relics":["bronze:MakeshiftBattery","CeramicFish"],"acts_visited":["Exordium"],"potions_floor_usage":[],"damage_taken":[{"damage":21,"floor":3,"turns":4},{"damage":2,"enemies":"Small Slimes","floor":5,"turns":4},{"damage":0,"enemies":"2 Louse","floor":9,"turns":2},{"damage":6,"enemies":"Jaw Worm","floor":10,"turns":3},{"damage":35,"enemies":"Gremlin Nob","floor":11,"turns":5},{"damage":3,"enemies":"2 Fungi Beasts","floor":12,"turns":4},{"damage":0,"enemies":"downfall:FleeingMerchant","floor":14,"turns":4},{"damage":5,"enemies":"Blue Slaver","floor":15,"turns":3},{"damage":8,"enemies":"IC_STATUS_ARCHETYPE","floor":16,"turns":1}],"seed_played":"-8027449437821882131","potions_obtained":[{"floor":5,"key":"Block Potion"},{"floor":9,"key":"bronze:CleanCodePotion"}],"is_trial":false,"path_per_floor":["R","?","?","?","M","R","T","R","M","M","E","M","?","$","M","B"],"character_chosen":"THE_AUTOMATON","items_purchased":["bronze:InfiniteBeams","Trip"],"campfire_rested":0,"item_purchase_floors":[14,14],"current_hp_per_floor":[70,70,49,54,52,52,52,52,52,46,11,8,8,8,3,0,0,0],"gold":82,"neow_bonus":"BOSS_RELIC","is_daily":false,"chose_seed":false,"campfire_upgraded":3,"win_rate":0.0,"timestamp":1611692563,"path_taken":["R","?","?","?","M","R","T","R","?","M","E","M","?","$","M","BOSS"],"items_purchased_type":["Card","Card"],"build_version":"2020-12-22","purchased_purges":0,"victory":false,"max_hp_per_floor":[70,70,70,75,75,75,75,75,75,75,75,75,75,75,75,75,75,75],"card_choices":[{"not_picked":["bronze:BugBarrage","bronze:Overload"],"picked":"bronze:Verify","floor":3},{"not_picked":[],"picked":"bronze:Spike","floor":3},{"not_picked":["bronze:Branch","bronze:Invalidate","bronze:Deprecate"],"picked":"SKIP","floor":5},{"not_picked":["bronze:Separator","bronze:Overload"],"picked":"bronze:OilSpill","floor":9},{"not_picked":["bronze:Return","bronze:Deprecate"],"picked":"bronze:ItsAFeature","floor":10},{"not_picked":["bronze:Safeguard","bronze:ForLoop"],"picked":"bronze:Shield","floor":11},{"not_picked":["bronze:BuggyMess","bronze:FollowUp","bronze:Overheat"],"picked":"SKIP","floor":12},{"not_picked":["bronze:ChildClass","bronze:CutThrough"],"picked":"bronze:Hardcode","floor":14},{"not_picked":["bronze:DelayedGuard","bronze:WhirlingStrike"],"picked":"bronze:Iterate","floor":15}],"player_experience":631581,"relics_obtained":[{"floor":11,"key":"CeramicFish"}],"event_choices":[{"damage_healed":0,"gold_gain":0,"player_choice":"Donut","damage_taken":0,"max_hp_gain":5,"max_hp_loss":0,"event_name":"Big Fish","floor":4,"gold_loss":0}],"is_beta":false,"boss_relics":[],"items_purged_floors":[],"is_endless":false,"potions_floor_spawned":[5,9],"killed_by":"IC_STATUS_ARCHETYPE","ascension_level":0}}