{"host":"v0n6ky7dmveherv3","time":1611637995,"event":{"mods":["BaseMod","Better Third Choice","Downfall","Minty Spire (QoL Compilation)","StSLib"],"gold_per_floor":[99,110,121,140,56,76,76,103,116,136,136,163,173,173,188,284,284,284,296,496,227,0,0,0,26,39,66,66,81,81,109,119,224,224,224,235,254,88,88,122,122,37,72,72,92,122,222,256,274,274],"floor_reached":51,"language":"ENG","playtime":4030,"items_purged":["champ:Defend","champ:Defend"],"score":1013,"play_id":"e835902d-6156-43cc-adfe-a891c78a92b2","local_time":"20210125221315","is_ascension_mode":true,"campfire_choices":[{"data":"champ:Taunt","floor":1,"key":"SMITH"},{"data":"champ:Improvising","floor":18,"key":"SMITH"},{"data":"champ:EndlessRage","floor":23,"key":"SMITH"},{"data":"champ:BerserkersShout","floor":30,"key":"SMITH"},{"data":"champ:DancingMaster","floor":35,"key":"SMITH"},{"data":"champ:GladiatorForm","floor":44,"key":"SMITH"}],"circlet_count":0,"master_deck":["champ:Strike","champ:Strike","champ:Defend","champ:Defend","champ:Execute","champ:Taunt+1","champ:EndlessRage+1","champ:DeathBlow+1","champ:BerserkersShout+1","champ:ArenaPreparation","champ:Encircle","champ:CrookedStrike","Genetic Algorithm+1","champ:TripleStrike","champ:Backstep+1","champ:Lariat+1","champ:Improvising+1","champ:AdrenalArmor+1","PanicButton+1","champ:BerserkersShout+1","champ:SetATrap+1","champ:FancyFootwork+1","champ:StanceDance+1","champ:SwordSigil+1","champ:IgnorePain+1","champ:RapidStrikes+1","champ:FanOfKnives+1","champ:StanceDance+1","champ:CrookedStrike+1","champ:DancingMaster+1","champ:AdrenalArmor+1","champ:GladiatorForm+1","expansioncontent:Chronoboost","champ:Encircle+1","champ:HoldFirm+1","champ:BerserkerStyle","champ:Backstep+1","champ:ShieldSigil+1","champ:BringItOn+1","champ:FocusedDefense+1","champ:ShieldThrow","champ:Backstep+1","champ:BerserkerStyle"],"relics":["champ:ChampionCrown","Toxic Egg 2","Shuriken","Centennial Puzzle","The Courier","SlaversCollar","Blood Vial","Pantograph","Red Mask","Meat on the Bone","Bottled Lightning","Philosopher\u0027s Stone","InkBottle","Lantern","champ:BerserkersGuideToSlaughter","Letter Opener","White Beast Statue","Gremlin Horn"],"acts_visited":["Exordium","TheCity","TheBeyond"],"potions_floor_usage":[12,16,16,21,29,49,50],"damage_taken":[{"damage":22,"enemies":"Cultist","floor":2,"turns":4},{"damage":3,"enemies":"2 Louse","floor":3,"turns":3},{"damage":10,"enemies":"Small Slimes","floor":4,"turns":2},{"damage":35,"enemies":"downfall:FleeingMerchant","floor":5,"turns":4},{"damage":15,"enemies":"2 Fungi Beasts","floor":6,"turns":3},{"damage":73,"enemies":"Lagavulin","floor":8,"turns":7},{"damage":45,"enemies":"Gremlin Gang","floor":9,"turns":4},{"damage":44,"enemies":"Exordium Thugs","floor":10,"turns":6},{"damage":25,"enemies":"Gremlin Nob","floor":12,"turns":4},{"damage":24,"enemies":"2 Fungi Beasts","floor":13,"turns":4},{"damage":13,"enemies":"Lots of Slimes","floor":15,"turns":3},{"damage":64,"enemies":"WA_ARCHETYPE_RETAIN","floor":16,"turns":6},{"damage":15,"enemies":"Chosen","floor":19,"turns":3},{"damage":25,"enemies":"downfall:FleeingMerchant","floor":21,"turns":4},{"damage":29,"enemies":"downfall:FleeingMerchant","floor":22,"turns":4},{"damage":25,"enemies":"Masked Bandits","floor":25,"turns":2},{"damage":45,"enemies":"Spheric Guardian","floor":26,"turns":3},{"damage":35,"enemies":"Book of Stabbing","floor":27,"turns":3},{"damage":85,"enemies":"Chosen and Byrds","floor":29,"turns":4},{"damage":128,"enemies":"Gremlin Leader","floor":31,"turns":6},{"damage":65,"enemies":"Cultist and Chosen","floor":32,"turns":5},{"damage":55,"enemies":"SI_MIRROR_ARCHETYPE","floor":33,"turns":7},{"damage":64,"enemies":"3 Shapes","floor":36,"turns":3},{"damage":70,"enemies":"Orb Walker","floor":37,"turns":4},{"damage":102,"enemies":"downfall:FleeingMerchant","floor":38,"turns":4},{"damage":113,"enemies":"Nemesis","floor":40,"turns":7},{"damage":10,"enemies":"downfall:FleeingMerchant","floor":42,"turns":3},{"damage":53,"enemies":"Reptomancer","floor":43,"turns":4},{"damage":11,"enemies":"Sphere and 2 Shapes","floor":45,"turns":3},{"damage":83,"enemies":"Nemesis","floor":46,"turns":6},{"damage":68,"enemies":"Giant Head","floor":48,"turns":5},{"damage":56,"enemies":"4 Shapes","floor":49,"turns":5},{"damage":117,"enemies":"DF_ARCHETYPE_ORBS","floor":50,"turns":5}],"seed_played":"-8388539852166879527","potions_obtained":[{"floor":4,"key":"Block Potion"},{"floor":8,"key":"FairyPotion"},{"floor":10,"key":"Dexterity Potion"},{"floor":12,"key":"LiquidBronze"},{"floor":13,"key":"LiquidMemories"},{"floor":16,"key":"PowerPotion"},{"floor":25,"key":"EssenceOfSteel"},{"floor":26,"key":"AttackPotion"},{"floor":31,"key":"FairyPotion"},{"floor":49,"key":"FearPotion"}],"is_trial":false,"path_per_floor":["R","M","M","M","$","M","T","E","M","M","?","E","M","?","M","B",null,"R","M","?","$","$","R","T","?","M","E","?","M","R","E","M","B",null,"R","M","M","$","?","E","T","$","E","R","M","E","?","E","M","B",null],"character_chosen":"THE_CHAMP","items_purchased":["champ:ArenaPreparation","Blood Vial","PanicButton+1","champ:SetATrap+1","champ:FancyFootwork+1","champ:StanceDance+1","champ:SwordSigil+1","expansioncontent:Chronoboost","champ:BerserkersGuideToSlaughter","champ:BerserkerStyle","champ:Backstep+1","champ:ShieldSigil+1","champ:BringItOn+1","champ:FocusedDefense+1","champ:ShieldThrow"],"campfire_rested":0,"item_purchase_floors":[5,21,21,22,22,22,22,38,42,42,42,42,42,42,42],"current_hp_per_floor":[99,97,94,94,89,89,89,81,76,62,57,52,48,48,45,45,99,99,99,99,99,95,95,95,97,99,99,91,95,95,96,98,99,99,99,85,87,77,77,99,99,99,99,99,93,99,99,94,69,99],"gold":274,"neow_bonus":"TEN_PERCENT_HP_BONUS","is_daily":false,"chose_seed":false,"campfire_upgraded":6,"win_rate":0.0,"timestamp":1611637995,"path_taken":["R","M","M","M","$","?","T","E","M","M","?","E","M","?","M","BOSS","R","M","?","?","$","R","T","?","M","E","?","M","R","E","M","BOSS","R","M","?","$","?","E","T","?","E","R","M","E","?","E","M","BOSS"],"items_purchased_type":["Card","Relic","Card","Card","Card","Card","Card","Card","Relic","Card","Card","Card","Card","Card","Card"],"build_version":"2020-12-22","purchased_purges":2,"victory":true,"max_hp_per_floor":[99,99,99,99,99,99,99,99,99,99,99,99,99,99,99,99,99,99,99,99,99,99,99,99,99,99,99,99,99,99,99,99,99,99,99,99,99,99,99,99,99,99,99,99,99,99,99,99,99,99],"card_choices":[{"not_picked":["champ:FlashCut","champ:CrookedStrike"],"picked":"champ:EndlessRage","floor":2},{"not_picked":["champ:Haymaker","champ:FlashCut"],"picked":"champ:DeathBlow","floor":3},{"not_picked":["champ:PreciseThrust","champ:GutPunch","champ:FlashCut"],"picked":"SKIP","floor":4},{"not_picked":["champ:Backstep","champ:BladeFlurry"],"picked":"champ:BerserkersShout","floor":5},{"not_picked":["champ:DefensiveShout","champ:ShieldThrow","champ:Haymaker"],"picked":"SKIP","floor":6},{"not_picked":["champ:GutPunch","champ:Shatter","champ:FlashCut"],"picked":"SKIP","floor":8},{"not_picked":["champ:Haymaker","champ:Backstep+1"],"picked":"champ:Encircle","floor":9},{"not_picked":["champ:BerserkersShout+1","champ:RisingSlash"],"picked":"champ:CrookedStrike","floor":10},{"not_picked":["champ:Duel","champ:BerserkersShout+1","champ:SkillfulDodge+1"],"picked":"SKIP","floor":12},{"not_picked":["champ:FanOfKnives","champ:GutPunch"],"picked":"champ:TripleStrike","floor":13},{"not_picked":["champ:FalseCounter+1","champ:BringItOn+1"],"picked":"champ:Lariat+1","floor":15},{"not_picked":["champ:DancingMaster","champ:SwordThrow"],"picked":"champ:Improvising","floor":16},{"not_picked":["champ:RageSigil+1","champ:Backstep+1"],"picked":"champ:AdrenalArmor+1","floor":19},{"not_picked":["champ:PreemptiveStrike","champ:Shatter","champ:PerfectedStrike"],"picked":"SKIP","floor":21},{"not_picked":["champ:BladeFlurry","champ:RapidStrikes+1"],"picked":"champ:BerserkersShout+1","floor":22},{"not_picked":["champ:CrownThrow+1","champ:RisingSlash"],"picked":"champ:IgnorePain+1","floor":26},{"not_picked":["champ:ShieldSlam+1","champ:ViciousMockery+1"],"picked":"champ:RapidStrikes+1","floor":27},{"not_picked":["champ:TornadoPunch","champ:DefensiveShout+1"],"picked":"champ:FanOfKnives+1","floor":29},{"not_picked":["champ:ShieldSlam+1","champ:Devastate"],"picked":"champ:StanceDance+1","floor":31},{"not_picked":["champ:Backstep+1","champ:PerfectedStrike"],"picked":"champ:CrookedStrike+1","floor":32},{"not_picked":["champ:SteelEdge","champ:GladiatorForm"],"picked":"champ:DancingMaster","floor":33},{"not_picked":["champ:EnGarde+1","champ:Circumvent+1"],"picked":"champ:AdrenalArmor+1","floor":36},{"not_picked":["champ:Backstep+1","champ:ArenaPreparation+1","champ:FlashCut"],"picked":"SKIP","floor":37},{"not_picked":["champ:ViciousMockery+1","champ:EnGarde+1"],"picked":"champ:GladiatorForm","floor":38},{"not_picked":["champ:RisingSlash+1","champ:BladeFlurry+1"],"picked":"champ:Encircle+1","floor":40},{"not_picked":["champ:Shatter+1","champ:GutPunch"],"picked":"champ:HoldFirm+1","floor":42},{"not_picked":["champ:ViciousMockery+1","champ:ShieldThrow"],"picked":"champ:Backstep+1","floor":43},{"not_picked":["champ:PreemptiveStrike","champ:Circumvent+1","champ:ViciousMockery+1"],"picked":"SKIP","floor":45},{"not_picked":["champ:BerserkersShout+1","champ:CrookedStrike+1","champ:FanOfKnives+1"],"picked":"SKIP","floor":46},{"not_picked":["champ:BringItOn+1","champ:DefensiveShout+1","champ:CrookedStrike"],"picked":"SKIP","floor":48},{"not_picked":["champ:TripleStrike","champ:PreemptiveStrike"],"picked":"champ:BerserkerStyle","floor":49}],"player_experience":127707,"relics_obtained":[{"floor":7,"key":"Toxic Egg 2"},{"floor":8,"key":"Shuriken"},{"floor":12,"key":"The Courier"},{"floor":24,"key":"Pantograph"},{"floor":25,"key":"Red Mask"},{"floor":27,"key":"Meat on the Bone"},{"floor":31,"key":"Bottled Lightning"},{"floor":40,"key":"InkBottle"},{"floor":41,"key":"Lantern"},{"floor":43,"key":"Letter Opener"},{"floor":46,"key":"White Beast Statue"},{"floor":48,"key":"Gremlin Horn"}],"event_choices":[{"damage_healed":0,"gold_gain":200,"player_choice":"Gold","damage_taken":0,"max_hp_gain":0,"max_hp_loss":0,"event_name":"Wheel of Change","floor":20,"gold_loss":0},{"damage_healed":0,"gold_gain":0,"player_choice":"Fought Bandits","damage_taken":0,"max_hp_gain":0,"max_hp_loss":0,"event_name":"Masked Bandits","floor":25,"gold_loss":0},{"damage_healed":0,"gold_gain":0,"player_choice":"Ignored","damage_taken":0,"max_hp_gain":0,"max_hp_loss":0,"event_name":"NoteForYourself","floor":39,"gold_loss":0}],"is_beta":false,"boss_relics":[{"not_picked":["bronze:MakeshiftBattery","Fusion Hammer"],"picked":"SlaversCollar"},{"not_picked":["expansioncontent:StudyCardRelic","Astrolabe"],"picked":"Philosopher\u0027s Stone"}],"items_purged_floors":[21,38],"is_endless":false,"potions_floor_spawned":[4,8,10,12,13,16,25,26,31,32,40,43,48,49],"ascension_level":1}}