{"host":"1zjc08c6hob33401","time":1611619560,"event":{"mods":["AchievementEnabler","Act Like it!","Aspiration","BaseMod","Downfall","Elementarium","Energized Spire","Evolution","Friendly Minions","Gensokyo","GifTheSpireLib","Hubris","Infinite Spire","Jedi Mod","Menagerie","Minty Spire (QoL Compilation)","Pale of the Ancients","Quick Restart","Reliquary","Replay The Spire","Retaliation","Shop Mod","Spicy Shops","Spire Arcade","StS++","StSLib","Stuff the Spire","The Blue Laboratory","Wandering Minibosses","??????REMEMod"],"gold_per_floor":[116,136,154,154,35,35,69,69,119,197,209,227,260,272,284,373,485,509,15,27,49,77,115,127,156,194,206,206],"floor_reached":27,"language":"RUS","playtime":2208,"items_purged":["Defend_B"],"score":426,"play_id":"629b2f1c-2093-4847-a025-500149afb74e","local_time":"20210126020600","is_ascension_mode":true,"campfire_choices":[{"data":"hubris:PowerSurge","floor":6.0,"key":"SMITH"},{"data":"Menagerie:BeastSpirit","floor":15.0,"key":"SMITH"}],"circlet_count":0,"master_deck":["AscendersBane","Barrage","Barrage","Barrage","Zap","Dualcast","champ:HeavySlash","Leap","Leap","Steam","Menagerie:BeastSpirit+1","hubris:PowerSurge+1","jedi:markofdeath","BootSequence","ReplayTheSpireMod:Calculation Training","StuffTheSpire:Plugnplay","StSpp:Converter","Leap","Gensokyo:Doppelganger","StSpp:AbandonFlesh","hubris:TrickCloak","REME_GrazeFinale","StuffTheSpire:Synthwave","Steam","jedi:overflow+1","infinitespire:Fortify","aspiration:Polymerization"],"relics":["Cracked Core","EVO:Axolotl","REME_ComplimentaryCards","reliquary:PurpleTingedLeaf","Replay:Antivirus Software","infinitespire:CheckeredPen","MawBank","Replay:Wanted Poster","Chemical X","reliquary:Bookmark","Dream Catcher","Strawberry"],"acts_visited":["Menagerie:Menagerie","Gensokyo:Gensokyoer"],"potions_floor_usage":[27],"damage_taken":[{"damage":9.0,"enemies":"Menagerie:MonstrousExperiment","floor":1.0,"turns":4.0},{"damage":5.0,"enemies":"Menagerie:WhisperingWraith","floor":2.0,"turns":3.0},{"damage":0.0,"enemies":"Menagerie:2_RABBITS","floor":3.0,"turns":3.0},{"damage":30.0,"enemies":"Menagerie:VoidReaper","floor":7.0,"turns":8.0},{"damage":0.0,"enemies":"Menagerie:EntropyWarlock","floor":11.0,"turns":3.0},{"damage":7.0,"enemies":"Menagerie:Hexasnake","floor":12.0,"turns":4.0},{"damage":5.0,"enemies":"Menagerie:Hydra","floor":13.0,"turns":4.0},{"damage":31.0,"enemies":"Menagerie:AVATARS","floor":16.0,"turns":6.0},{"damage":2.0,"enemies":"Gensokyo:2_Gloops","floor":18.0,"turns":4.0},{"damage":16.0,"enemies":"Gensokyo:AngelMirror","floor":21.0,"turns":4.0},{"damage":34.0,"enemies":"Gensokyo:Wraith","floor":22.0,"turns":4.0},{"damage":42.0,"enemies":"Gensokyo:Reisen","floor":23.0,"turns":6.0},{"damage":6.0,"enemies":"Gensokyo:Monolith_and_Dog","floor":25.0,"turns":3.0}],"seed_played":"-1483182368643381994","potions_obtained":[{"floor":1.0,"key":"Dexterity Potion"},{"floor":2.0,"key":"Regen Potion"},{"floor":11.0,"key":"Block Potion"},{"floor":16.0,"key":"SteroidPotion"},{"floor":22.0,"key":"FocusPotion"},{"floor":25.0,"key":"blueLaboratory:RelayPotion"}],"is_trial":false,"path_per_floor":["M","M","M","?","$","R","E","?","T","T","M","M","E","?","R","B",null,"M","COS","?","M","M","E","AVR","M","T","M"],"character_chosen":"DEFECT","items_purchased":["hubris:PowerSurge"],"campfire_rested":0,"item_purchase_floors":[5],"current_hp_per_floor":[55,50,50,50,50,50,35,39,39,39,40,34,29,43,43,13,56,55,55,55,40,70,28,28,22,29,0,0],"gold":206,"neow_bonus":"REMOVE_CARD","is_daily":false,"chose_seed":false,"campfire_upgraded":2,"win_rate":0.0,"timestamp":1611619560,"path_taken":["M","M","M","?","$","R","E","?","T","?","M","M","E","?","R","BOSS","M","COS","?","M","M","E","AVR","?","T","M"],"items_purchased_type":["Card"],"build_version":"2020-12-22","purchased_purges":1,"victory":false,"max_hp_per_floor":[71,71,71,66,66,66,66,70,70,70,70,70,70,70,70,70,70,70,70,70,70,70,70,70,70,77,77,77],"card_choices":[{"not_picked":["Rebound","Tempest"],"picked":"Leap","floor":1.0},{"not_picked":["jedi:BurstLightning","StuffTheSpire:Plugnplay"],"picked":"Leap","floor":2.0},{"not_picked":["Recycle","jedi:blockon"],"picked":"Steam","floor":3.0},{"not_picked":["jedi:sharpshooter","jedi:BurstDark"],"picked":"jedi:markofdeath","floor":7.0},{"not_picked":["jedi:BurstLightning","Redo"],"picked":"BootSequence","floor":11.0},{"not_picked":["StuffTheSpire:LoadUp","jedi:BurstFrost"],"picked":"ReplayTheSpireMod:Calculation Training","floor":12.0},{"not_picked":["Rebound","Blizzard"],"picked":"StuffTheSpire:Plugnplay","floor":13.0},{"not_picked":["jedi:BurstDark","hubris:DoWhile"],"picked":"StSpp:Converter","floor":16.0},{"not_picked":["StSpp:Pointer","aspiration:Polymerization"],"picked":"Leap","floor":18.0},{"not_picked":["Undo","ReplayTheSpireMod:System Scan+1"],"picked":"StuffTheSpire:Synthwave","floor":21.0},{"not_picked":["jedi:blockon","Ball Lightning"],"picked":"Steam","floor":22.0},{"not_picked":["Stack","Leap"],"picked":"jedi:overflow+1","floor":23.0},{"not_picked":["Lockon","StuffTheSpire:SnapShoot"],"picked":"aspiration:Polymerization","floor":25.0}],"player_experience":714882,"relics_obtained":[{"floor":7.0,"key":"reliquary:PurpleTingedLeaf"},{"floor":9.0,"key":"Replay:Antivirus Software"},{"floor":10.0,"key":"infinitespire:CheckeredPen"},{"floor":13.0,"key":"MawBank"},{"floor":23.0,"key":"Dream Catcher"},{"floor":26.0,"key":"Strawberry"}],"event_choices":[{"damage_healed":0.0,"max_hp_gain":0.0,"max_hp_loss":5.0,"gold_gain":0.0,"event_name":"Menagerie:BeastSpiritShrine","player_choice":"Knelt","floor":4.0,"gold_loss":0.0,"damage_taken":0.0,"cards_obtained":["Menagerie:BeastSpirit"]},{"damage_healed":0.0,"max_hp_gain":4.0,"max_hp_loss":0.0,"gold_gain":0.0,"event_name":"Menagerie:HarrowingRitual","player_choice":"Shield","floor":8.0,"gold_loss":0.0,"damage_taken":0.0},{"damage_healed":14.0,"max_hp_gain":0.0,"max_hp_loss":0.0,"gold_gain":0.0,"event_name":"Menagerie:ThreeAnimals","player_choice":"Goat","floor":14.0,"gold_loss":0.0,"damage_taken":0.0}],"is_beta":false,"boss_relics":[{"not_picked":["Empty Cage","energizedSpire:NeverEndingSparkler"],"picked":"Replay:Wanted Poster"}],"items_purged_floors":[5],"is_endless":false,"potions_floor_spawned":[1,2,11,16,22,25],"killed_by":"Gensokyo:3_Gloops","ascension_level":18}}