{"host":"8d3fefv2347kqkpz","time":1611685201,"event":{"mods":["AchievementEnabler","Act Like it!","Aspiration","BaseMod","Better Vampires","Colored Map","Colored Powertips","Conspire","GifTheSpireLib","Hermit","Highlight Path","Hubris","Marisa£®ÏF”Í°°ƒß¿Ì…≥£©","Mimic Mod","Minty Spire (QoL Compilation)","Quick Restart","Rare Cards Sparkle","Reimu£®≤©¿ˆ¡È√Œ£©","Relic Stats","Remilia£®¿Ÿ√◊¿Ú—«£©","Replay The Spire","Spicy Shops","StSLib","The Cursed","The Jungle","The Servant 0.9.4","Waifu the Spire","Youmu£®ªÍ∆«—˝√Œ£©"],"gold_per_floor":[109,121,140,153,180,214,214,225,225,225,242,8,8,8,8,112,112,128,147,160,173,173,173,190,190,190],"floor_reached":25,"language":"ZHS","playtime":1073,"items_purged":["Strike_G"],"score":207,"play_id":"1281b812-c562-4f39-be7f-78b99965c28c","local_time":"20210127022001","is_ascension_mode":false,"campfire_choices":[{"data":"Neutralize","floor":7.0,"key":"SMITH"},{"floor":15.0,"key":"REST"},{"floor":23,"key":"REST"}],"circlet_count":0,"master_deck":["Strike_G","Strike_G","Strike_G","Strike_G","Defend_G","Defend_G","Defend_G","Defend_G","Survivor","Neutralize+1","Deadly Poison","ReplayTheSpireMod:Scrap Shanks","Backflip","Dagger Spray","A Thousand Cuts","Night Terror"],"relics":["aspiration:SecretTechniqueScroll","aspiration:VileToxins","Paper Crane","Mercury Hourglass"],"acts_visited":["Exordium","TheCity"],"potions_floor_usage":[],"damage_taken":[{"damage":3.0,"enemies":"Jaw Worm","floor":1.0,"turns":4.0},{"damage":0.0,"enemies":"2 Louse","floor":2.0,"turns":3.0},{"damage":1.0,"enemies":"Small Slimes","floor":3.0,"turns":4.0},{"damage":6.0,"enemies":"3 Louse","floor":4.0,"turns":3.0},{"damage":11.0,"enemies":"conspire:MimicChest","floor":5.0,"turns":5.0},{"damage":1.0,"enemies":"Replay:BlueRogue","floor":6.0,"turns":6.0},{"damage":4.0,"enemies":"2 Fungi Beasts","floor":8.0,"turns":4.0},{"damage":1.0,"enemies":"Exordium Thugs","floor":11.0,"turns":4.0},{"damage":14.0,"enemies":"Fading Forest","floor":16.0,"turns":11.0},{"damage":1.0,"enemies":"Shell Parasite","floor":18.0,"turns":5.0},{"damage":27.0,"enemies":"2 Thieves","floor":19.0,"turns":5.0},{"damage":13.0,"enemies":"3 Cultists","floor":20.0,"turns":5.0},{"damage":17.0,"enemies":"Shelled Parasite and Fungi","floor":21.0,"turns":4.0},{"damage":29,"enemies":"Chosen and Byrds","floor":24,"turns":7},{"damage":0,"enemies":"Snecko","floor":25,"turns":1}],"seed_played":"4958082571130206172","potions_obtained":[{"floor":1.0,"key":"Swift Potion"},{"floor":2.0,"key":"FearPotion"},{"floor":4.0,"key":"Block Potion"},{"floor":21.0,"key":"AttackPotion"},{"floor":24,"key":"SmokeBomb"}],"is_trial":false,"path_per_floor":["M","M","M","M","?","E","R","M","T","?","M","$","?","$","R","B",null,"M","M","M","M","?","R","M","M"],"character_chosen":"THE_SILENT","items_purchased":["A Thousand Cuts"],"campfire_rested":2,"item_purchase_floors":[12],"current_hp_per_floor":[67,67,66,60,49,48,48,44,44,44,43,43,43,43,64,56,70,69,42,29,12,12,33,4,4,4],"gold":190,"neow_bonus":"BOSS_RELIC","is_daily":false,"chose_seed":false,"campfire_upgraded":1,"win_rate":0.0,"timestamp":1611685201,"path_taken":["M","M","M","M","?","E","R","M","T","?","M","$","?","$","R","BOSS","M","M","M","M","?","R","M","M"],"items_purchased_type":["Card"],"build_version":"2020-12-22","purchased_purges":1,"victory":false,"max_hp_per_floor":[70,70,70,70,70,70,70,70,70,70,70,70,70,70,70,70,70,70,70,70,70,70,70,70,70,70],"relic_stats":{"counters":[15,71],"obtain_stats":[{"aspiration:VileToxins":5,"aspiration:SecretTechniqueScroll":0,"Paper Crane":6,"Ring of the Snake":0,"Mercury Hourglass":9},{"aspiration:VileToxins":5,"aspiration:SecretTechniqueScroll":0,"Paper Crane":6,"Ring of the Snake":0,"Mercury Hourglass":7},{"aspiration:VileToxins":19,"aspiration:SecretTechniqueScroll":0,"Paper Crane":25,"Ring of the Snake":0,"Mercury Hourglass":29}],"Mercury Hourglass":[177]},"card_choices":[{"not_picked":["Reflex","hubris:SlightOfHand","Dodge and Roll"],"picked":"SKIP","floor":1.0},{"not_picked":["ReplayTheSpireMod:The Works","Dodge and Roll"],"picked":"Deadly Poison","floor":2.0},{"not_picked":["Outmaneuver","Slice"],"picked":"ReplayTheSpireMod:Scrap Shanks","floor":3.0},{"not_picked":["Bane","hubris:SlightOfHand"],"picked":"Backflip","floor":4.0},{"not_picked":["Deflect","Atom Bomb"],"picked":"Dagger Spray","floor":5.0},{"not_picked":["Setup","Sucker Punch","Flying Knee"],"picked":"SKIP","floor":6.0},{"not_picked":["Deflect","Outmaneuver","Quick Slash"],"picked":"SKIP","floor":8.0},{"not_picked":["PiercingWail","Dodge and Roll","Choke"],"picked":"SKIP","floor":11.0},{"not_picked":["Venomology","aspiration:Lunge"],"picked":"Night Terror","floor":16.0},{"not_picked":["Sneak Up","Finisher","Masterful Stab+1"],"picked":"SKIP","floor":18.0},{"not_picked":["Outmaneuver+1","Backflip","Quick Slash"],"picked":"SKIP","floor":19.0},{"not_picked":["Heel Hook","Acrobatics","Bane+1"],"picked":"SKIP","floor":20.0},{"not_picked":["Quick Slash","Backflip","Caltrops"],"picked":"SKIP","floor":21.0},{"not_picked":["Underhanded Strike+1","Slice","Outmaneuver+1"],"picked":"SKIP","floor":24}],"player_experience":198138,"relics_obtained":[{"floor":5.0,"key":"aspiration:VileToxins"},{"floor":6.0,"key":"Paper Crane"},{"floor":9.0,"key":"Mercury Hourglass"}],"event_choices":[{"damage_healed":0,"gold_gain":0,"player_choice":"Leave","damage_taken":0,"max_hp_gain":0,"max_hp_loss":0,"event_name":"conspire:Investor","floor":22,"gold_loss":0}],"is_beta":false,"boss_relics":[{"not_picked":["aspiration:RitualDagger","aspiration:FutureDiary","Snecko Scales"]}],"items_purged_floors":[12],"is_endless":false,"potions_floor_spawned":[1,2,4,8,21,24],"killed_by":"Snecko","ascension_level":0}}