{"host":"t179ovrkr5k1gnfh","time":1611684648,"event":{"mods":["AchievementEnabler","BaseMod","BetterRewards","Colored Map","Downfall","Minty Spire (QoL Compilation)","StSLib"],"gold_per_floor":[99,114,131,144,144,144,144,178,178,278,44,77,77,62,76,173,173,73,87,99,99,99,116,143,43,63,79,104,4,36,54,64,169,169,169,185,198,217,217,237,305,305,95,95,128,139,153,164,182,182,182,217,44,44,44,44,44,44],"floor_reached":56,"language":"ENG","playtime":7626,"items_purged":["champ:Defend","champ:ShieldWall","champ:Duel"],"score":936,"play_id":"edd21132-b534-47a4-96c9-0acec749666e","local_time":"20210126191048","is_ascension_mode":true,"campfire_choices":[{"data":"champ:EnchantSword","floor":1.0,"key":"SMITH"},{"floor":13.0,"key":"RECALL"},{"data":"champ:Improvising","floor":18.0,"key":"SMITH"},{"data":"champ:Lariat","floor":25,"key":"SMITH"},{"data":"champ:Backstep","floor":29,"key":"SMITH"},{"data":"champ:DefensiveStyle","floor":35,"key":"SMITH"},{"floor":54,"key":"DIG"}],"circlet_count":0,"master_deck":["champ:Execute","champ:Taunt+1","champ:EnchantSword+1","champ:StanceDance","champ:FancyFootwork+1","champ:CheapShot+1","champ:RageSigil","champ:FlashCut","champ:Lariat+1","champ:Backstep+1","champ:ShieldWall","champ:Improvising+1","champ:RageSigil","champ:CalledShot","champ:DefensiveStyle+1","champ:FanOfKnives","champ:SkillfulDodge+1","expansioncontent:PrepareCrush","expansioncontent:QuickStudy","champ:ShieldThrow","champ:RapidStrikes+1","champ:CrookedStrike+1"],"relics":["champ:ChampionCrown","downfall:ShatteredFragment","Pear","InkBottle","Kunai","Bottled Flame","Busted Crown","downfall:HeartBlessingRed","champ:FightingForDummies","downfall:HeartBlessingGreen","Bag of Preparation","downfall:HeartBlessingBlue","Orichalcum","Pandora\u0027s Box","Question Card","champ:BerserkersGuideToSlaughter","Shovel","Mercury Hourglass","Letter Opener"],"acts_visited":["Exordium","TheCity","TheBeyond","TheEnding"],"potions_floor_usage":[33,33,38,44,50,52,55,56],"damage_taken":[{"damage":10.0,"enemies":"Cultist","floor":2.0,"turns":3.0},{"damage":10.0,"enemies":"Jaw Worm","floor":3.0,"turns":3.0},{"damage":13.0,"enemies":"Small Slimes","floor":4.0,"turns":3.0},{"damage":29.0,"enemies":"Lagavulin","floor":8.0,"turns":5.0},{"damage":44.0,"enemies":"downfall:Heads","floor":10.0,"turns":6.0},{"damage":50.0,"enemies":"downfall:FleeingMerchant","floor":11.0,"turns":5.0},{"damage":10.0,"enemies":"Gremlin Nob","floor":12.0,"turns":3.0},{"damage":30.0,"enemies":"downfall:FleeingMerchant","floor":14.0,"turns":5.0},{"damage":6.0,"enemies":"Blue Slaver","floor":15.0,"turns":3.0},{"damage":27.0,"enemies":"SI_SHIV_ARCHETYPE","floor":16.0,"turns":7.0},{"damage":13,"enemies":"Spheric Guardian","floor":19,"turns":3},{"damage":15,"enemies":"Chosen and Byrds","floor":20,"turns":4},{"damage":30,"enemies":"Snake Plant","floor":23,"turns":3},{"damage":30,"enemies":"Cultist and Chosen","floor":26,"turns":4},{"damage":30,"enemies":"Centurion and Healer","floor":27,"turns":5},{"damage":30,"enemies":"Slavers","floor":28,"turns":4},{"damage":10,"enemies":"Book of Stabbing","floor":30,"turns":4},{"damage":55,"enemies":"3 Cultists","floor":31,"turns":3},{"damage":50,"enemies":"Snake Plant","floor":32,"turns":3},{"damage":29,"enemies":"IC_MUSHROOM_ARCHETYPE","floor":33,"turns":5},{"damage":21,"enemies":"3 Shapes","floor":36,"turns":2},{"damage":9,"enemies":"Orb Walker","floor":37,"turns":3},{"damage":82,"enemies":"Writhing Mass","floor":38,"turns":4},{"damage":10,"enemies":"Jaw Worm Horde","floor":40,"turns":3},{"damage":25,"enemies":"downfall:FleeingMerchant","floor":43,"turns":3},{"damage":62,"enemies":"Giant Head","floor":45,"turns":6},{"damage":25,"enemies":"Sphere and 2 Shapes","floor":46,"turns":3},{"damage":0,"enemies":"Spire Growth","floor":47,"turns":4},{"damage":0,"enemies":"3 Darklings","floor":48,"turns":2},{"damage":65,"enemies":"Maw","floor":49,"turns":6},{"damage":67,"enemies":"WA_ARCHETYPE_DIVINITY","floor":50,"turns":12},{"damage":27,"enemies":"downfall:CharBossMerchant","floor":52,"turns":7},{"damage":60,"enemies":"downfall:NeowBoss","floor":55,"turns":10},{"damage":177,"enemies":"downfall:NeowBossFinal","floor":56,"turns":8}],"seed_played":"2554439655110262459","potions_obtained":[{"floor":8.0,"key":"LiquidBronze"},{"floor":10.0,"key":"SpeedPotion"},{"floor":15.0,"key":"SkillPotion"},{"floor":16.0,"key":"SmokeBomb"},{"floor":23,"key":"Ancient Potion"},{"floor":27,"key":"Dexterity Potion"},{"floor":28,"key":"Strength Potion"},{"floor":33,"key":"PowerPotion"},{"floor":36,"key":"SteroidPotion"},{"floor":37,"key":"sneckomod:MuddlingPotion"},{"floor":44,"key":"DuplicationPotion"},{"floor":44,"key":"Swift Potion"},{"floor":48,"key":"Strength Potion"}],"is_trial":false,"path_per_floor":["R","M","M","M","?","?","T","E","T","?","$","E","R","$","M","B",null,"R","M","M","?","?","M","T","R","M","M","E","R","E","M","M","B",null,"R","M","M","M","?","M","T","?","$","?","E","M","M","M","M","B",null,"E","$","R","B","B"],"character_chosen":"THE_CHAMP","items_purchased":["War Paint","champ:BerserkersGuideToSlaughter","Fruit Juice","expansioncontent:QuickStudy","PowerPotion"],"campfire_rested":0,"item_purchase_floors":[11,43,43,43,53],"current_hp_per_floor":[90,90,90,87,92,65,75,66,66,57,57,57,57,57,56,39,105,105,102,102,102,87,87,87,87,87,87,77,87,87,87,87,83,115,115,109,105,73,115,115,115,110,110,115,118,120,120,120,120,88,120,118,118,118,118,0,0,0],"gold":44,"neow_bonus":"ONE_RANDOM_RARE_CARD","is_daily":false,"chose_seed":false,"campfire_upgraded":5,"win_rate":0.0,"timestamp":1611684648,"path_taken":["R","M","M","?","?","?","T","E","?","?","$","E","R","?","M","BOSS","R","M","M","?","?","M","T","R","M","M","E","R","E","M","M","BOSS","R","M","M","M","?","?","T","?","$","?","E","?","M","M","M","BOSS","E","$","R","BOSS","BOSS"],"items_purchased_type":["Relic","Relic","Potion","Card","Potion"],"build_version":"2020-12-22","purchased_purges":3,"victory":false,"max_hp_per_floor":[90,90,90,90,95,95,105,105,105,105,105,105,105,105,105,105,105,105,105,105,105,105,105,105,105,105,105,105,115,115,115,115,115,115,115,115,115,115,115,115,115,115,115,120,120,120,120,120,120,120,120,120,120,120,120,120,120,120],"card_choices":[{"not_picked":["champ:TornadoPunch","champ:ShieldSigil","champ:DeathBlow"],"picked":"SKIP","floor":2.0},{"not_picked":["champ:BringItOn","champ:RisingSlash"],"picked":"champ:StanceDance","floor":3.0},{"not_picked":["champ:Haymaker","champ:DefensiveShout"],"picked":"champ:FancyFootwork","floor":4.0},{"not_picked":["champ:StanceDance","champ:RisingSlash"],"picked":"champ:CheapShot","floor":8.0},{"not_picked":["champ:BerserkersShout","champ:BladeFlurry"],"picked":"champ:FlashCut","floor":10.0},{"not_picked":["champ:StanceDance","champ:EnragedBash"],"picked":"champ:Lariat","floor":11.0},{"not_picked":["champ:FalseCounter","champ:StrikeOfGenius"],"picked":"champ:Backstep","floor":12.0},{"not_picked":["champ:BladeFlurry","champ:HeartStrike"],"picked":"champ:ShieldWall","floor":14.0},{"not_picked":["champ:DefensiveStyle","champ:Shatter"],"picked":"champ:Duel","floor":15.0},{"not_picked":["champ:SteelEdge","champ:SwordThrow"],"picked":"champ:Improvising","floor":16.0},{"not_picked":["champ:RageSigil"],"picked":"SKIP","floor":19},{"not_picked":[],"picked":"champ:RageSigil","floor":19},{"not_picked":["champ:DefensiveShout+1"],"picked":"SKIP","floor":20},{"not_picked":["champ:BerserkersShout+1"],"picked":"SKIP","floor":23},{"not_picked":["champ:CrownThrow+1"],"picked":"SKIP","floor":26},{"not_picked":["champ:BerserkersShout"],"picked":"SKIP","floor":27},{"not_picked":["champ:BringItOn"],"picked":"SKIP","floor":28},{"not_picked":["champ:Shatter+1"],"picked":"SKIP","floor":30},{"not_picked":["champ:PreciseThrust"],"picked":"SKIP","floor":31},{"not_picked":["champ:EnGarde"],"picked":"SKIP","floor":32},{"not_picked":["champ:BladeFlurry"],"picked":"SKIP","floor":36},{"not_picked":[],"picked":"champ:SkillfulDodge+1","floor":37},{"not_picked":["champ:RisingSlash"],"picked":"SKIP","floor":38},{"not_picked":["champ:PreciseThrust"],"picked":"SKIP","floor":40},{"not_picked":["expansioncontent:GuardianWhirl"],"picked":"expansioncontent:PrepareCrush","floor":42},{"not_picked":["champ:Lariat","champ:FlashCut"],"picked":"SKIP","floor":43},{"not_picked":["champ:PerfectedStrike"],"picked":"champ:ShieldThrow","floor":45},{"not_picked":["champ:TornadoPunch"],"picked":"champ:RapidStrikes+1","floor":46},{"not_picked":["champ:FanOfKnives+1","champ:EnGarde"],"picked":"SKIP","floor":47},{"not_picked":["champ:Shatter+1"],"picked":"champ:CrookedStrike+1","floor":48},{"not_picked":["champ:BerserkersShout+1","champ:IronFortress+1"],"picked":"SKIP","floor":49},{"not_picked":["champ:CheapShot","champ:StanceDance+1"],"picked":"SKIP","floor":52}],"player_experience":239838,"relics_obtained":[{"floor":7.0,"key":"Pear"},{"floor":8.0,"key":"InkBottle"},{"floor":9.0,"key":"Kunai"},{"floor":12.0,"key":"Bottled Flame"},{"floor":28,"key":"Bag of Preparation"},{"floor":30,"key":"Orichalcum"},{"floor":41,"key":"Question Card"},{"floor":45,"key":"Shovel"},{"floor":52,"key":"Mercury Hourglass"},{"floor":54,"key":"Letter Opener"}],"event_choices":[{"damage_healed":0.0,"max_hp_gain":5.0,"max_hp_loss":0.0,"gold_gain":0.0,"event_name":"Big Fish","player_choice":"Donut","floor":5.0,"gold_loss":0.0,"damage_taken":0.0},{"cards_removed":["champ:IronFortress"],"damage_healed":42,"gold_gain":0,"player_choice":"Offered Uncommon","damage_taken":0,"max_hp_gain":0,"max_hp_loss":0,"event_name":"Bonfire Elementals","floor":39,"gold_loss":0}],"is_beta":false,"boss_relics":[{"not_picked":["Black Star","Philosopher\u0027s Stone"],"picked":"Busted Crown"},{"not_picked":["Runic Dome","Snecko Eye"],"picked":"Pandora\u0027s Box"}],"items_purged_floors":[11,43,53],"is_endless":false,"potions_floor_spawned":[8,10,15,16,23,27,28,33,36,37,48],"killed_by":"downfall:NeowBossFinal","ascension_level":2}}