{"host":"lnt5dzsuhru0aonl","time":1611673139,"event":{"mods":["2.2 Compatiblity","BaseMod","Colored Map","Colored Powertips","DeckTracker","Keyboard Shortcuts","Minty Spire (QoL Compilation)","Permanent Neow","Rare Cards Sparkle","StSLib","SuperFastMode","everything is the same but u backflip on backflip"],"gold_per_floor":[112,112,130,102,177,62,62,96,166,191,191,207,221,52,52,124,174,190,224,64,64,82,109,121,121,121],"floor_reached":25,"language":"KOR","playtime":681,"items_purged":["Strike_B"],"score":558,"play_id":"107e7d54-d6b5-4c1f-ae0f-6e1f6c359bc6","local_time":"20210126235859","is_ascension_mode":true,"campfire_choices":[{"data":"Zap","floor":7.0,"key":"SMITH"},{"floor":15.0,"key":"REST"}],"circlet_count":0,"master_deck":["AscendersBane","Strike_B","Defend_B","Defend_B","Defend_B","Defend_B","Zap+1","Dualcast","Core Surge+1","Go for the Eyes","Storm","Compile Driver","Static Discharge","Biased Cognition","Ball Lightning","Thunder Strike","Hologram","Coolheaded","Turbo","Steam"],"relics":["Cracked Core","Singing Bowl","Darkstone Periapt","StrikeDummy","DataDisk","Tiny House","Red Mask","Happy Flower","Gremlin Horn"],"acts_visited":["Exordium","TheCity"],"potions_floor_usage":[23,24,25],"damage_taken":[{"damage":9.0,"enemies":"2 Louse","floor":1.0,"turns":3.0},{"damage":2.0,"enemies":"Cultist","floor":3.0,"turns":4.0},{"damage":23.0,"enemies":"Lagavulin","floor":8.0,"turns":7.0},{"damage":14.0,"enemies":"Gremlin Nob","floor":10.0,"turns":4.0},{"damage":0.0,"enemies":"Small Slimes","floor":12.0,"turns":2.0},{"damage":1.0,"enemies":"2 Fungi Beasts","floor":13.0,"turns":3.0},{"damage":0.0,"enemies":"Slime Boss","floor":16.0,"turns":4.0},{"damage":13.0,"enemies":"2 Thieves","floor":18.0,"turns":2.0},{"damage":22.0,"enemies":"Masked Bandits","floor":19.0,"turns":3.0},{"damage":17,"enemies":"Shell Parasite","floor":22,"turns":4},{"damage":16,"enemies":"Book of Stabbing","floor":23,"turns":4},{"damage":0,"enemies":"Centurion and Healer","floor":24,"turns":4},{"damage":11,"enemies":"Slavers","floor":25,"turns":1}],"seed_played":"2263412275737120455","potions_obtained":[{"floor":3.0,"key":"Energy Potion"},{"floor":10.0,"key":"LiquidBronze"},{"floor":17.0,"key":"AttackPotion"},{"floor":18.0,"key":"ColorlessPotion"},{"floor":23,"key":"PotionOfCapacity"},{"floor":24,"key":"DistilledChaos"}],"is_trial":false,"path_per_floor":["M","?","M","$","?","$","R","E","T","E","?","M","M","$","R","B",null,"M","?","$","?","M","E","M","E"],"character_chosen":"DEFECT","items_purchased":["Compile Driver","Static Discharge","DataDisk","Happy Flower"],"campfire_rested":1,"item_purchase_floors":[4,6,14,20],"current_hp_per_floor":[55,55,53,53,42,42,42,21,21,9,9,9,10,10,33,33,71,58,38,38,38,21,7,7,0,0],"gold":121,"neow_bonus":"ONE_RANDOM_RARE_CARD","is_daily":false,"chose_seed":false,"campfire_upgraded":1,"win_rate":0.0,"timestamp":1611673139,"path_taken":["M","?","M","?","?","$","R","E","T","E","?","?","M","?","R","BOSS","M","?","$","?","M","E","M","E"],"items_purchased_type":["Card","Card","Relic","Relic"],"build_version":"2020-12-22","purchased_purges":1,"victory":false,"max_hp_per_floor":[71,71,71,71,71,71,71,73,73,75,75,75,77,77,77,77,82,82,84,84,84,84,86,86,86,86],"card_choices":[{"not_picked":["Scrape","Tempest"],"picked":"Go for the Eyes","floor":1.0},{"not_picked":["Gash","Go for the Eyes"],"picked":"Storm","floor":3.0},{"not_picked":["Chaos","Stack","Steam Power"],"picked":"Singing Bowl","floor":8.0},{"not_picked":["Beam Cell","Leap","Skim"],"picked":"Singing Bowl","floor":10.0},{"not_picked":["Gash","Tempest"],"picked":"Ball Lightning","floor":12.0},{"not_picked":["Stack","Rebound","Compile Driver"],"picked":"Singing Bowl","floor":13.0},{"not_picked":["Rainbow","Buffer"],"picked":"Thunder Strike","floor":16.0},{"not_picked":["Steam","Double Energy"],"picked":"Hologram","floor":17.0},{"not_picked":["Reprogram","Go for the Eyes"],"picked":"Coolheaded","floor":18.0},{"not_picked":["Hologram","Storm","Stack"],"picked":"Singing Bowl","floor":19.0},{"not_picked":["Consume","Coolheaded"],"picked":"Turbo","floor":22},{"not_picked":["Darkness","Steam Power","Hello World"],"picked":"Singing Bowl","floor":23},{"not_picked":["Sweeping Beam","Ball Lightning+1"],"picked":"Steam","floor":24}],"player_experience":771986,"relics_obtained":[{"floor":8.0,"key":"Singing Bowl"},{"floor":9.0,"key":"Darkstone Periapt"},{"floor":10.0,"key":"StrikeDummy"},{"floor":19.0,"key":"Red Mask"},{"floor":23,"key":"Gremlin Horn"}],"event_choices":[{"cards_removed":["Strike_B"],"damage_healed":0.0,"max_hp_gain":0.0,"max_hp_loss":0.0,"gold_gain":0.0,"event_name":"Wheel of Change","player_choice":"Card Removal","floor":2.0,"gold_loss":0.0,"damage_taken":0.0},{"damage_healed":0.0,"max_hp_gain":0.0,"max_hp_loss":0.0,"gold_gain":75.0,"event_name":"World of Goop","player_choice":"Gather Gold","floor":5.0,"gold_loss":0.0,"damage_taken":11.0},{"damage_healed":0.0,"max_hp_gain":0.0,"max_hp_loss":0.0,"gold_gain":0.0,"cards_transformed":["Strike_B"],"event_name":"Transmorgrifier","player_choice":"Transformed","floor":11.0,"gold_loss":0.0,"damage_taken":0.0,"cards_obtained":["Biased Cognition"]},{"damage_healed":0.0,"max_hp_gain":0.0,"max_hp_loss":0.0,"gold_gain":0.0,"event_name":"Masked Bandits","player_choice":"Fought Bandits","floor":19.0,"gold_loss":0.0,"damage_taken":0.0},{"damage_healed":0,"gold_gain":0,"player_choice":"Ignored","damage_taken":0,"max_hp_gain":0,"max_hp_loss":0,"event_name":"Cursed Tome","floor":21,"gold_loss":0}],"is_beta":false,"boss_relics":[{"not_picked":["FrozenCore","Snecko Eye"],"picked":"Tiny House"}],"items_purged_floors":[6],"is_endless":false,"potions_floor_spawned":[3,10,18,23,24],"killed_by":"Slavers","ascension_level":20}}