{"host":"edc6wmn2qug8wnvl","time":1611651618,"event":{"mods":["AchievementEnabler","BaseMod","Colored Map","Colored Powertips","Minty Spire (QoL Compilation)","StSLib"],"gold_per_floor":[111,186,186,186,201,201,215,215,266,65,84,84,98,273,273,273,273],"floor_reached":16,"language":"ENG","playtime":578,"items_purged":[],"score":90,"play_id":"1e29c323-c18d-4c42-91f8-b0c4681e77f6","local_time":"20210126010018","is_ascension_mode":false,"campfire_choices":[{"floor":6,"key":"REST"},{"floor":12,"key":"REST"},{"data":"Searing Blow","floor":15,"key":"SMITH"}],"circlet_count":0,"master_deck":["Strike_R","Strike_R+1","Strike_R","Strike_R+1","Strike_R","Defend_R","Defend_R","Defend_R","Defend_R","Second Wind","Seeing Red","Shrug It Off","Iron Wave","Perfected Strike","Searing Blow+1","Warcry","Doubt"],"relics":["Runic Pyramid","Bag of Preparation"],"acts_visited":["Exordium"],"potions_floor_usage":[16],"damage_taken":[{"damage":0,"enemies":"2 Louse","floor":1,"turns":3},{"damage":0,"enemies":"Small Slimes","floor":5,"turns":3},{"damage":6,"enemies":"Jaw Worm","floor":7,"turns":3},{"damage":4,"enemies":"3 Louse","floor":11,"turns":2},{"damage":0,"enemies":"Looter","floor":13,"turns":3},{"damage":1,"enemies":"Slime Boss","floor":16,"turns":4}],"seed_played":"-6009423017967628179","potions_obtained":[{"floor":1,"key":"Dexterity Potion"},{"floor":7,"key":"Energy Potion"}],"is_trial":false,"path_per_floor":["M","?","?","?","M","R","M","?","T","$","M","R","M","?","R","B"],"character_chosen":"IRONCLAD","items_purchased":["Perfected Strike","Searing Blow","DuplicationPotion"],"campfire_rested":2,"item_purchase_floors":[10,10,10],"current_hp_per_floor":[80,69,69,53,53,77,71,71,71,71,67,80,80,80,80,79,79],"gold":273,"neow_bonus":"BOSS_RELIC","is_daily":false,"chose_seed":false,"campfire_upgraded":1,"win_rate":0.0,"timestamp":1611651618,"path_taken":["M","?","?","?","M","R","?","?","T","$","M","R","M","?","R","BOSS"],"items_purchased_type":["Card","Card","Potion"],"build_version":"2020-12-22","purchased_purges":0,"victory":false,"max_hp_per_floor":[80,80,80,80,80,80,80,80,80,80,80,80,80,80,80,80,80],"card_choices":[{"not_picked":["Shrug It Off","Dual Wield"],"picked":"Second Wind","floor":1},{"not_picked":["Uppercut","Warcry"],"picked":"Shrug It Off","floor":5},{"not_picked":["Clash","Inflame"],"picked":"Iron Wave","floor":7},{"not_picked":["Cleave","Thunderclap"],"picked":"Warcry","floor":11},{"not_picked":["Cleave","Disarm","Iron Wave"],"picked":"SKIP","floor":13}],"player_experience":47419,"relics_obtained":[{"floor":9,"key":"Bag of Preparation"}],"event_choices":[{"damage_healed":0,"gold_gain":75,"player_choice":"Gather Gold","damage_taken":11,"max_hp_gain":0,"max_hp_loss":0,"event_name":"World of Goop","floor":2,"gold_loss":0},{"damage_healed":0,"gold_gain":0,"cards_transformed":["Bash"],"player_choice":"Change","damage_taken":0,"max_hp_gain":0,"max_hp_loss":0,"event_name":"Living Wall","floor":3,"gold_loss":0,"cards_obtained":["Seeing Red"]},{"damage_healed":0,"gold_gain":0,"player_choice":"Entered Light","damage_taken":16,"max_hp_gain":0,"max_hp_loss":0,"event_name":"Shining Light","floor":4,"gold_loss":0,"cards_upgraded":["Strike_R","Strike_R"]},{"damage_healed":0,"gold_gain":0,"player_choice":"Ignored","damage_taken":0,"max_hp_gain":0,"max_hp_loss":0,"event_name":"Golden Wing","floor":8,"gold_loss":0},{"damage_healed":0,"gold_gain":175,"player_choice":"AGREE","damage_taken":0,"max_hp_gain":0,"max_hp_loss":0,"event_name":"Liars Game","floor":14,"gold_loss":0,"cards_obtained":["Doubt"]}],"is_beta":false,"boss_relics":[],"items_purged_floors":[],"is_endless":false,"potions_floor_spawned":[1,7],"killed_by":"Slime Boss","ascension_level":0}}