{"host":"s88k97ee8ljqz1kp","time":1611680461,"event":{"mods":["Act Like it!","BaseMod","BshForSts","Communication Mod","Downfall","Friendly Minions","GifTheSpireLib","Minty Spire (QoL Compilation)","Relic Stats","StSLib","SuperFastMode","yUi"],"gold_per_floor":[99,110,122,122,32,32,32,42,61,161,161,192,208,243,253,352,352,352,364,364,364,123,139,164,164,180,180,180,206,217,167,180,180,180,180],"floor_reached":33,"language":"ENG","playtime":1506,"items_purged":["Guardian:Strike_Guardian","Pride"],"score":302,"play_id":"6118689c-0db6-4a6c-8c79-6002d5d0e23f","local_time":"20210126120101","is_ascension_mode":false,"campfire_choices":[{"data":"Guardian:FastForward","floor":1,"key":"SMITH"},{"data":"Guardian:TwinSlam","floor":6,"key":"SMITH"},{"data":"Guardian:Suspension","floor":11,"key":"SMITH"},{"data":"Guardian:Orbwalk","floor":18,"key":"SMITH"},{"data":"Guardian:FastForward","floor":25,"key":"SMITH"},{"data":"Guardian:PiercingHide","floor":27,"key":"SMITH"}],"circlet_count":0,"master_deck":["Guardian:Strike_Guardian","Guardian:Strike_Guardian","Guardian:Defend_Guardian","Guardian:Defend_Guardian","Guardian:Defend_Guardian","Guardian:Defend_Guardian","Guardian:CurlUp","Guardian:TwinSlam+1","Guardian:FastForward+1","Guardian:Suspension+1","Guardian:RollAttack","Guardian:FierceBash+1","Guardian:Orbwalk+1","Guardian:TemporalStrike+1","Guardian:Harden","Guardian:VentSteam","Guardian:PiercingHide+1","Guardian:FastForward+1","Guardian:BaubleBeam+1","Guardian:BronzeArmor+1","Clumsy","Writhe","Guardian:Incinerate+1","Guardian:Emergency","Guardian:PolyBeam+1"],"relics":["Guardian:ModeShifter","Molten Egg 2","The Courier","StrikeDummy","Cursed Key","Mercury Hourglass","Pen Nib","InkBottle","Orichalcum"],"acts_visited":["Exordium","TheCity"],"potions_floor_usage":[12],"damage_taken":[{"damage":5,"enemies":"Cultist","floor":2,"turns":5},{"damage":5,"enemies":"Small Slimes","floor":3,"turns":5},{"damage":0,"enemies":"downfall:FleeingMerchant","floor":5,"turns":4},{"damage":1,"enemies":"Jaw Worm","floor":8,"turns":4},{"damage":0,"enemies":"Exordium Wildlife","floor":9,"turns":2},{"damage":8,"enemies":"3 Sentries","floor":12,"turns":6},{"damage":0,"enemies":"Large Slime","floor":13,"turns":5},{"damage":0,"enemies":"Gremlin Nob","floor":14,"turns":2},{"damage":9,"enemies":"Blue Slaver","floor":15,"turns":3},{"damage":40,"enemies":"WA_ARCHETYPE_RETAIN","floor":16,"turns":8},{"damage":12,"enemies":"Shell Parasite","floor":19,"turns":2},{"damage":10,"enemies":"downfall:FleeingMerchant","floor":22,"turns":4},{"damage":3,"enemies":"Chosen","floor":23,"turns":4},{"damage":17,"enemies":"Snake Plant","floor":26,"turns":3},{"damage":23,"enemies":"Slavers","floor":29,"turns":5},{"damage":5,"enemies":"Chosen and Byrds","floor":30,"turns":4},{"damage":4,"enemies":"Cultist and Chosen","floor":32,"turns":4},{"damage":44,"enemies":"SI_MIRROR_ARCHETYPE","floor":33,"turns":8}],"seed_played":"1528825097245227608","potions_obtained":[{"floor":3,"key":"BlessingOfTheForge"},{"floor":8,"key":"Block Potion"},{"floor":12,"key":"Strength Potion"},{"floor":13,"key":"Guardian:StasisDiscoveryPotion"},{"floor":20,"key":"CultistPotion"}],"is_trial":false,"path_per_floor":["R","M","M","?","$","R","T","M","M","?","R","E","M","E","M","B",null,"R","M","?","?","$","M","T","R","M","R","?","E","M","?","M","B"],"character_chosen":"GUARDIAN","items_purchased":["Guardian:BaubleBeam+1","Guardian:Gem_Lightblue","Guardian:Gem_Lightblue"],"campfire_rested":0,"item_purchase_floors":[22,22,22],"current_hp_per_floor":[80,75,70,70,70,70,70,69,69,69,69,61,61,61,52,12,80,80,68,68,68,58,55,55,55,38,38,38,15,10,40,36,0,0,0],"gold":180,"neow_bonus":"ONE_RANDOM_RARE_CARD","is_daily":false,"chose_seed":false,"campfire_upgraded":6,"win_rate":0.0,"timestamp":1611680461,"path_taken":["R","M","M","?","$","R","T","M","M","?","R","E","M","E","M","BOSS","R","M","?","?","$","M","T","R","M","R","?","E","M","?","M","BOSS"],"items_purchased_type":["Card","Card","Card"],"build_version":"2020-12-22","purchased_purges":2,"victory":false,"max_hp_per_floor":[80,80,80,80,80,80,80,80,80,80,80,80,80,80,80,80,80,80,80,80,80,80,80,80,80,80,80,80,80,80,80,80,80,80,80],"relic_stats":{"counters":[18,78],"Pen Nib":[3],"Orichalcum":[12],"Cursed Key":1,"obtain_stats":[{"Guardian:ModeShifter":0,"Molten Egg 2":7,"The Courier":12,"Pen Nib":24,"Orichalcum":29,"StrikeDummy":14,"Cursed Key":17,"InkBottle":28,"Mercury Hourglass":21},{"Guardian:ModeShifter":0,"Molten Egg 2":3,"The Courier":6,"Pen Nib":13,"Orichalcum":15,"StrikeDummy":8,"Cursed Key":10,"InkBottle":14,"Mercury Hourglass":11},{"Guardian:ModeShifter":0,"Molten Egg 2":14,"The Courier":26,"Pen Nib":54,"Orichalcum":62,"StrikeDummy":33,"Cursed Key":44,"InkBottle":57,"Mercury Hourglass":46}],"InkBottle":[7],"Mercury Hourglass":[103]},"card_choices":[{"not_picked":["Guardian:TemporalStrike","Guardian:CrystalBeam"],"picked":"Guardian:Suspension","floor":2},{"not_picked":["Guardian:PrimingBeam","Guardian:SphericShield"],"picked":"Guardian:RollAttack","floor":3},{"not_picked":["Guardian:BronzeOrb","Guardian:Reroute"],"picked":"Guardian:Gem_Red","floor":5},{"not_picked":["Guardian:Reroute+1","Guardian:Suspension"],"picked":"Guardian:FierceBash+1","floor":8},{"not_picked":["Guardian:RollAttack+1","Guardian:Gem_Blue"],"picked":"Guardian:Gem_Yellow","floor":9},{"not_picked":["Guardian:Gem_Red","Guardian:WalkerClaw+1"],"picked":"Guardian:Orbwalk","floor":12},{"not_picked":["Guardian:WalkerClaw+1","Guardian:VentSteam"],"picked":"Guardian:TemporalStrike+1","floor":13},{"not_picked":["Guardian:Gem_Cyan","Guardian:VentSteam"],"picked":"Guardian:Harden","floor":14},{"not_picked":["Guardian:GuardianWhirl+1","Guardian:Suspension"],"picked":"Guardian:VentSteam","floor":15},{"not_picked":["Guardian:SphericShield","Guardian:StasisStrike+1"],"picked":"Guardian:Gem_Synthetic","floor":16},{"not_picked":["Guardian:WalkerClaw+1","Guardian:PrismaticBarrier"],"picked":"Guardian:PiercingHide","floor":19},{"not_picked":["Guardian:PiercingHide+1","Guardian:ShieldCharger"],"picked":"Guardian:FastForward","floor":22},{"not_picked":["Guardian:RollAttack+1","Guardian:CrystalBeam+1"],"picked":"Guardian:BronzeArmor+1","floor":23},{"not_picked":["Guardian:DonusPower","Guardian:Reroute+1"],"picked":"Guardian:Gem_Green","floor":26},{"not_picked":["Guardian:Gem_Lightblue","Guardian:ChargeCore+1"],"picked":"Guardian:Incinerate+1","floor":29},{"not_picked":["Guardian:Gem_Lightblue","Guardian:GuardianWhirl+1"],"picked":"Guardian:Emergency","floor":30},{"not_picked":["Guardian:Gem_Green","Guardian:Reroute+1"],"picked":"Guardian:PolyBeam+1","floor":32}],"player_experience":154925,"relics_obtained":[{"floor":7,"key":"Molten Egg 2"},{"floor":12,"key":"The Courier"},{"floor":14,"key":"StrikeDummy"},{"floor":24,"key":"Pen Nib"},{"floor":29,"key":"Orichalcum"}],"event_choices":[{"damage_healed":0,"gold_gain":0,"player_choice":"Stole Relic","damage_taken":0,"relics_obtained":["Mercury Hourglass"],"max_hp_gain":0,"max_hp_loss":0,"event_name":"Addict","floor":21,"gold_loss":0,"cards_obtained":["Pride"]}],"is_beta":false,"boss_relics":[{"not_picked":["Astrolabe","Tiny House"],"picked":"Cursed Key"}],"items_purged_floors":[5,22],"is_endless":false,"potions_floor_spawned":[3,8,12,13,14,15,19,26,29,30],"killed_by":"SI_MIRROR_ARCHETYPE","ascension_level":0}}