{"host":"anox4050deqdcqoh","time":1611659696,"event":{"mods":["BaseMod","Colored Map","Highlight Path","Minty Spire (QoL Compilation)","Quick Restart","Rare Cards Sparkle","everything is the same but u backflip on backflip"],"gold_per_floor":[119,138,13,23,42,42,72,72,72,72,88,88,121,134,134,236,236,277,293,156,156,156,186,199,199,199,214,214,226,226,241,241,337,337,350,360,379,429,449,449,449,449],"floor_reached":41,"language":"ENG","playtime":3910,"items_purged":["Fasting2","Swivel"],"score":427,"play_id":"13dc35dd-e376-4846-ac47-909cb0d2851e","local_time":"20210126061456","is_ascension_mode":false,"campfire_choices":[{"data":"Judgement","floor":6.0,"key":"SMITH"},{"data":"Evaluate","floor":8.0,"key":"SMITH"},{"floor":12.0,"key":"REST"},{"floor":15.0,"key":"REST"},{"data":"Adaptation","floor":25,"key":"SMITH"},{"floor":28,"key":"REST"},{"data":"TalkToTheHand","floor":30,"key":"SMITH"},{"floor":32,"key":"REST"},{"floor":40,"key":"REST"}],"circlet_count":0,"master_deck":["Eruption","Vigilance","WheelKick","EmptyFist","Judgement+1","Tantrum","ForeignInfluence","Pray","Adaptation+1","ClearTheMind","Evaluate+1","WreathOfFlame","Collect+1","Halt+1","Halt+1","Wish+1","ThirdEye+1","Evaluate+1","TalkToTheHand+1","Fasting2+1","Sanctity+1","TalkToTheHand","Blasphemy+1","Indignation+1","Crescendo+1"],"relics":["Pandora\u0027s Box","Ice Cream","Pear","Toxic Egg 2","Akabeko","SacredBark","Enchiridion","FossilizedHelix","Regal Pillow","VioletLotus","Pocketwatch"],"acts_visited":["Exordium","TheCity","TheBeyond"],"potions_floor_usage":[23,33,33,33,37,41],"damage_taken":[{"damage":0.0,"enemies":"Cultist","floor":1.0,"turns":1.0},{"damage":0.0,"enemies":"Small Slimes","floor":2.0,"turns":2.0},{"damage":0.0,"enemies":"2 Louse","floor":4.0,"turns":1.0},{"damage":4.0,"enemies":"Blue Slaver","floor":5.0,"turns":3.0},{"damage":28.0,"enemies":"Lagavulin","floor":7.0,"turns":6.0},{"damage":0.0,"enemies":"3 Louse","floor":11.0,"turns":2.0},{"damage":19.0,"enemies":"3 Sentries","floor":13.0,"turns":5.0},{"damage":0.0,"enemies":"Exordium Thugs","floor":14.0,"turns":2.0},{"damage":56.0,"enemies":"Hexaghost","floor":16.0,"turns":9.0},{"damage":14.0,"enemies":"2 Thieves","floor":18.0,"turns":5.0},{"damage":0.0,"enemies":"Spheric Guardian","floor":19.0,"turns":3.0},{"damage":20,"enemies":"Book of Stabbing","floor":23,"turns":8},{"damage":7,"enemies":"Centurion and Healer","floor":24,"turns":3},{"damage":23,"enemies":"Chosen and Byrds","floor":27,"turns":8},{"damage":1,"enemies":"Shelled Parasite and Fungi","floor":29,"turns":5},{"damage":8,"enemies":"Centurion and Healer","floor":31,"turns":5},{"damage":44,"enemies":"Champ","floor":33,"turns":14},{"damage":30,"enemies":"3 Darklings","floor":35,"turns":5},{"damage":3,"enemies":"Orb Walker","floor":36,"turns":4},{"damage":13,"enemies":"Transient","floor":37,"turns":5},{"damage":0,"enemies":"Mind Bloom Boss Battle","floor":38,"turns":6},{"damage":17,"enemies":"Writhing Mass","floor":39,"turns":4},{"damage":92,"enemies":"Nemesis","floor":41,"turns":13}],"seed_played":"782587188207321731","potions_obtained":[{"floor":2.0,"key":"SteroidPotion"},{"floor":4.0,"key":"ColorlessPotion"},{"floor":5.0,"key":"FearPotion"},{"floor":24,"key":"ColorlessPotion"},{"floor":33,"key":"Dexterity Potion"},{"floor":37,"key":"Regen Potion"},{"floor":39,"key":"SpeedPotion"}],"is_trial":false,"path_per_floor":["M","M","$","M","M","R","E","R","T","?","M","R","E","M","R","B",null,"M","M","$","?","?","E","M","R","T","M","R","M","R","M","R","B",null,"M","M","M","?","M","R","E"],"character_chosen":"WATCHER","items_purchased":["ClearTheMind","TalkToTheHand"],"campfire_rested":5,"item_purchase_floors":[3,20],"current_hp_per_floor":[72,72,72,72,68,68,40,40,50,43,43,67,48,48,72,16,82,68,68,68,52,79,59,52,52,52,29,68,67,67,59,82,38,82,52,49,36,36,19,58,0,0],"gold":449,"neow_bonus":"BOSS_RELIC","is_daily":false,"chose_seed":false,"campfire_upgraded":4,"win_rate":0.0,"timestamp":1611659696,"path_taken":["M","M","$","M","?","R","E","R","T","?","M","R","E","M","R","BOSS","M","M","$","?","?","E","M","R","T","M","R","M","R","M","R","BOSS","M","M","M","?","M","R","E"],"items_purchased_type":["Card","Card"],"build_version":"2020-12-22","purchased_purges":2,"victory":false,"max_hp_per_floor":[72,72,72,72,72,72,72,72,82,82,82,82,82,82,82,82,82,82,82,82,82,82,82,82,82,82,82,82,82,82,82,82,82,82,82,82,82,82,82,82,82,82],"card_choices":[{"not_picked":["CutThroughFate","Evaluate"],"picked":"Adaptation","floor":1.0},{"not_picked":["Conclude","Collect","PathToVictory"],"picked":"SKIP","floor":2.0},{"not_picked":["ClearTheMind","JustLucky"],"picked":"Evaluate","floor":4.0},{"not_picked":["SignatureMove","Scrawl","InnerPeace"],"picked":"SKIP","floor":5.0},{"not_picked":["SashWhip","Protect"],"picked":"WreathOfFlame","floor":7.0},{"not_picked":["CarveReality","CutThroughFate"],"picked":"Collect+1","floor":11.0},{"not_picked":["FlurryOfBlows","Judgement+1"],"picked":"Halt+1","floor":13.0},{"not_picked":["CrushJoints","Perseverance+1"],"picked":"Halt+1","floor":14.0},{"not_picked":["DeusExMachina+1","MasterReality"],"picked":"Wish+1","floor":16.0},{"not_picked":["EmptyFist","BattleHymn"],"picked":"ThirdEye+1","floor":18.0},{"not_picked":["FlyingSleeves","Halt+1"],"picked":"Evaluate+1","floor":19.0},{"not_picked":["CrushJoints+1","JustLucky"],"picked":"Fasting2+1","floor":23},{"not_picked":["JustLucky","ClearTheMind+1"],"picked":"Sanctity+1","floor":24},{"not_picked":["SashWhip","Crescendo+1"],"picked":"TalkToTheHand","floor":27},{"not_picked":["Adaptation","FollowUp","Meditate+1"],"picked":"SKIP","floor":29},{"not_picked":["Conclude","Worship+1","CutThroughFate"],"picked":"SKIP","floor":31},{"not_picked":["LessonLearned","Scrawl+1"],"picked":"Blasphemy+1","floor":33},{"not_picked":["EmptyFist","Sanctity+1","Halt+1"],"picked":"SKIP","floor":35},{"not_picked":["BowlingBash","Collect+1"],"picked":"Indignation+1","floor":36},{"not_picked":["DeceiveReality+1","TalkToTheHand"],"picked":"Crescendo+1","floor":37},{"not_picked":["FlyingSleeves+1","FollowUp","JustLucky"],"picked":"SKIP","floor":39}],"player_experience":398610,"relics_obtained":[{"floor":7.0,"key":"Ice Cream"},{"floor":9.0,"key":"Pear"},{"floor":13.0,"key":"Akabeko"},{"floor":21.0,"key":"Enchiridion"},{"floor":23,"key":"FossilizedHelix"},{"floor":26,"key":"Regal Pillow"},{"floor":38,"key":"Pocketwatch"}],"event_choices":[{"damage_healed":0.0,"max_hp_gain":0.0,"max_hp_loss":0.0,"gold_gain":0.0,"event_name":"Scrap Ooze","player_choice":"Success","floor":10.0,"gold_loss":0.0,"damage_taken":7.0,"relics_obtained":["Toxic Egg 2"]},{"damage_healed":0.0,"max_hp_gain":0.0,"max_hp_loss":0.0,"gold_gain":0.0,"event_name":"Cursed Tome","player_choice":"Obtained Book","floor":21.0,"gold_loss":0.0,"damage_taken":16.0},{"damage_healed":27.0,"max_hp_gain":0.0,"max_hp_loss":0.0,"gold_gain":0.0,"event_name":"The Library","player_choice":"Heal","floor":22.0,"gold_loss":0.0,"damage_taken":0.0},{"damage_healed":0,"gold_gain":0,"player_choice":"Fight","damage_taken":0,"max_hp_gain":0,"max_hp_loss":0,"event_name":"MindBloom","floor":38,"gold_loss":0}],"is_beta":false,"boss_relics":[{"not_picked":["Busted Crown","Fusion Hammer"],"picked":"SacredBark"},{"not_picked":["Calling Bell","Philosopher\u0027s Stone"],"picked":"VioletLotus"}],"items_purged_floors":[3,20],"is_endless":false,"potions_floor_spawned":[2,4,5,14,16,24,27,33,37,39],"killed_by":"Nemesis","ascension_level":0}}