{"host":"zxkjcgzis4pm3za5","time":1611638655,"event":{"mods":["AchievementEnabler","Act Like it!","BaseMod","Colored Map","Colored Powertips","Friendly Minions","GifTheSpireLib","Minty Spire (QoL Compilation)","Quick Restart","RNG Fix","Random Character Button","Relic Filter Mod","Relic Sorter","Relic Stats","StSLib"],"gold_per_floor":[119,138,88,101,115,150,166,166,216,250,27,84,9,33,33,110,110,129,79,91,71,21,21,46,46,46,58,73,73,73],"floor_reached":29,"language":"ENG","playtime":991,"items_purged":["Strike_R","Strike_R","Strike_R","Strike_R"],"score":481,"play_id":"9d128750-3111-4741-b69a-b65e4b39d421","local_time":"20210126105415","is_ascension_mode":true,"campfire_choices":[{"data":"Whirlwind","floor":8.0,"key":"SMITH"},{"floor":15,"key":"REST"},{"data":"Offering","floor":23,"key":"SMITH"},{"data":"Bloodletting","floor":25,"key":"SMITH"}],"circlet_count":0,"master_deck":["AscendersBane","Defend_R","Defend_R","Defend_R","Defend_R","Bash","Whirlwind+1","Metallicize","Warcry","Bloodletting+1","Shrug It Off","Burning Pact","Sword Boomerang","Offering+1","Havoc+1","Warcry","Thunderclap","Burning Pact","Offering"],"relics":["Burning Blood","Smiling Mask","Blood Vial","PreservedInsect","Nunchaku","Brimstone","Potion Belt","Odd Mushroom","Mark of Pain","Tiny Chest"],"acts_visited":["Exordium","TheCity"],"potions_floor_usage":[24,27,28],"damage_taken":[{"damage":2.0,"enemies":"Cultist","floor":1.0,"turns":4.0},{"damage":1.0,"enemies":"2 Louse","floor":2.0,"turns":2.0},{"damage":1.0,"enemies":"Small Slimes","floor":4.0,"turns":3.0},{"damage":0.0,"enemies":"3 Louse","floor":5.0,"turns":1.0},{"damage":28.0,"enemies":"Lagavulin","floor":6.0,"turns":8.0},{"damage":18.0,"enemies":"Blue Slaver","floor":7.0,"turns":5.0},{"damage":26,"enemies":"Gremlin Nob","floor":10,"turns":4},{"damage":5,"enemies":"Gremlin Nob","floor":12,"turns":3},{"damage":0,"enemies":"The Mushroom Lair","floor":14,"turns":2},{"damage":28,"enemies":"The Guardian","floor":16,"turns":7},{"damage":15,"enemies":"Shell Parasite","floor":18,"turns":3},{"damage":17,"enemies":"3 Byrds","floor":20,"turns":4},{"damage":12,"enemies":"Book of Stabbing","floor":24,"turns":2},{"damage":31,"enemies":"Snake Plant","floor":27,"turns":3},{"damage":25,"enemies":"Centurion and Healer","floor":28,"turns":3},{"damage":27,"enemies":"Cultist and Chosen","floor":29,"turns":3}],"seed_played":"-5537994897151642016","potions_obtained":[{"floor":1.0,"key":"LiquidBronze"},{"floor":2.0,"key":"Fire Potion"},{"floor":4.0,"key":"AttackPotion"},{"floor":6.0,"key":"Energy Potion"},{"floor":14,"key":"EssenceOfSteel"},{"floor":16,"key":"Strength Potion"},{"floor":21,"key":"LiquidBronze"},{"floor":24,"key":"Regen Potion"},{"floor":27,"key":"LiquidBronze"},{"floor":28,"key":"ElixirPotion"}],"is_trial":false,"path_per_floor":["M","M","$","M","M","E","M","R","T","E","$","?","?","?","R","B",null,"M","$","M","?","$","R","E","R","T","M","M","M"],"character_chosen":"IRONCLAD","items_purchased":["Brimstone"],"campfire_rested":1,"item_purchase_floors":[11],"current_hp_per_floor":[72,75,75,75,75,53,43,43,43,25,25,28,28,36,58,38,66,59,59,50,50,50,50,46,46,46,23,15,0,0],"gold":73,"neow_bonus":"RANDOM_COMMON_RELIC","is_daily":false,"chose_seed":false,"campfire_upgraded":3,"win_rate":0.0,"timestamp":1611638655,"path_taken":["M","?","$","?","M","E","M","R","T","E","$","?","?","?","R","BOSS","M","$","M","?","$","R","E","R","T","M","M","M"],"items_purchased_type":["Relic"],"build_version":"2020-12-22","purchased_purges":4,"victory":false,"max_hp_per_floor":[75,75,75,75,75,75,75,75,75,75,75,75,75,75,75,75,75,75,75,75,75,75,75,75,75,75,75,75,75,75],"relic_stats":{"Blood Vial":22,"Nunchaku":[4],"counters":[16,57],"Tiny Chest":0,"PreservedInsect":88,"Smiling Mask":250,"obtain_stats":[{"Blood Vial":6,"Potion Belt":12,"Nunchaku":10,"Brimstone":11,"Tiny Chest":24,"PreservedInsect":9,"Mark of Pain":17,"Odd Mushroom":14,"Smiling Mask":0,"Burning Blood":0},{"Blood Vial":5,"Potion Belt":8,"Nunchaku":7,"Brimstone":7,"Tiny Chest":13,"PreservedInsect":6,"Mark of Pain":10,"Odd Mushroom":9,"Smiling Mask":0,"Burning Blood":0},{"Blood Vial":18,"Potion Belt":30,"Nunchaku":27,"Brimstone":27,"Tiny Chest":48,"PreservedInsect":23,"Mark of Pain":39,"Odd Mushroom":32,"Smiling Mask":0,"Burning Blood":0}],"Burning Blood":77},"card_choices":[{"not_picked":["Thunderclap","Reckless Charge"],"picked":"Whirlwind","floor":1.0},{"not_picked":["Clash","Sword Boomerang","Sentinel"],"picked":"SKIP","floor":2.0},{"not_picked":["Sword Boomerang","Armaments"],"picked":"Metallicize","floor":4.0},{"not_picked":["Body Slam","Havoc"],"picked":"Warcry","floor":5.0},{"not_picked":["True Grit","Reckless Charge","Evolve"],"picked":"SKIP","floor":6.0},{"not_picked":["Clash","Warcry"],"picked":"Bloodletting","floor":7.0},{"not_picked":["Evolve","Intimidate"],"picked":"Shrug It Off","floor":10},{"not_picked":["Shrug It Off","Perfected Strike"],"picked":"Burning Pact","floor":12},{"not_picked":["Intimidate","Clash"],"picked":"Sword Boomerang","floor":14},{"not_picked":["Fiend Fire","Reaper"],"picked":"Offering","floor":16},{"not_picked":["Rampage+1","Intimidate"],"picked":"Havoc+1","floor":18},{"not_picked":["Dropkick","Clash"],"picked":"Warcry","floor":20},{"not_picked":["Flex","Cleave"],"picked":"Thunderclap","floor":24},{"not_picked":["Rupture","Sword Boomerang"],"picked":"Burning Pact","floor":27},{"not_picked":["Spot Weakness","Warcry"],"picked":"Offering","floor":28}],"player_experience":277108,"relics_obtained":[{"floor":6.0,"key":"Blood Vial"},{"floor":9.0,"key":"PreservedInsect"},{"floor":10,"key":"Nunchaku"},{"floor":12,"key":"Potion Belt"},{"floor":14,"key":"Odd Mushroom"},{"floor":24,"key":"Tiny Chest"}],"event_choices":[{"damage_healed":0,"gold_gain":0,"player_choice":"Searched \u00271\u0027 times","damage_taken":0,"max_hp_gain":0,"max_hp_loss":0,"event_name":"Dead Adventurer","floor":12,"gold_loss":0},{"cards_removed":["Strike_R"],"damage_healed":0,"gold_gain":0,"player_choice":"Card Removal","damage_taken":0,"max_hp_gain":0,"max_hp_loss":0,"event_name":"The Cleric","floor":13,"gold_loss":75},{"damage_healed":0,"gold_gain":0,"player_choice":"Fought Mushrooms","damage_taken":0,"max_hp_gain":0,"max_hp_loss":0,"event_name":"Mushrooms","floor":14,"gold_loss":0},{"damage_healed":0,"gold_gain":0,"player_choice":"Bought 1 Potion","damage_taken":0,"max_hp_gain":0,"max_hp_loss":0,"event_name":"The Woman in Blue","floor":21,"gold_loss":0}],"is_beta":false,"boss_relics":[{"not_picked":["Pandora\u0027s Box","SacredBark"],"picked":"Mark of Pain"}],"items_purged_floors":[3,11,19,22],"is_endless":false,"potions_floor_spawned":[1,2,4,6,14,16,24,27,28],"killed_by":"Cultist and Chosen","ascension_level":18}}