{"host":"ow66nzv2xecjoor3","time":1611633344,"event":{"mods":["BaseMod","Bestiary","Block Reminder","Colored Powertips","Curses Come First","Highlight Path","Keyboard Shortcuts","Minty Spire (QoL Compilation)","Permanent Neow","Relic Stats","Reliquary","Spire Arcade","StSLib","UnlockEverythingMod"],"gold_per_floor":[219,64,64,64,82,113,131,131,131,131,145,179,179,192,192,263,263,281,297,297,297,297,324,16,27,27,27,27],"floor_reached":27,"language":"ENG","playtime":974,"items_purged":["Strike_B"],"score":482,"play_id":"33d39927-bc50-443e-af86-3243f6471358","local_time":"20210125215544","is_ascension_mode":true,"campfire_choices":[{"data":"Chaos","floor":8,"key":"SMITH"},{"floor":10,"key":"REST"},{"data":"Rainbow","floor":15,"key":"SMITH"}],"circlet_count":0,"master_deck":["AscendersBane","Strike_B","Strike_B","Strike_B","Defend_B","Defend_B","Defend_B","Defend_B","Zap","Dualcast","Cold Snap","Core Surge","Chaos+1","Steam Power","Ball Lightning","BootSequence","Rainbow+1","Multi-Cast","Reinforced Body","Steam+1","Defragment"],"relics":["Cracked Core","MealTicket","Gremlin Horn","reliquary:RoseTintedGlasses","CaptainsWheel","Runic Pyramid","HornCleat","OrangePellets","reliquary:BoilingFlask"],"acts_visited":["Exordium","TheCity"],"potions_floor_usage":[16,23,23],"damage_taken":[{"damage":12,"enemies":"Jaw Worm","floor":1,"turns":2},{"damage":0,"enemies":"2 Louse","floor":5,"turns":3},{"damage":25,"enemies":"Lagavulin","floor":6,"turns":7},{"damage":8,"enemies":"Small Slimes","floor":7,"turns":4},{"damage":0,"enemies":"3 Louse","floor":11,"turns":2},{"damage":9,"enemies":"Gremlin Nob","floor":12,"turns":3},{"damage":0,"enemies":"Looter","floor":14,"turns":2},{"damage":43,"enemies":"The Guardian","floor":16,"turns":12},{"damage":0,"enemies":"Chosen","floor":18,"turns":4},{"damage":13,"enemies":"Shell Parasite","floor":19,"turns":3},{"damage":39,"enemies":"Slavers","floor":23,"turns":7},{"damage":0,"enemies":"Cultist and Chosen","floor":25,"turns":5},{"damage":24,"enemies":"Gremlin Leader","floor":27,"turns":3}],"seed_played":"-8718731702874320797","potions_obtained":[{"floor":1,"key":"Explosive Potion"},{"floor":12,"key":"FearPotion"},{"floor":14,"key":"FairyPotion"},{"floor":18,"key":"SneckoOil"},{"floor":19,"key":"Fire Potion"}],"is_trial":false,"path_per_floor":["M","$","?","?","M","E","M","R","T","R","M","E","?","M","R","B",null,"M","M","?","?","?","E","$","M","T","E"],"character_chosen":"DEFECT","items_purchased":["Core Surge","OrangePellets","Defragment","FocusPotion"],"campfire_rested":1,"item_purchase_floors":[2,24,24,24],"current_hp_per_floor":[52,52,52,57,57,32,24,24,24,46,46,37,26,26,26,8,59,59,46,46,46,46,7,22,22,22,0,0],"gold":27,"neow_bonus":"HUNDRED_GOLD","is_daily":false,"chose_seed":false,"campfire_upgraded":2,"win_rate":0.0,"timestamp":1611633344,"path_taken":["M","$","?","?","M","E","M","R","T","R","M","E","?","M","R","BOSS","M","M","?","?","?","E","$","M","T","E"],"items_purchased_type":["Card","Relic","Card","Potion"],"build_version":"2020-12-22","purchased_purges":1,"victory":false,"max_hp_per_floor":[71,71,71,76,76,76,76,76,76,76,76,76,76,76,76,76,76,76,76,76,76,76,76,76,76,76,76,76],"relic_stats":{"OrangePellets":[0],"Gremlin Horn":[6,6],"counters":[13,57],"MealTicket":15,"obtain_stats":[{"OrangePellets":24,"CaptainsWheel":13,"HornCleat":23,"Gremlin Horn":9,"reliquary:BoilingFlask":26,"MealTicket":6,"reliquary:RoseTintedGlasses":12,"Cracked Core":0,"Runic Pyramid":17},{"OrangePellets":11,"CaptainsWheel":6,"HornCleat":11,"Gremlin Horn":4,"reliquary:BoilingFlask":12,"MealTicket":3,"reliquary:RoseTintedGlasses":6,"Cracked Core":0,"Runic Pyramid":8},{"OrangePellets":49,"CaptainsWheel":21,"HornCleat":49,"Gremlin Horn":16,"reliquary:BoilingFlask":54,"MealTicket":12,"reliquary:RoseTintedGlasses":21,"Cracked Core":0,"Runic Pyramid":35}]},"card_choices":[{"not_picked":["Rip and Tear","Hello World"],"picked":"Cold Snap","floor":1},{"not_picked":["Turbo","Force Field"],"picked":"Chaos","floor":5},{"not_picked":["Beam Cell","Conserve Battery"],"picked":"Steam Power","floor":6},{"not_picked":["Gash","Coolheaded"],"picked":"Ball Lightning","floor":7},{"not_picked":["Hologram","Gash"],"picked":"BootSequence","floor":11},{"not_picked":["Rip and Tear","Melter","Leap"],"picked":"SKIP","floor":12},{"not_picked":["Stack","Gash"],"picked":"Rainbow","floor":14},{"not_picked":["Electrodynamics","Hyperbeam"],"picked":"Multi-Cast","floor":16},{"not_picked":["Leap","Redo","Coolheaded"],"picked":"SKIP","floor":18},{"not_picked":["Coolheaded","Stack","Static Discharge"],"picked":"SKIP","floor":19},{"not_picked":["Coolheaded","Self Repair"],"picked":"Steam+1","floor":23},{"not_picked":["BootSequence","Cold Snap","Doom and Gloom"],"picked":"SKIP","floor":25}],"player_experience":2731453,"relics_obtained":[{"floor":6,"key":"MealTicket"},{"floor":9,"key":"Gremlin Horn"},{"floor":12,"key":"reliquary:RoseTintedGlasses"},{"floor":23,"key":"HornCleat"},{"floor":26,"key":"reliquary:BoilingFlask"}],"event_choices":[{"damage_healed":0,"gold_gain":0,"player_choice":"Leave","damage_taken":0,"max_hp_gain":0,"max_hp_loss":0,"event_name":"The Cleric","floor":3,"gold_loss":0},{"damage_healed":0,"gold_gain":0,"player_choice":"Donut","damage_taken":0,"max_hp_gain":5,"max_hp_loss":0,"event_name":"Big Fish","floor":4,"gold_loss":0},{"damage_healed":0,"gold_gain":0,"player_choice":"Success","damage_taken":11,"relics_obtained":["CaptainsWheel"],"max_hp_gain":0,"max_hp_loss":0,"event_name":"Scrap Ooze","floor":13,"gold_loss":0},{"damage_healed":0,"gold_gain":0,"player_choice":"Ignored","damage_taken":0,"max_hp_gain":0,"max_hp_loss":0,"event_name":"The Mausoleum","floor":20,"gold_loss":0},{"damage_healed":0,"gold_gain":0,"player_choice":"Ignored","damage_taken":0,"max_hp_gain":0,"max_hp_loss":0,"event_name":"Vampires","floor":21,"gold_loss":0},{"damage_healed":0,"gold_gain":0,"player_choice":"Read","damage_taken":0,"max_hp_gain":0,"max_hp_loss":0,"event_name":"The Library","floor":22,"gold_loss":0,"cards_obtained":["Reinforced Body"]}],"is_beta":false,"boss_relics":[{"not_picked":["Empty Cage","reliquary:RedCape"],"picked":"Runic Pyramid"}],"items_purged_floors":[2],"is_endless":false,"potions_floor_spawned":[1,12,14,18,19],"killed_by":"Gremlin Leader","ascension_level":20}}