{"host":"«Â«˛","time":1611676754,"event":{"mods":["BaseMod","Colored Powertips","Marisa£®ÏF”Í°°ƒß¿Ì…≥£©","Minty Spire (QoL Compilation)","Quick Restart","StSLib"],"gold_per_floor":[109,184,108,17,17,17,17,17,17,17,17,17,44,4,4,103,103,123,123,123,123,135,135,135,135,206,216,216,216,216,182,182,280,280,296,152,166,166,14,14,27,27,75,94,94,104,104,104,104,104],"floor_reached":51,"language":"ZHS","playtime":1880,"items_purged":[],"score":833,"play_id":"0277a8e1-7199-4905-83a3-b2fae2eea033","local_time":"20210126235914","daily_mods":["SealedDeck","Specialized","Heirloom","Time Dilation","Flight"],"is_ascension_mode":false,"campfire_choices":[{"floor":6,"key":"DIG"},{"floor":7,"key":"DIG"},{"floor":10,"key":"DIG"},{"floor":11,"key":"DIG"},{"floor":12,"key":"DIG"},{"data":"Orbital","floor":15,"key":"SMITH"},{"data":"FinalSpark","floor":23,"key":"SMITH"},{"data":"FinalSpark","floor":24,"key":"SMITH"},{"data":"FinalSpark","floor":25,"key":"SMITH"},{"data":"FinalSpark","floor":28,"key":"SMITH"},{"floor":30,"key":"DIG"},{"data":"Acceleration","floor":32,"key":"SMITH"},{"data":"Acceleration","floor":40,"key":"SMITH"},{"data":"MilkyWay","floor":42,"key":"SMITH"},{"floor":45,"key":"DIG"},{"data":"OrrerysSun","floor":47,"key":"SMITH"},{"floor":49,"key":"DIG"}],"circlet_count":0,"master_deck":["FinalSpark+1","FinalSpark+1","FinalSpark+1","FinalSpark+1","FinalSpark+1","Acceleration+1","PulseMagic","Acceleration+1","GasGiant","WitchLeyline+1","StarlightTyphoon","StarlightTyphoon","MilkyWay+1","MilkyWay","DoubleSpark","Orbital+1","GasGiant","DoubleSpark","OrrerysSun+1","SuperPerseids","CasketOfStar+1","SuperPerseids","SuperPerseids","StarDustReverie","DoubleSpark+1","GasGiant","StarlightTyphoon"],"relics":["MiniHakkero","Shovel","Bag of Preparation","Pocketwatch","Whetstone","Kunai","Lantern","Nunchaku","Frozen Egg 2","Singing Bowl","Bottled Flame","Ancient Tea Set","ExperimentalFamiliar","ClockworkSouvenir","Eternal Feather","HandDrill","Akabeko","Shuriken","Bag of Marbles"],"acts_visited":["Exordium","TheCity","TheBeyond"],"potions_floor_usage":[],"damage_taken":[{"damage":0,"enemies":"Small Slimes","floor":1,"turns":3},{"damage":0,"enemies":"Lagavulin","floor":13,"turns":1},{"damage":9,"enemies":"The Guardian","floor":16,"turns":3},{"damage":0,"enemies":"Shell Parasite","floor":18,"turns":2},{"damage":10,"enemies":"2 Thieves","floor":22,"turns":3},{"damage":0,"enemies":"Snake Plant","floor":27,"turns":1},{"damage":0,"enemies":"Champ","floor":33,"turns":1},{"damage":0,"enemies":"Orb Walker","floor":35,"turns":1},{"damage":0,"enemies":"3 Darklings","floor":37,"turns":1},{"damage":0,"enemies":"Spire Growth","floor":41,"turns":1},{"damage":6,"enemies":"4 Shapes","floor":44,"turns":1},{"damage":0,"enemies":"Sphere and 2 Shapes","floor":46,"turns":1},{"damage":0,"enemies":"Donu and Deca","floor":50,"turns":1}],"seed_played":"-9106286437186049125","potions_obtained":[{"floor":13,"key":"PowerPotion"},{"floor":16,"key":"SpeedPotion"},{"floor":18,"key":"SmokeBomb"},{"floor":35,"key":"PowerPotion"}],"is_trial":true,"path_per_floor":["M","?","$","$","?","R","R","?","T","R","R","R","E","$","R","B",null,"M","$","?","?","M","R","R","R","T","M","R","?","R","$","R","B",null,"M","$","M","T","$","R","M","R","T","M","R","M","R","$","R","B",null],"character_chosen":"MARISA","items_purchased":["GasGiant","DoubleSpark","OrrerysSun","SuperPerseids","SuperPerseids","ClockworkSouvenir","HandDrill"],"campfire_rested":0,"item_purchase_floors":[3,4,4,14,31,36,39],"current_hp_per_floor":[75,64,64,64,57,57,57,62,62,62,62,62,64,64,64,55,82,84,84,84,84,76,76,76,76,76,78,78,78,78,78,78,78,88,88,88,90,90,90,90,90,90,90,86,92,92,92,92,92,92],"gold":104,"neow_bonus":"","is_daily":false,"chose_seed":false,"campfire_upgraded":9,"win_rate":0.0,"timestamp":1611676754,"path_taken":["M","?","$","$","?","R","R","?","T","R","R","R","E","$","R","BOSS","M","$","?","?","M","R","R","R","T","M","R","?","R","$","R","BOSS","M","$","?","?","$","R","M","R","T","M","R","M","R","?","R","BOSS"],"items_purchased_type":["Card","Card","Card","Card","Card","Relic","Relic"],"build_version":"2020-12-18","purchased_purges":0,"victory":true,"max_hp_per_floor":[75,75,75,75,75,75,75,80,80,80,80,80,82,82,82,82,82,84,84,84,84,86,86,86,86,86,88,88,88,88,88,88,88,88,88,88,90,90,90,90,90,90,90,92,92,92,92,92,92,92],"card_choices":[{"not_picked":["GravityBeat","MysteriousBeam"],"picked":"Orbital","floor":1},{"not_picked":["DC","ManaConvection","NonDirectionalLaser"],"picked":"Singing Bowl","floor":13},{"not_picked":["BlazingStar","UltimateShortwave"],"picked":"CasketOfStar+1","floor":16},{"not_picked":["OneTimeOff","GalacticHalo+1","StarBarrage+1"],"picked":"Singing Bowl","floor":18},{"not_picked":["ShootingEcho","PropBag","OneTimeOff"],"picked":"Singing Bowl","floor":22},{"not_picked":["EnergyRecoil","SporeBomb","OortCloud+1"],"picked":"Singing Bowl","floor":27},{"not_picked":["AbsoluteMagnitude","EscapeVelocity+1"],"picked":"StarDustReverie","floor":33},{"not_picked":["GalacticHalo","6A"],"picked":"DoubleSpark+1","floor":35},{"not_picked":["PowerUp","SporeBomb+1","Occultation"],"picked":"Singing Bowl","floor":37},{"not_picked":["DoubleSpark","MilkyWay"],"picked":"GasGiant","floor":41},{"not_picked":["GrandCross+1","6A+1","EnergyFlow+1"],"picked":"Singing Bowl","floor":44},{"not_picked":["ManaConvection","GrandCross+1"],"picked":"StarlightTyphoon","floor":46}],"player_experience":257677,"relics_obtained":[{"floor":6,"key":"Pocketwatch"},{"floor":7,"key":"Whetstone"},{"floor":9,"key":"Kunai"},{"floor":10,"key":"Lantern"},{"floor":11,"key":"Nunchaku"},{"floor":12,"key":"Frozen Egg 2"},{"floor":13,"key":"Singing Bowl"},{"floor":26,"key":"Bottled Flame"},{"floor":30,"key":"Ancient Tea Set"},{"floor":38,"key":"Eternal Feather"},{"floor":43,"key":"Akabeko"},{"floor":45,"key":"Shuriken"},{"floor":49,"key":"Bag of Marbles"}],"event_choices":[{"damage_healed":0,"gold_gain":75,"player_choice":"Gather Gold","damage_taken":11,"max_hp_gain":0,"max_hp_loss":0,"event_name":"World of Goop","floor":2,"gold_loss":0},{"damage_healed":0,"gold_gain":0,"player_choice":"Success","damage_taken":7,"relics_obtained":["Bag of Preparation"],"max_hp_gain":0,"max_hp_loss":0,"event_name":"Scrap Ooze","floor":5,"gold_loss":0},{"damage_healed":0,"gold_gain":0,"player_choice":"Donut","damage_taken":0,"max_hp_gain":5,"max_hp_loss":0,"event_name":"Big Fish","floor":8,"gold_loss":0},{"damage_healed":0,"gold_gain":0,"player_choice":"Read","damage_taken":0,"max_hp_gain":0,"max_hp_loss":0,"event_name":"The Library","floor":20,"gold_loss":0,"cards_obtained":["SuperPerseids"]},{"damage_healed":0,"gold_gain":0,"player_choice":"Ignored","damage_taken":0,"max_hp_gain":0,"max_hp_loss":0,"event_name":"Beggar","floor":21,"gold_loss":0},{"damage_healed":0,"gold_gain":0,"player_choice":"Ignored","damage_taken":0,"max_hp_gain":0,"max_hp_loss":0,"event_name":"N\u0027loth","floor":29,"gold_loss":0}],"is_beta":true,"boss_relics":[{"not_picked":["Empty Cage","Sozu","Ectoplasm"]},{"not_picked":["Astrolabe","Coffee Dripper"],"picked":"ExperimentalFamiliar"}],"items_purged_floors":[],"is_endless":false,"potions_floor_spawned":[13,16,18,22,35,37,44],"ascension_level":0}}