{"host":"q3s8ewiy6v9taln3","time":1611675051,"event":{"mods":["BaseMod","Minty Spire (QoL Compilation)"],"gold_per_floor":[209,209,224,239,45,71,87,87,142,142,156,156,172,190,190,289,289,278,46,62,82,82,82,0,0,0,0,31,46,46,46,46,46,46],"floor_reached":33,"language":"ENG","playtime":1225,"items_purged":["Strike_R"],"score":345,"play_id":"4d047ff2-fc17-4b26-a632-db8f9dbf28a3","local_time":"20210126103051","is_ascension_mode":true,"campfire_choices":[{"data":"Apotheosis","floor":8,"key":"SMITH"},{"data":"Shrug It Off","floor":12,"key":"SMITH"},{"data":"Pommel Strike","floor":15,"key":"SMITH"},{"data":"Body Slam","floor":23,"key":"SMITH"},{"data":"Brutality","floor":27,"key":"SMITH"},{"data":"Bash","floor":30,"key":"SMITH"},{"floor":32,"key":"RECALL"}],"circlet_count":0,"master_deck":["Defend_R","Defend_R","Defend_R","Defend_R","Bash+1","Pommel Strike+1","Apotheosis+1","Body Slam+1","Shrug It Off+1","Brutality+1","CurseOfTheBell","Body Slam+1","Pommel Strike+1","Shame","Bite","Bite","Bite","Bite","Bite"],"relics":["Burning Blood","Pear","Orichalcum","Calling Bell","Boot","InkBottle","FossilizedHelix","Sling","Blood Vial","Toy Ornithopter","Self Forming Clay"],"acts_visited":["Exordium","TheCity"],"potions_floor_usage":[16,21,28,28,28],"damage_taken":[{"damage":2,"enemies":"Jaw Worm","floor":1,"turns":3},{"damage":6,"enemies":"Cultist","floor":3,"turns":3},{"damage":4,"enemies":"Small Slimes","floor":4,"turns":4},{"damage":38,"enemies":"3 Sentries","floor":6,"turns":10},{"damage":13,"enemies":"Exordium Wildlife","floor":7,"turns":6},{"damage":9,"enemies":"2 Fungi Beasts","floor":11,"turns":4},{"damage":4,"enemies":"Large Slime","floor":13,"turns":5},{"damage":6,"enemies":"Looter","floor":14,"turns":3},{"damage":13,"enemies":"The Guardian","floor":16,"turns":10},{"damage":27,"enemies":"2 Thieves","floor":18,"turns":4},{"damage":2,"enemies":"Chosen","floor":20,"turns":5},{"damage":40,"enemies":"Snake Plant","floor":21,"turns":7},{"damage":65,"enemies":"Gremlin Leader","floor":28,"turns":12},{"damage":23,"enemies":"Centurion and Healer","floor":29,"turns":8},{"damage":101,"enemies":"Automaton","floor":33,"turns":6}],"seed_played":"8396656341505667294","potions_obtained":[{"floor":6,"key":"PowerPotion"},{"floor":11,"key":"BlessingOfTheForge"},{"floor":16,"key":"Swift Potion"},{"floor":18,"key":"Swift Potion"},{"floor":21,"key":"FearPotion"}],"is_trial":false,"path_per_floor":["M","?","M","M","$","E","M","R","T","?","M","R","M","M","R","B",null,"M","$","M","M","?","R","?","?","T","R","E","M","R","?","R","B"],"character_chosen":"IRONCLAD","items_purchased":["Apotheosis","Sling"],"campfire_rested":0,"item_purchase_floors":[5,19],"current_hp_per_floor":[80,80,80,80,80,58,51,51,51,51,48,48,50,50,50,43,90,69,69,73,39,39,39,39,39,39,39,41,59,59,59,59,0,0],"gold":46,"neow_bonus":"HUNDRED_GOLD","is_daily":false,"chose_seed":false,"campfire_upgraded":6,"win_rate":0.0,"timestamp":1611675051,"path_taken":["M","?","M","?","$","E","M","R","T","?","M","R","?","M","R","BOSS","M","$","M","M","?","R","?","?","T","R","E","M","R","?","R","BOSS"],"items_purchased_type":["Card","Relic"],"build_version":"2020-12-22","purchased_purges":1,"victory":false,"max_hp_per_floor":[80,80,80,80,80,90,90,90,90,90,90,90,90,90,90,90,90,90,90,90,90,90,90,90,62,62,62,62,62,62,62,62,62,62],"card_choices":[{"not_picked":["Sword Boomerang","Sever Soul"],"picked":"Pommel Strike","floor":1},{"not_picked":["Burning Pact","Dropkick","Searing Blow"],"picked":"SKIP","floor":3},{"not_picked":["Intimidate","Perfected Strike","Body Slam"],"picked":"SKIP","floor":4},{"not_picked":["Shockwave","Pummel","Clash"],"picked":"SKIP","floor":6},{"not_picked":["Burning Pact","Perfected Strike"],"picked":"Body Slam","floor":7},{"not_picked":["Wild Strike","Thunderclap"],"picked":"Shrug It Off","floor":11},{"not_picked":["Pummel","Fire Breathing","Cleave"],"picked":"SKIP","floor":13},{"not_picked":["Immolate","Sever Soul","Feel No Pain"],"picked":"SKIP","floor":14},{"not_picked":["Feed","Immolate"],"picked":"Brutality","floor":16},{"not_picked":["Blood for Blood+1","Perfected Strike"],"picked":"Body Slam","floor":18},{"not_picked":["Thunderclap+1","Warcry"],"picked":"Pommel Strike+1","floor":20},{"not_picked":["Feel No Pain+1","Clothesline","Armaments+1"],"picked":"SKIP","floor":21},{"not_picked":["Havoc","Sentinel","Twin Strike"],"picked":"SKIP","floor":28},{"not_picked":["Twin Strike+1","Metallicize","Clothesline"],"picked":"SKIP","floor":29}],"player_experience":133408,"relics_obtained":[{"floor":6,"key":"Pear"},{"floor":9,"key":"Orichalcum"},{"floor":17,"key":"Boot"},{"floor":17,"key":"InkBottle"},{"floor":17,"key":"FossilizedHelix"},{"floor":26,"key":"Toy Ornithopter"},{"floor":28,"key":"Self Forming Clay"}],"event_choices":[{"damage_healed":0,"gold_gain":0,"player_choice":"Bought 0 Potions","damage_taken":0,"max_hp_gain":0,"max_hp_loss":0,"event_name":"The Woman in Blue","floor":2,"gold_loss":0},{"damage_healed":0,"gold_gain":0,"player_choice":"Forge","damage_taken":0,"max_hp_gain":0,"max_hp_loss":0,"event_name":"Accursed Blacksmith","floor":10,"gold_loss":0,"cards_upgraded":["Body Slam"]},{"damage_healed":0,"gold_gain":0,"player_choice":"Stole Relic","damage_taken":0,"relics_obtained":["Blood Vial"],"max_hp_gain":0,"max_hp_loss":0,"event_name":"Addict","floor":22,"gold_loss":0,"cards_obtained":["Shame"]},{"damage_healed":0,"gold_gain":0,"player_choice":"Paid Fearfully","damage_taken":0,"max_hp_gain":0,"max_hp_loss":0,"event_name":"Masked Bandits","floor":24,"gold_loss":82},{"damage_healed":0,"gold_gain":0,"player_choice":"Became a vampire","damage_taken":0,"max_hp_gain":0,"max_hp_loss":28,"event_name":"Vampires","floor":25,"gold_loss":0,"cards_obtained":["Bite","Bite","Bite","Bite","Bite"]},{"damage_healed":0,"gold_gain":0,"player_choice":"Ignored","damage_taken":0,"max_hp_gain":0,"max_hp_loss":0,"event_name":"Ghosts","floor":31,"gold_loss":0}],"is_beta":false,"boss_relics":[{"not_picked":["Busted Crown","Philosopher\u0027s Stone"],"picked":"Calling Bell"}],"items_purged_floors":[19],"is_endless":false,"potions_floor_spawned":[6,11,16,18,21],"killed_by":"Automaton","ascension_level":4}}