{"host":"uv5ws9rdk87e8i5k","time":1611622636,"event":{"mods":["AchievementEnabler","BaseMod","Colored Map","Minty Spire (QoL Compilation)","Permanent Neow","StSLib","SuperFastMode","The Animator","The Necromancer"],"gold_per_floor":[109,119,137,147,147,147,173,173,173,206,206,223,249,261,261,365,365,365],"floor_reached":17,"language":"ENG","playtime":387,"items_purged":[],"score":257,"play_id":"db059aa3-90b9-421f-8c6d-ec66e62f70b7","local_time":"20210125185716","is_ascension_mode":true,"campfire_choices":[{"data":"Cloudkill","floor":6,"key":"SMITH"},{"data":"Acid_Javelin","floor":8,"key":"SMITH"},{"data":"Summon_Lich","floor":11,"key":"SMITH"},{"data":"Spectral_Walk","floor":15,"key":"SMITH"}],"circlet_count":0,"master_deck":["Strike_W","Strike_W","Strike_W","Defend_W","Defend_W","Defend_W","Defend_W","Negative_Energy_Arrows","Bone_Wall","Cloudkill+1","Toxic_Smoke_Screen","Spectral_Walk+1","Acid_Javelin+1","Life_Drain","Summon_Lich+1","Shade_Step","Requiem"],"relics":["Vampire_Amulet","Sundial","Eternal Feather","Question Card","Orichalcum","Blood Vial","Velvet Choker"],"acts_visited":["Exordium","TheCity"],"potions_floor_usage":[7,13,16],"damage_taken":[{"damage":3,"enemies":"Cultist","floor":1,"turns":4},{"damage":0,"enemies":"Jaw Worm","floor":2,"turns":4},{"damage":0,"enemies":"Small Slimes","floor":3,"turns":2},{"damage":3,"enemies":"Blue Slaver","floor":4,"turns":4},{"damage":15,"enemies":"Gremlin Nob","floor":7,"turns":4},{"damage":22,"enemies":"Lagavulin","floor":10,"turns":7},{"damage":23,"enemies":"Lots of Slimes","floor":12,"turns":3},{"damage":17,"enemies":"3 Sentries","floor":13,"turns":4},{"damage":7,"enemies":"Exordium Thugs","floor":14,"turns":3},{"damage":22,"enemies":"Hexaghost","floor":16,"turns":9}],"seed_played":"7058362407697389929","potions_obtained":[{"floor":2,"key":"SteroidPotion"},{"floor":3,"key":"LiquidBronze"},{"floor":4,"key":"FairyPotion"},{"floor":12,"key":"DuplicationPotion"},{"floor":14,"key":"Energy Potion"}],"is_trial":false,"path_per_floor":["M","M","M","M","?","R","E","R","T","E","R","M","E","M","R","B",null],"character_chosen":"NECROMANCER","items_purchased":[],"campfire_rested":0,"item_purchase_floors":[],"current_hp_per_floor":[67,69,73,72,65,65,58,64,64,54,63,56,51,56,65,59,71,71],"gold":365,"neow_bonus":"TRANSFORM_CARD","is_daily":false,"chose_seed":false,"campfire_upgraded":4,"win_rate":0.0,"timestamp":1611622636,"path_taken":["M","M","M","M","?","R","E","R","T","E","R","M","E","M","R","BOSS"],"items_purchased_type":[],"build_version":"2020-12-22","purchased_purges":0,"victory":false,"max_hp_per_floor":[75,75,75,75,75,75,75,75,75,75,75,75,75,75,75,75,75,75],"card_choices":[{"not_picked":["Epidemic","Death_Knell"],"picked":"Toxic_Smoke_Screen","floor":1},{"not_picked":["Negative_Energy_Mist","Shackles_Of_Pain"],"picked":"Spectral_Walk","floor":2},{"not_picked":["Bone_Bullets","Vampiric_Strike"],"picked":"Acid_Javelin","floor":3},{"not_picked":["Death_March_Dance","Life_Tap"],"picked":"Life_Drain","floor":4},{"not_picked":["Death_Coil","Chill_Blood","Bones_to_Steel"],"picked":"SKIP","floor":7},{"not_picked":["Uncharnel","Blood_Is_Power","Death_March_Dance"],"picked":"Summon_Lich","floor":10},{"not_picked":["Scare","Life_Tap","Bones_to_Steel","Consume_Illness"],"picked":"SKIP","floor":12},{"not_picked":["Blood_Magic","Reap_The_Weak","Negative_Energy_Shield","Negative_Energy_Mist"],"picked":"SKIP","floor":13},{"not_picked":["Blood_Whip","Strike_from_Beyond","Deaths_Shadow"],"picked":"Shade_Step","floor":14},{"not_picked":["Negative_Energy_Bomb","Skeleton_Dragon","Detonate_Bones"],"picked":"Requiem","floor":16}],"player_experience":280408,"relics_obtained":[{"floor":7,"key":"Eternal Feather"},{"floor":9,"key":"Question Card"},{"floor":10,"key":"Orichalcum"},{"floor":13,"key":"Blood Vial"}],"event_choices":[{"damage_healed":0,"gold_gain":0,"player_choice":"Success","damage_taken":7,"relics_obtained":["Sundial"],"max_hp_gain":0,"max_hp_loss":0,"event_name":"Scrap Ooze","floor":5,"gold_loss":0}],"is_beta":false,"boss_relics":[{"not_picked":["Fusion Hammer","Astrolabe"],"picked":"Velvet Choker"}],"items_purged_floors":[],"is_endless":false,"potions_floor_spawned":[2,3,4,12,14],"ascension_level":9}}