{"host":"jeza3f7qwapecycc","time":1611659172,"event":{"mods":["BaseMod","Downfall","Minty Spire (QoL Compilation)","Relic Stats","StSLib"],"gold_per_floor":[99,118,128,143,293,307,307,143,175,175,208,208,227,241,251,355,355,355,373,373,373,392,194,194,208,219,231,231,242,242,257,275,373,373,373,384,111,129,139,139,188,188,208,218,218,234,234,257,267,267,267,267],"floor_reached":50,"language":"ZHS","playtime":4458,"items_purged":[],"score":514,"play_id":"674486e0-a297-415c-9c62-2ad535142ee5","local_time":"20210126190612","is_ascension_mode":false,"campfire_choices":[{"data":"hexamod:Sear","floor":1.0,"key":"SMITH"},{"data":"hexamod:RainOfEmbers","floor":10.0,"key":"SMITH"},{"data":"hexamod:PhantomCloak","floor":18,"key":"SMITH"},{"floor":28,"key":"REST"},{"floor":30,"key":"REST"},{"data":"hexamod:EtherealExpedition","floor":35,"key":"SMITH"},{"data":"Mayhem","floor":40,"key":"SMITH"},{"floor":47,"key":"REST"}],"circlet_count":0,"master_deck":["hexamod:Strike+1","hexamod:Strike+1","hexamod:Strike+1","hexamod:Strike+1","hexamod:Defend+1","hexamod:Defend+1","hexamod:Defend+1","hexamod:Sear+1","hexamod:Float+1","hexamod:InspiringFlames+1","hexamod:EtherealExpedition+1","hexamod:RainOfEmbers+1","downfall:Icky","hexamod:TurnItUp+1","hexamod:Hexaguard+1","Dramatic Entrance+1","hexamod:SixthSeal","hexamod:PhantomCloak+1","hexamod:GhostShield+1","hexamod:FastForward+1","hexamod:InspiringFlames+1","hexamod:TimeOfNeed+1","hexamod:ThirdSeal","hexamod:NightmareGuise+1","hexamod:AdvancingGuard+1","hexamod:SkipABeat+1","hexamod:RadiantFlame+1","hexamod:AdvancingGuard+1","hexamod:NightmareGuise+1","hexamod:RecurringNightmare+1","hexamod:EmpoweredFlame+1","hexamod:FastForward+1","hexamod:Again+1","hexamod:FirstSeal","hexamod:NightmareGuise+1","Mayhem+1","expansioncontent:YouAreMine+1","hexamod:DynamicBlow+1","hexamod:BacktrackSmack+1","hexamod:ExtraCrispy+1","hexamod:InspiringFlames+1","hexamod:AdvancingGuard+1","hexamod:GhostShield+1","hexamod:Again+1","hexamod:Rewind+1"],"relics":["hexamod:SpiritBrand","Toxic Egg 2","Ginger","Busted Crown","downfall:RedIOU","Chemical X","Toy Ornithopter","hexamod:IceCube","Art of War","Omamori"],"acts_visited":["Exordium","TheCity","TheBeyond"],"potions_floor_usage":[16,16,22,33,33,44,46,46,50],"damage_taken":[{"damage":5.0,"enemies":"Small Slimes","floor":2.0,"turns":3.0},{"damage":1.0,"enemies":"Cultist","floor":3.0,"turns":3.0},{"damage":0.0,"enemies":"2 Louse","floor":4.0,"turns":3.0},{"damage":9.0,"enemies":"Blue Slaver","floor":6.0,"turns":3.0},{"damage":0.0,"enemies":"downfall:FleeingMerchant","floor":8.0,"turns":4.0},{"damage":3.0,"enemies":"Lagavulin","floor":9.0,"turns":5.0},{"damage":20.0,"enemies":"3 Sentries","floor":11.0,"turns":7.0},{"damage":5.0,"enemies":"Lots of Slimes","floor":13.0,"turns":3.0},{"damage":7,"enemies":"Exordium Thugs","floor":14,"turns":4},{"damage":1,"enemies":"2 Fungi Beasts","floor":15,"turns":5},{"damage":13,"enemies":"IC_STATUS_ARCHETYPE","floor":16,"turns":7},{"damage":2,"enemies":"Shell Parasite","floor":19,"turns":3},{"damage":0,"enemies":"3 Byrds","floor":22,"turns":3},{"damage":10,"enemies":"downfall:FleeingMerchant","floor":23,"turns":4},{"damage":0,"enemies":"Snake Plant","floor":25,"turns":3},{"damage":8,"enemies":"Centurion and Healer","floor":26,"turns":5},{"damage":0,"enemies":"Snecko","floor":27,"turns":3},{"damage":20,"enemies":"3 Cultists","floor":29,"turns":8},{"damage":8,"enemies":"Centurion and Healer","floor":31,"turns":7},{"damage":11,"enemies":"Shelled Parasite and Fungi","floor":32,"turns":7},{"damage":54,"enemies":"SI_MIRROR_ARCHETYPE","floor":33,"turns":14},{"damage":12,"enemies":"3 Darklings","floor":36,"turns":5},{"damage":15,"enemies":"downfall:FleeingMerchant","floor":37,"turns":4},{"damage":6,"enemies":"Orb Walker","floor":38,"turns":3},{"damage":1,"enemies":"Spire Growth","floor":39,"turns":6},{"damage":53,"enemies":"Sphere and 2 Shapes","floor":43,"turns":4},{"damage":13,"enemies":"3 Darklings","floor":44,"turns":3},{"damage":6,"enemies":"Jaw Worm Horde","floor":46,"turns":5},{"damage":3,"enemies":"4 Shapes","floor":49,"turns":8},{"damage":45,"enemies":"WA_ARCHETYPE_DIVINITY","floor":50,"turns":5}],"seed_played":"8058031207686288108","potions_obtained":[{"floor":6.0,"key":"Regen Potion"},{"floor":9.0,"key":"hexamod:EctoCoolerPotion"},{"floor":11.0,"key":"SkillPotion"},{"floor":16,"key":"LiquidBronze"},{"floor":22,"key":"Fire Potion"},{"floor":26,"key":"Fire Potion"},{"floor":29,"key":"GamblersBrew"},{"floor":36,"key":"ColorlessPotion"},{"floor":38,"key":"DuplicationPotion"},{"floor":49,"key":"Slimebound:ThreeZeroPotion"}],"is_trial":false,"path_per_floor":["R","M","M","M","?","M","T","$","E","R","E","?","M","M","M","B",null,"R","M","?","?","M","$","T","M","M","M","R","M","R","M","M","B",null,"R","M","$","M","M","R","T","?","M","M","?","M","R","T","M","B"],"character_chosen":"THE_SPIRIT","items_purchased":["Dramatic Entrance","champ:CounterPotion","Chemical X","hexamod:SkipABeat+1","Mayhem","expansioncontent:YouAreMine"],"campfire_rested":3,"item_purchase_floors":[8,8,23,23,37,37],"current_hp_per_floor":[77,72,71,71,71,62,62,62,66,66,46,46,50,43,42,29,84,84,82,82,66,66,56,56,56,48,48,74,54,80,72,61,17,89,89,77,62,56,62,62,62,62,9,1,1,5,31,31,28,0,0,0],"gold":267,"neow_bonus":"TEN_PERCENT_HP_BONUS","is_daily":false,"chose_seed":false,"campfire_upgraded":5,"win_rate":0.0,"timestamp":1611659172,"path_taken":["R","M","M","M","?","M","T","$","E","R","E","?","M","M","M","BOSS","R","M","?","?","M","?","T","M","M","M","R","M","R","?","M","BOSS","R","M","$","M","M","R","T","?","M","M","?","M","R","?","M","BOSS"],"items_purchased_type":["Card","Potion","Relic","Card","Card","Card"],"build_version":"2020-12-22","purchased_purges":0,"victory":false,"max_hp_per_floor":[77,77,77,77,77,77,77,77,84,84,84,84,84,84,84,84,84,84,84,84,89,89,89,89,89,89,89,89,89,89,89,89,89,89,89,89,89,89,89,89,89,89,89,89,89,89,89,89,89,89,89,89],"relic_stats":{"Busted Crown":52,"counters":[30,147],"Art of War":[7],"Ginger":[18],"Chemical X":[28],"obtain_stats":[{"Busted Crown":17,"Strawberry":9,"downfall:RedIOU":20,"Art of War":41,"Omamori":48,"Ginger":11,"Chemical X":23,"Toxic Egg 2":7,"hexamod:SpiritBrand":0,"Toy Ornithopter":24,"hexamod:IceCube":34},{"Busted Crown":11,"Strawberry":6,"downfall:RedIOU":12,"Art of War":25,"Omamori":28,"Ginger":7,"Chemical X":14,"Toxic Egg 2":4,"hexamod:SpiritBrand":0,"Toy Ornithopter":14,"hexamod:IceCube":21},{"Busted Crown":47,"Strawberry":21,"downfall:RedIOU":50,"Art of War":122,"Omamori":134,"Ginger":28,"Chemical X":57,"Toxic Egg 2":12,"hexamod:SpiritBrand":0,"Toy Ornithopter":57,"hexamod:IceCube":104}],"Toy Ornithopter":30},"card_choices":[{"not_picked":["hexamod:BacktrackSmack","hexamod:HauntingEcho"],"picked":"hexamod:InspiringFlames","floor":2.0},{"not_picked":["hexamod:GhostShield","hexamod:BurningTouch"],"picked":"hexamod:EtherealExpedition","floor":3.0},{"not_picked":["hexamod:GhostShield","hexamod:BurningTouch"],"picked":"hexamod:RainOfEmbers","floor":4.0},{"not_picked":["hexamod:GhostLash","hexamod:Again"],"picked":"hexamod:TurnItUp","floor":6.0},{"not_picked":["hexamod:HeatMetal","hexamod:SwordOfDarkness"],"picked":"hexamod:Hexaguard+1","floor":8.0},{"not_picked":["hexamod:SpectersWail","hexamod:Hexaguard+1"],"picked":"hexamod:SixthSeal","floor":9.0},{"not_picked":["hexamod:SpectersWail","hexamod:RecurringNightmare+1"],"picked":"hexamod:PhantomCloak","floor":11.0},{"not_picked":["hexamod:BurningTouch+1","hexamod:GhostflameBarrier+1"],"picked":"hexamod:GhostShield+1","floor":13},{"not_picked":["hexamod:BurningTouch+1","hexamod:ThermalTransfer"],"picked":"hexamod:FastForward+1","floor":14},{"not_picked":["hexamod:HeatShield+1","hexamod:SecondSeal"],"picked":"hexamod:InspiringFlames+1","floor":15},{"not_picked":["hexamod:SixthSeal","hexamod:UnleashSpirits"],"picked":"hexamod:TimeOfNeed+1","floor":16},{"not_picked":["hexamod:SkipABeat+1"],"picked":"SKIP","floor":19},{"not_picked":[],"picked":"hexamod:ThirdSeal","floor":22},{"not_picked":[],"picked":"hexamod:NightmareGuise+1","floor":23},{"not_picked":[],"picked":"hexamod:AdvancingGuard+1","floor":23},{"not_picked":[],"picked":"hexamod:RadiantFlame+1","floor":25},{"not_picked":["hexamod:SwordOfDarkness"],"picked":"SKIP","floor":25},{"not_picked":["hexamod:InspiringFlames+1"],"picked":"SKIP","floor":26},{"not_picked":[],"picked":"hexamod:AdvancingGuard+1","floor":27},{"not_picked":[],"picked":"hexamod:NightmareGuise+1","floor":29},{"not_picked":["hexamod:GhostLash"],"picked":"SKIP","floor":29},{"not_picked":[],"picked":"hexamod:RecurringNightmare+1","floor":31},{"not_picked":[],"picked":"hexamod:EmpoweredFlame","floor":32},{"not_picked":[],"picked":"hexamod:FastForward+1","floor":32},{"not_picked":[],"picked":"hexamod:Again+1","floor":36},{"not_picked":[],"picked":"hexamod:FirstSeal","floor":37},{"not_picked":[],"picked":"hexamod:NightmareGuise+1","floor":37},{"not_picked":[],"picked":"hexamod:DynamicBlow","floor":38},{"not_picked":[],"picked":"hexamod:BacktrackSmack","floor":39},{"not_picked":["hexamod:NightmareStrike+1"],"picked":"SKIP","floor":39},{"not_picked":[],"picked":"hexamod:ExtraCrispy","floor":43},{"not_picked":[],"picked":"hexamod:InspiringFlames+1","floor":44},{"not_picked":[],"picked":"hexamod:AdvancingGuard+1","floor":46},{"not_picked":[],"picked":"hexamod:GhostShield+1","floor":46},{"not_picked":[],"picked":"hexamod:Again+1","floor":49},{"not_picked":[],"picked":"hexamod:Rewind+1","floor":49}],"player_experience":791819,"relics_obtained":[{"floor":7.0,"key":"Toxic Egg 2"},{"floor":9.0,"key":"Strawberry"},{"floor":11.0,"key":"Ginger"},{"floor":24,"key":"Toy Ornithopter"},{"floor":41,"key":"Art of War"},{"floor":48,"key":"Omamori"}],"event_choices":[{"damage_healed":0,"gold_gain":0,"player_choice":"Ignored","damage_taken":0,"max_hp_gain":0,"max_hp_loss":0,"event_name":"Mysterious Sphere","floor":45,"gold_loss":0}],"is_beta":false,"boss_relics":[{"not_picked":["Snecko Eye","Tiny House"],"picked":"Busted Crown"},{"not_picked":["Sozu","SacredBark"],"picked":"hexamod:IceCube"}],"items_purged_floors":[],"is_endless":false,"potions_floor_spawned":[6,9,11,16,22,26,29,31,36,38,43,49],"killed_by":"WA_ARCHETYPE_DIVINITY","ascension_level":0}}