{"host":"ow66nzv2xecjoor3","time":1611630113,"event":{"mods":["BaseMod","Bestiary","Block Reminder","Colored Powertips","Curses Come First","Highlight Path","Keyboard Shortcuts","Minty Spire (QoL Compilation)","Permanent Neow","Relic Stats","Reliquary","Spire Arcade","StSLib","UnlockEverythingMod"],"gold_per_floor":[218,49,49,64,84,116,116,41,111,111,137,153,171,201,201,201,201],"floor_reached":16,"language":"ENG","playtime":2985,"items_purged":["Defend_P"],"score":240,"play_id":"0fe95570-afe4-4e06-a8c4-bc28aa503863","local_time":"20210125210153","is_ascension_mode":true,"campfire_choices":[{"data":"TalkToTheHand","floor":7,"key":"SMITH"},{"data":"SandsOfTime","floor":10,"key":"SMITH"},{"data":"WaveOfTheHand","floor":15,"key":"SMITH"}],"circlet_count":0,"master_deck":["AscendersBane","Strike_P","Strike_P","Strike_P","Strike_P","Defend_P","Defend_P","Eruption","Vigilance","FlyingSleeves","TalkToTheHand+1","Nirvana","CutThroughFate","Meditate","WaveOfTheHand+1","Consecrate","JustLucky","SandsOfTime+1","Wireheading","WheelKick","CutThroughFate"],"relics":["PureWater","Orrery","reliquary:TatteredRug","reliquary:JackalopeAntler","InkBottle","PreservedInsect"],"acts_visited":["Exordium"],"potions_floor_usage":[14,16],"damage_taken":[{"damage":2,"enemies":"Jaw Worm","floor":1,"turns":5},{"damage":9,"enemies":"2 Louse","floor":4,"turns":3},{"damage":0,"enemies":"Cultist","floor":5,"turns":3},{"damage":1,"enemies":"Gremlin Nob","floor":6,"turns":3},{"damage":16,"enemies":"3 Sentries","floor":11,"turns":4},{"damage":6,"enemies":"3 Louse","floor":12,"turns":2},{"damage":0,"enemies":"Exordium Wildlife","floor":13,"turns":5},{"damage":16,"enemies":"Gremlin Nob","floor":14,"turns":3},{"damage":4,"enemies":"The Guardian","floor":16,"turns":4}],"seed_played":"8827899368886612844","potions_obtained":[{"floor":11,"key":"DistilledChaos"},{"floor":12,"key":"Energy Potion"},{"floor":14,"key":"Fruit Juice"}],"is_trial":false,"path_per_floor":["M","$","?","M","M","E","R","$","T","R","E","M","M","E","R","B"],"character_chosen":"WATCHER","items_purchased":["Orrery"],"campfire_rested":0,"item_purchase_floors":[2],"current_hp_per_floor":[59,59,52,43,43,42,42,42,42,42,26,20,20,4,4,0,0],"gold":201,"neow_bonus":"HUNDRED_GOLD","is_daily":false,"chose_seed":false,"campfire_upgraded":3,"win_rate":0.0,"timestamp":1611630113,"path_taken":["M","$","?","M","M","E","R","$","T","R","E","M","M","E","R","BOSS"],"items_purchased_type":["Relic"],"build_version":"2020-12-22","purchased_purges":1,"victory":false,"max_hp_per_floor":[68,68,68,68,68,68,68,68,68,68,68,68,68,68,68,68,68],"relic_stats":{"counters":[9,32],"PreservedInsect":0,"obtain_stats":[{"reliquary:JackalopeAntler":9,"Orrery":2,"reliquary:TatteredRug":6,"PreservedInsect":14,"PureWater":0,"InkBottle":11},{"reliquary:JackalopeAntler":4,"Orrery":1,"reliquary:TatteredRug":4,"PreservedInsect":8,"PureWater":0,"InkBottle":5},{"reliquary:JackalopeAntler":14,"Orrery":5,"reliquary:TatteredRug":14,"PreservedInsect":28,"PureWater":0,"InkBottle":18}],"InkBottle":[5]},"card_choices":[{"not_picked":["Prostrate","Protect"],"picked":"FlyingSleeves","floor":1},{"not_picked":["Evaluate","Sanctity"],"picked":"TalkToTheHand","floor":2},{"not_picked":["Prostrate","Crescendo"],"picked":"Nirvana","floor":2},{"not_picked":["DeceiveReality","EmptyFist"],"picked":"CutThroughFate","floor":2},{"not_picked":["Halt","Nirvana"],"picked":"Meditate","floor":2},{"not_picked":["Swivel","BowlingBash"],"picked":"WaveOfTheHand","floor":2},{"not_picked":["WaveOfTheHand","Pray"],"picked":"Consecrate","floor":4},{"not_picked":["Pray","Consecrate"],"picked":"JustLucky","floor":5},{"not_picked":["Adaptation","EmptyMind"],"picked":"SandsOfTime","floor":6},{"not_picked":["Evaluate","WreathOfFlame","SignatureMove"],"picked":"SKIP","floor":11},{"not_picked":["SashWhip","LikeWater"],"picked":"Wireheading","floor":12},{"not_picked":["ReachHeaven","ConjureBlade"],"picked":"WheelKick","floor":13},{"not_picked":["WaveOfTheHand","FlurryOfBlows"],"picked":"CutThroughFate","floor":14}],"player_experience":2726614,"relics_obtained":[{"floor":6,"key":"reliquary:TatteredRug"},{"floor":9,"key":"reliquary:JackalopeAntler"},{"floor":11,"key":"InkBottle"},{"floor":14,"key":"PreservedInsect"}],"event_choices":[{"cards_removed":["Defend_P"],"damage_healed":0,"gold_gain":0,"player_choice":"Card Removal","damage_taken":7,"max_hp_gain":0,"max_hp_loss":0,"event_name":"Golden Wing","floor":3,"gold_loss":0}],"is_beta":false,"boss_relics":[],"items_purged_floors":[8],"is_endless":false,"potions_floor_spawned":[11,12,14],"killed_by":"The Guardian","ascension_level":20}}