{"host":"1ecbliur7lfoj0sl","time":1611627603,"event":{"mods":["BaseMod","Downfall","Minty Spire (QoL Compilation)","StSLib","Waifu the Spire"],"gold_per_floor":[99,111,128,228,228,128,128,144,144,158,158,191,191,291,308,403,403,403,423,436,436,536,536,536,563,582,239,265,276,308,323,336,440,440,340,359,371,384,452,452,505,516,314,214,64,78,98,98,109,109,109,142,73,73,73,73],"floor_reached":57,"language":"ZHS","playtime":3353,"items_purged":["bronze:Strike","bronze:Strike","bronze:Strike","bronze:Strike"],"score":1553,"play_id":"9532d4cf-0406-4b42-9243-799c2a1ea009","local_time":"20210126102003","is_ascension_mode":true,"campfire_choices":[{"floor":1.0,"key":"RECALL"},{"data":"bronze:BugBarrage","floor":6.0,"key":"SMITH"},{"data":"bronze:Return","floor":9.0,"key":"SMITH"},{"data":"bronze:BugBarrage","floor":13.0,"key":"SMITH"},{"data":"bronze:Goto","floor":18.0,"key":"SMITH"},{"data":"bronze:DazingPulse","floor":23.0,"key":"SMITH"},{"data":"bronze:HardenedForm","floor":35.0,"key":"SMITH"},{"data":"bronze:Repulsor","floor":44.0,"key":"SMITH"},{"data":"bronze:BuggyMess","floor":54.0,"key":"SMITH"}],"circlet_count":0,"master_deck":["bronze:Defend","bronze:Defend","bronze:Defend","bronze:Replicate+1","bronze:Goto+1","bronze:BugBarrage+1","bronze:Return+1","bronze:BuggyMess+1","bronze:DazingPulse+1","bronze:Explode","bronze:BugBarrage+1","bronze:ItsAFeature","bronze:BurnOut+1","bronze:HardenedForm+1","bronze:GetLatest+1","bronze:BugBarrage+1","bronze:Repulsor+1","bronze:Allocate"],"relics":["bronze:BronzeCore","Potion Belt","downfall:HeartBlessingRed","Torii","Ancient Tea Set","Black Star","White Beast Statue","Matryoshka","FossilizedHelix","Eternal Feather","HornCleat","Happy Flower","Gremlin Horn","Pen Nib","Sundial","expansioncontent:StudyCardRelic","downfall:HeartBlessingGreen","Guardian:PocketSentry","Bronze Scales","downfall:HeartBlessingBlue","Whetstone","InkBottle"],"acts_visited":["Exordium","TheCity","TheBeyond","TheEnding"],"potions_floor_usage":[56,56,56,56,56,56,56],"damage_taken":[{"damage":4.0,"enemies":"Small Slimes","floor":2.0,"turns":4.0},{"damage":9.0,"enemies":"Jaw Worm","floor":3.0,"turns":5.0},{"damage":1.0,"enemies":"Cultist","floor":8.0,"turns":3.0},{"damage":9.0,"enemies":"Blue Slaver","floor":10.0,"turns":3.0},{"damage":6.0,"enemies":"Blue Slaver","floor":11.0,"turns":4.0},{"damage":20.0,"enemies":"Lagavulin","floor":12.0,"turns":5.0},{"damage":0.0,"enemies":"Gremlin Gang","floor":15.0,"turns":2.0},{"damage":8.0,"enemies":"WA_ARCHETYPE_RETAIN","floor":16.0,"turns":5.0},{"damage":1.0,"enemies":"3 Byrds","floor":19.0,"turns":4.0},{"damage":0.0,"enemies":"Chosen","floor":20.0,"turns":3.0},{"damage":10.0,"enemies":"downfall:LadyInBlue","floor":22.0,"turns":5.0},{"damage":0.0,"enemies":"Gremlin Leader","floor":25.0,"turns":3.0},{"damage":25.0,"enemies":"Snake Plant","floor":26.0,"turns":3.0},{"damage":0.0,"enemies":"downfall:FleeingMerchant","floor":27.0,"turns":4.0},{"damage":0.0,"enemies":"Slavers","floor":28.0,"turns":3.0},{"damage":0.0,"enemies":"Centurion and Healer","floor":29.0,"turns":2.0},{"damage":0.0,"enemies":"Gremlin Leader","floor":30.0,"turns":3.0},{"damage":4.0,"enemies":"Chosen and Byrds","floor":31.0,"turns":4.0},{"damage":0.0,"enemies":"Snake Plant","floor":32.0,"turns":2.0},{"damage":19.0,"enemies":"DF_ARCHETYPE_CLAW","floor":33.0,"turns":5.0},{"damage":0.0,"enemies":"3 Darklings","floor":36.0,"turns":2.0},{"damage":0.0,"enemies":"Orb Walker","floor":37.0,"turns":2.0},{"damage":0.0,"enemies":"3 Darklings","floor":38.0,"turns":3.0},{"damage":0.0,"enemies":"downfall:FleeingMerchant","floor":39.0,"turns":4.0},{"damage":0.0,"enemies":"Transient","floor":42.0,"turns":5.0},{"damage":0.0,"enemies":"4 Shapes","floor":46.0,"turns":2.0},{"damage":0.0,"enemies":"3 Darklings","floor":47.0,"turns":3.0},{"damage":0.0,"enemies":"Transient","floor":49.0,"turns":5.0},{"damage":0.0,"enemies":"IC_BLOCK_ARCHETYPE","floor":50.0,"turns":5.0},{"damage":0.0,"enemies":"downfall:CharBossMerchant","floor":52.0,"turns":5.0},{"damage":17,"enemies":"downfall:NeowBoss","floor":55,"turns":7},{"damage":0,"enemies":"downfall:NeowBossFinal","floor":56,"turns":5}],"seed_played":"2570461453297974017","potions_obtained":[{"floor":2.0,"key":"PowerPotion"},{"floor":8.0,"key":"FearPotion"},{"floor":12.0,"key":"Guardian:BlockOnCardUsePotion"},{"floor":15.0,"key":"Swift Potion"},{"floor":16.0,"key":"GamblersBrew"},{"floor":22.0,"key":"Block Potion"},{"floor":22.0,"key":"SneckoOil"},{"floor":26.0,"key":"EntropicBrew"},{"floor":27.0,"key":"Explosive Potion"},{"floor":28.0,"key":"ColorlessPotion"},{"floor":29.0,"key":"Strength Potion"},{"floor":30.0,"key":"Fire Potion"},{"floor":31.0,"key":"Energy Potion"},{"floor":32.0,"key":"Fire Potion"},{"floor":33.0,"key":"Explosive Potion"},{"floor":36.0,"key":"bronze:FreeFunctionsPotion"},{"floor":38.0,"key":"PowerPotion"},{"floor":42.0,"key":"Ancient Potion"},{"floor":49.0,"key":"ColorlessPotion"},{"floor":52.0,"key":"PowerPotion"}],"is_trial":false,"path_per_floor":["R","M","M","?","?","R","T","M","R","M","?","E","R","?","M","B",null,"R","M","M","?","?","R","T","E","M","$","E","M","E","M","M","B",null,"R","M","M","M","$","?","T","M","$","R","$","M","M","?","M","B",null,"E","$","R","B","B",null],"character_chosen":"THE_AUTOMATON","items_purchased":["HornCleat","Guardian:PocketSentry","bronze:Repulsor","bronze:Allocate"],"campfire_rested":0,"item_purchase_floors":[27,39,43,53],"current_hp_per_floor":[77,73,64,64,64,64,64,63,63,54,48,28,28,28,28,20,77,77,76,76,62,52,52,52,52,27,27,27,27,27,23,23,4,82,82,82,82,82,82,82,82,82,82,92,92,92,92,92,92,92,92,92,92,92,75,75],"gold":73,"neow_bonus":"TEN_PERCENT_HP_BONUS","is_daily":false,"chose_seed":false,"campfire_upgraded":8,"win_rate":0.0,"timestamp":1611627603,"path_taken":["R","M","M","?","?","R","T","?","R","M","?","E","R","?","M","BOSS","R","M","?","?","?","R","T","E","M","$","E","?","E","M","M","BOSS","R","M","M","M","$","?","T","M","?","R","$","M","M","?","M","BOSS","E","$","R","BOSS","BOSS"],"items_purchased_type":["Relic","Relic","Card","Card"],"build_version":"2020-12-22","purchased_purges":4,"victory":true,"max_hp_per_floor":[77,77,77,77,77,77,77,77,77,77,77,77,77,77,77,77,77,77,77,77,82,82,82,82,82,82,82,82,82,82,82,82,82,82,82,82,82,82,82,82,82,82,82,92,92,92,92,92,92,92,92,92,92,92,92,92],"card_choices":[{"not_picked":["bronze:BitShift","bronze:Overheat","bronze:Iterate"],"picked":"SKIP","floor":2.0},{"not_picked":["bronze:FollowUp","bronze:Invalidate"],"picked":"bronze:BugBarrage","floor":3.0},{"not_picked":["bronze:DigitalCarnage","bronze:CloningBeam"],"picked":"bronze:Return","floor":8.0},{"not_picked":["bronze:Return","bronze:WhirlingStrike"],"picked":"bronze:BuggyMess","floor":10.0},{"not_picked":[],"picked":"bronze:DazingPulse","floor":11.0},{"not_picked":[],"picked":"bronze:Explode","floor":11.0},{"not_picked":["bronze:ClassDefault","bronze:Repair"],"picked":"bronze:BugBarrage","floor":11.0},{"not_picked":["bronze:Branch","bronze:BronzeArmor","bronze:Constructor"],"picked":"SKIP","floor":12.0},{"not_picked":["bronze:HardenedForm","bronze:CutThrough"],"picked":"bronze:ItsAFeature","floor":15.0},{"not_picked":["bronze:SpaghettiCode","bronze:ThunderWave"],"picked":"bronze:BurnOut","floor":16.0},{"not_picked":["bronze:ChosenStrike","bronze:Flail","bronze:OilSpill+1"],"picked":"SKIP","floor":19.0},{"not_picked":["bronze:FineTuning","bronze:DelayedGuard","bronze:CutThrough"],"picked":"SKIP","floor":20.0},{"not_picked":["bronze:ForceShield","bronze:Boost","bronze:ItsAFeature"],"picked":"SKIP","floor":25.0},{"not_picked":["bronze:DarkDash","bronze:Philosophize","bronze:DelayedGuard"],"picked":"SKIP","floor":26.0},{"not_picked":["bronze:BuggyMess","bronze:ForceShield","bronze:Repair"],"picked":"SKIP","floor":27.0},{"not_picked":["bronze:Iterate","bronze:Return","bronze:BitShift+1"],"picked":"SKIP","floor":28.0},{"not_picked":["bronze:ClassDefault+1","bronze:DelayedSlice+1"],"picked":"bronze:HardenedForm","floor":29.0},{"not_picked":["bronze:Fortify","bronze:Backtrace","bronze:ForLoop"],"picked":"SKIP","floor":30.0},{"not_picked":["bronze:Backtrace+1","bronze:Fortify","bronze:ChildClass"],"picked":"SKIP","floor":31.0},{"not_picked":["bronze:BuggyMess","bronze:OilSpill"],"picked":"bronze:GetLatest+1","floor":32.0},{"not_picked":["bronze:CutThrough+1","bronze:Philosophize","bronze:Invalidate"],"picked":"SKIP","floor":36.0},{"not_picked":["bronze:BitShift","bronze:DelayedGuard","bronze:Separator+1"],"picked":"SKIP","floor":37.0},{"not_picked":["bronze:BitShift+1","bronze:ForLoop","bronze:Separator"],"picked":"SKIP","floor":38.0},{"not_picked":["bronze:Constructor+1","bronze:Virus","bronze:Frontload+1"],"picked":"SKIP","floor":39.0},{"not_picked":["bronze:Branch","bronze:CutThrough"],"picked":"bronze:BugBarrage+1","floor":42.0},{"not_picked":["bronze:ForLoop+1","bronze:ChildClass","bronze:BitShift+1"],"picked":"SKIP","floor":46.0},{"not_picked":["bronze:Overheat","bronze:ChosenStrike","bronze:Separator+1"],"picked":"SKIP","floor":47.0},{"not_picked":["bronze:DelayedGuard+1","bronze:Overheat","bronze:Iterate"],"picked":"SKIP","floor":49.0},{"not_picked":["bronze:SpaghettiCode","bronze:Separator","bronze:ChildClass+1"],"picked":"SKIP","floor":52.0}],"player_experience":88645,"relics_obtained":[{"floor":5.0,"key":"Potion Belt"},{"floor":7.0,"key":"Torii"},{"floor":12.0,"key":"Ancient Tea Set"},{"floor":22.0,"key":"White Beast Statue"},{"floor":24.0,"key":"Matryoshka"},{"floor":25.0,"key":"FossilizedHelix"},{"floor":25.0,"key":"Eternal Feather"},{"floor":28.0,"key":"Happy Flower"},{"floor":28.0,"key":"Gremlin Horn"},{"floor":30.0,"key":"Pen Nib"},{"floor":30.0,"key":"Sundial"},{"floor":41.0,"key":"Bronze Scales"},{"floor":52.0,"key":"Whetstone"},{"floor":52.0,"key":"InkBottle"}],"event_choices":[{"damage_healed":0.0,"max_hp_gain":0.0,"max_hp_loss":0.0,"gold_gain":0.0,"event_name":"Wheel of Change","player_choice":"Relic","floor":5.0,"gold_loss":0.0,"damage_taken":0.0},{"cards_removed":["bronze:Defend"],"damage_healed":0.0,"max_hp_gain":0.0,"max_hp_loss":0.0,"gold_gain":0.0,"event_name":"Falling","player_choice":"Removed Skill","floor":48.0,"gold_loss":0.0,"damage_taken":0.0}],"is_beta":false,"boss_relics":[{"not_picked":["Sozu","Astrolabe"],"picked":"Black Star"},{"not_picked":["Snecko Eye","Philosopher\u0027s Stone"],"picked":"expansioncontent:StudyCardRelic"}],"items_purged_floors":[27,39,43,45],"is_endless":false,"potions_floor_spawned":[2,8,12,15,16,25,26,27,28,29,30,31,32,33,36,37,38,39,42,46,47,49,52],"ascension_level":2}}