{"host":"qekv59dthhdg54sz","time":1611643173,"event":{"mods":["AchievementEnabler","BaseMod","Colored Map","DeckTracker","KOR Keyword Fix","Minty Spire (QoL Compilation)","Rare Cards Sparkle","StSLib","SuperFastMode"],"gold_per_floor":[114,133,133,133,149,149,166,266,292,145,161,161,186,200,200,303,303,276,291,45,61,0,0,0],"floor_reached":23,"language":"KOR","playtime":631,"items_purged":["Strike_R","Strike_R"],"score":377,"play_id":"478d1e00-7ea4-4823-8c93-51357def3df3","local_time":"20210126153933","is_ascension_mode":true,"campfire_choices":[{"data":"Inflame","floor":6.0,"key":"SMITH"},{"data":"Heavy Blade","floor":12.0,"key":"SMITH"},{"data":"Rupture","floor":15.0,"key":"SMITH"}],"circlet_count":0,"master_deck":["AscendersBane","Strike_R","Strike_R","Defend_R","Defend_R","Defend_R","Defend_R+1","Bash+1","Battle Trance","Bloodletting","Inflame+1","Shrug It Off","Heavy Blade+1","Impervious","Carnage","Rupture+1","Demon Form","Disarm+1","Burning Pact","Dark Embrace","Battle Trance"],"relics":["Burning Blood","NeowsBlessing","Omamori","MealTicket","Mark of Pain"],"acts_visited":["Exordium","TheCity"],"potions_floor_usage":[23,23],"damage_taken":[{"damage":0.0,"enemies":"Small Slimes","floor":1.0,"turns":1.0},{"damage":0.0,"enemies":"Cultist","floor":2.0,"turns":1.0},{"damage":0.0,"enemies":"2 Louse","floor":5.0,"turns":1.0},{"damage":11.0,"enemies":"Large Slime","floor":7.0,"turns":6.0},{"damage":1.0,"enemies":"Red Slaver","floor":11.0,"turns":4.0},{"damage":23.0,"enemies":"Gremlin Nob","floor":13.0,"turns":4.0},{"damage":6.0,"enemies":"Exordium Thugs","floor":14.0,"turns":4.0},{"damage":3.0,"enemies":"Slime Boss","floor":16.0,"turns":7.0},{"damage":10.0,"enemies":"2 Thieves","floor":18.0,"turns":5.0},{"damage":3.0,"enemies":"Spheric Guardian","floor":19.0,"turns":4.0},{"damage":47.0,"enemies":"Centurion and Healer","floor":21.0,"turns":6.0},{"damage":60,"enemies":"Gremlin Leader","floor":23,"turns":8}],"seed_played":"6229711845301098425","potions_obtained":[{"floor":2.0,"key":"GamblersBrew"},{"floor":5.0,"key":"Explosive Potion"},{"floor":16.0,"key":"Swift Potion"},{"floor":18.0,"key":"Regen Potion"},{"floor":21.0,"key":"SkillPotion"}],"is_trial":false,"path_per_floor":["M","M","?","?","M","R","M","?","T","$","M","R","E","M","R","B",null,"M","M","$","M","?","E"],"character_chosen":"IRONCLAD","items_purchased":["Shrug It Off","Heavy Blade","Burning Pact","Dark Embrace"],"campfire_rested":0,"item_purchase_floors":[10,10,20,20],"current_hp_per_floor":[78,80,64,64,70,70,65,65,65,65,70,70,53,53,53,56,74,70,73,80,39,39,0,0],"gold":0,"neow_bonus":"THREE_ENEMY_KILL","is_daily":false,"chose_seed":false,"campfire_upgraded":3,"win_rate":0.0,"timestamp":1611643173,"path_taken":["M","M","?","?","?","R","M","?","T","$","M","R","E","?","R","BOSS","M","M","$","M","?","E"],"items_purchased_type":["Card","Card","Card","Card"],"build_version":"2020-12-22","purchased_purges":2,"victory":false,"max_hp_per_floor":[80,80,80,80,80,80,80,80,80,80,80,80,80,80,80,80,80,80,80,80,80,80,80,80],"card_choices":[{"not_picked":["Cleave","Warcry","Heavy Blade"],"picked":"SKIP","floor":1.0},{"not_picked":["Clothesline","Thunderclap"],"picked":"Battle Trance","floor":2.0},{"not_picked":["Sever Soul","Disarm"],"picked":"Inflame","floor":5.0},{"not_picked":["Thunderclap","Ghostly Armor","Infernal Blade"],"picked":"SKIP","floor":7.0},{"not_picked":["Heavy Blade","Clothesline"],"picked":"Impervious","floor":11.0},{"not_picked":["Reckless Charge","Sword Boomerang"],"picked":"Carnage","floor":13.0},{"not_picked":["Armaments","Twin Strike"],"picked":"Rupture","floor":14.0},{"not_picked":["Impervious","Berserk"],"picked":"Demon Form","floor":16.0},{"not_picked":["Perfected Strike+1","Anger","Flex"],"picked":"SKIP","floor":18.0},{"not_picked":["Iron Wave","Flex"],"picked":"Disarm+1","floor":19.0},{"not_picked":["Cleave","Armaments"],"picked":"Battle Trance","floor":21.0}],"player_experience":842435,"relics_obtained":[{"floor":9.0,"key":"Omamori"},{"floor":13.0,"key":"MealTicket"}],"event_choices":[{"damage_healed":0.0,"max_hp_gain":0.0,"max_hp_loss":0.0,"gold_gain":0.0,"event_name":"Shining Light","player_choice":"Entered Light","floor":3.0,"gold_loss":0.0,"damage_taken":16.0,"cards_upgraded":["Defend_R","Bash"]},{"damage_healed":0.0,"max_hp_gain":0.0,"max_hp_loss":0.0,"gold_gain":0.0,"cards_transformed":["Strike_R"],"event_name":"Transmorgrifier","player_choice":"Transformed","floor":4.0,"gold_loss":0.0,"damage_taken":0.0,"cards_obtained":["Bloodletting"]},{"damage_healed":0.0,"max_hp_gain":0.0,"max_hp_loss":0.0,"gold_gain":100.0,"event_name":"Golden Shrine","player_choice":"Pray","floor":8.0,"gold_loss":0.0,"damage_taken":0.0},{"damage_healed":0.0,"max_hp_gain":0.0,"max_hp_loss":0.0,"gold_gain":0.0,"event_name":"Masked Bandits","player_choice":"Paid Fearfully","floor":22.0,"gold_loss":61.0,"damage_taken":0.0}],"is_beta":false,"boss_relics":[{"not_picked":["Runic Pyramid","Ectoplasm"],"picked":"Mark of Pain"}],"items_purged_floors":[10,20],"is_endless":false,"potions_floor_spawned":[2,5,14,16,18,21],"killed_by":"Gremlin Leader","ascension_level":11}}