{"host":"l84l8xigz5v5foa2","time":1611647597,"event":{"mods":["2.2 Compatiblity","AchievementEnabler","BaseMod","Better Note","Better Vampires","Card Filter","Colored Map","DeckTracker","Downfall","Gremlin Skip","Highlight Path","Keyboard Shortcuts","Minty Spire (QoL Compilation)","Permanent Neow","Quick Restart","Relic Filter","Relic Stats","StSLib","SuperFastMode","Transform Curses","Unknown Chances"],"gold_per_floor":[99,109,121,121,136,136,210,210,230,230,95,123,23,50,70,70,70,70],"floor_reached":16,"language":"ENG","playtime":678,"items_purged":[],"score":220,"play_id":"21bc5f26-180e-4124-b377-2799025bf606","local_time":"20210126165317","is_ascension_mode":true,"campfire_choices":[{"data":"hexamod:Float","floor":1.0,"key":"SMITH"},{"data":"hexamod:NecessarySacrifice","floor":6.0,"key":"SMITH"},{"data":"hexamod:SpectralSpark","floor":8.0,"key":"SMITH"},{"floor":13,"key":"REST"}],"circlet_count":0,"master_deck":["AscendersBane","hexamod:Strike","hexamod:Strike","hexamod:Strike","hexamod:Defend","hexamod:Defend","hexamod:Defend","hexamod:Defend","hexamod:Sear","hexamod:Float+1","hexamod:SearingWound","hexamod:SpectralSpark+1","hexamod:InspiringFlames","hexamod:NecessarySacrifice+1","hexamod:GhostOfSpireFuture","hexamod:FlameSwitch","hexamod:ThirdSeal","hexamod:Rewind","hexamod:AdvancingGuard","hexamod:EmpoweredFlame","hexamod:FourthSeal","hexamod:ApocalypseNow","hexamod:ThermalTransfer"],"relics":["hexamod:SpiritBrand","downfall:ShatteredFragment","Matryoshka","Bottled Tornado","downfall:HeartBlessingGreen","bronze:BronzeIdol"],"acts_visited":["Exordium"],"potions_floor_usage":[16],"damage_taken":[{"damage":0.0,"enemies":"Cultist","floor":2.0,"turns":3.0},{"damage":3.0,"enemies":"Small Slimes","floor":3.0,"turns":3.0},{"damage":2.0,"enemies":"Jaw Worm","floor":5.0,"turns":3.0},{"damage":2.0,"enemies":"Lots of Slimes","floor":9.0,"turns":4.0},{"damage":3.0,"enemies":"downfall:FleeingMerchant","floor":11.0,"turns":4.0},{"damage":21,"enemies":"3 Sentries","floor":12,"turns":10},{"damage":8,"enemies":"Gremlin Nob","floor":14,"turns":3},{"damage":1,"enemies":"Blue Slaver","floor":15,"turns":3},{"damage":15,"enemies":"IC_STATUS_ARCHETYPE","floor":16,"turns":8}],"seed_played":"3727901168608406682","potions_obtained":[{"floor":5.0,"key":"SmokeBomb"},{"floor":12,"key":"sneckomod:MuddlingPotion"},{"floor":15,"key":"Strength Potion"}],"is_trial":false,"path_per_floor":["R","M","M","?","M","R","T","R","M","?","$","E","R","E","M","B"],"character_chosen":"THE_SPIRIT","items_purchased":["hexamod:ThirdSeal","hexamod:Rewind"],"campfire_rested":1,"item_purchase_floors":[11,11],"current_hp_per_floor":[57,57,54,33,31,31,31,31,29,29,26,5,23,15,14,0,0,0],"gold":70,"neow_bonus":"TRANSFORM_CARD","is_daily":false,"chose_seed":false,"campfire_upgraded":3,"win_rate":0.0,"timestamp":1611647597,"path_taken":["R","M","?","?","M","R","T","R","M","?","$","E","R","E","M","BOSS"],"items_purchased_type":["Card","Card"],"build_version":"2020-12-22","purchased_purges":0,"victory":false,"max_hp_per_floor":[63,63,63,63,63,63,63,63,63,63,63,63,63,63,63,63,63,63],"relic_stats":{"counters":[9,41],"obtain_stats":[{"downfall:ShatteredFragment":4,"Matryoshka":7,"downfall:HeartBlessingGreen":13,"Bottled Tornado":12,"hexamod:SpiritBrand":0,"bronze:BronzeIdol":14},{"downfall:ShatteredFragment":2,"Matryoshka":3,"downfall:HeartBlessingGreen":6,"Bottled Tornado":6,"hexamod:SpiritBrand":0,"bronze:BronzeIdol":7},{"downfall:ShatteredFragment":6,"Matryoshka":9,"downfall:HeartBlessingGreen":27,"Bottled Tornado":27,"hexamod:SpiritBrand":0,"bronze:BronzeIdol":30}]},"card_choices":[{"not_picked":["hexamod:ShieldOfDarkness","hexamod:FlamesFromBeyond"],"picked":"hexamod:SpectralSpark","floor":2.0},{"not_picked":["hexamod:ExtraCrispy","hexamod:Hexaguard"],"picked":"hexamod:InspiringFlames","floor":3.0},{"not_picked":["hexamod:GhostLash","hexamod:NightmareGuise"],"picked":"hexamod:NecessarySacrifice","floor":5.0},{"not_picked":["hexamod:HeatMetal","hexamod:ChargedBarrage"],"picked":"hexamod:GhostOfSpireFuture","floor":9.0},{"not_picked":["hexamod:FastForward","hexamod:RetreatToShadows"],"picked":"hexamod:FlameSwitch","floor":11.0},{"not_picked":["hexamod:BurningTouch","hexamod:SpectersWail"],"picked":"hexamod:AdvancingGuard","floor":12},{"not_picked":["hexamod:ThermalTransfer","hexamod:RainOfEmbers"],"picked":"hexamod:EmpoweredFlame","floor":12},{"not_picked":["hexamod:NightmareGuise","hexamod:SwordOfDarkness"],"picked":"hexamod:FourthSeal","floor":14},{"not_picked":["hexamod:Rewind","hexamod:InspiringFlames"],"picked":"hexamod:ApocalypseNow","floor":15},{"not_picked":["hexamod:GhostShield","hexamod:HeatMetal"],"picked":"hexamod:ThermalTransfer","floor":15}],"player_experience":3416119,"relics_obtained":[{"floor":7.0,"key":"Matryoshka"},{"floor":12,"key":"Bottled Tornado"},{"floor":14,"key":"bronze:BronzeIdol"}],"event_choices":[],"is_beta":false,"boss_relics":[],"items_purged_floors":[],"is_endless":false,"potions_floor_spawned":[5,12,15],"killed_by":"IC_STATUS_ARCHETYPE","ascension_level":20}}