{"host":"a1eatafr7pisesky","time":1611640494,"event":{"mods":["AchievementEnabler","BaseMod","Colored Map","Keyboard Shortcuts","Minty Spire (QoL Compilation)","Say the Spire","StSLib","SuperFastMode","everything is the same but u backflip on backflip"],"gold_per_floor":[109,109,119,136,12,45,58,58,58,58,7,25,42,72,72,174,174,186,33,33,33,0,0],"floor_reached":22,"language":"KOR","playtime":374,"items_purged":["Defend_B","Strike_B"],"score":291,"play_id":"8fc5c2c9-4217-4859-9e18-77c78436fd8f","local_time":"20210126145454","is_ascension_mode":true,"campfire_choices":[{"data":"Dualcast","floor":8,"key":"SMITH"},{"data":"Doom and Gloom","floor":10,"key":"SMITH"},{"floor":15,"key":"REST"}],"circlet_count":0,"master_deck":["AscendersBane","Strike_B","Defend_B","Defend_B","Zap","Dualcast+1","Loop","Barrage","Doom and Gloom+1","Conserve Battery","Ball Lightning","Self Repair","Glacier","Electrodynamics","Hologram+1","Cold Snap","Gash"],"relics":["Cracked Core","NeowsBlessing","Letter Opener","Darkstone Periapt","Inserter"],"acts_visited":["Exordium","TheCity"],"potions_floor_usage":[6,14,16,16,22],"damage_taken":[{"damage":0.0,"enemies":"Small Slimes","floor":1.0,"turns":1.0},{"damage":0.0,"enemies":"Cultist","floor":3.0,"turns":1.0},{"damage":0.0,"enemies":"Jaw Worm","floor":4.0,"turns":1.0},{"damage":22,"enemies":"Lagavulin","floor":6,"turns":5},{"damage":1,"enemies":"Exordium Wildlife","floor":7,"turns":3},{"damage":5,"enemies":"Gremlin Gang","floor":12,"turns":2},{"damage":16,"enemies":"Lots of Slimes","floor":13,"turns":3},{"damage":20,"enemies":"3 Sentries","floor":14,"turns":4},{"damage":20,"enemies":"Hexaghost","floor":16,"turns":8},{"damage":38,"enemies":"Shell Parasite","floor":18,"turns":6},{"damage":31,"enemies":"2 Thieves","floor":22,"turns":2}],"seed_played":"-2344745254555554788","potions_obtained":[{"floor":1.0,"key":"Fire Potion"},{"floor":3.0,"key":"BlessingOfTheForge"},{"floor":14,"key":"FearPotion"},{"floor":18,"key":"SteroidPotion"}],"is_trial":false,"path_per_floor":["M","?","M","M","$","E","M","R","T","R","$","M","M","E","R","B",null,"M","$","?","?","M"],"character_chosen":"DEFECT","items_purchased":["SkillPotion","PowerPotion","Cold Snap"],"campfire_rested":1,"item_purchase_floors":[5,11,19],"current_hp_per_floor":[68,68,68,68,68,46,45,45,45,45,45,40,24,11,33,23,62,31,31,31,31,0,0],"gold":0,"neow_bonus":"THREE_ENEMY_KILL","is_daily":false,"chose_seed":false,"campfire_upgraded":2,"win_rate":0.0,"timestamp":1611640494,"path_taken":["M","?","?","M","$","E","M","R","T","R","$","M","M","E","R","BOSS","M","$","?","?","?"],"items_purchased_type":["Potion","Potion","Card"],"build_version":"2020-12-22","purchased_purges":2,"victory":false,"max_hp_per_floor":[75,75,75,75,75,75,75,75,75,75,75,75,75,75,75,75,75,75,75,75,75,75,75],"card_choices":[{"not_picked":["Heatsinks","Barrage"],"picked":"Loop","floor":1.0},{"not_picked":["Coolheaded","Fusion"],"picked":"Barrage","floor":3.0},{"not_picked":["Barrage","Stack"],"picked":"Doom and Gloom","floor":4.0},{"not_picked":["Compile Driver","Steam","Rebound"],"picked":"SKIP","floor":6},{"not_picked":["Go for the Eyes","Barrage"],"picked":"Conserve Battery","floor":7},{"not_picked":["Fusion","Gash"],"picked":"Ball Lightning","floor":12},{"not_picked":["Chill","Heatsinks"],"picked":"Self Repair","floor":13},{"not_picked":["Turbo","Streamline"],"picked":"Glacier","floor":14},{"not_picked":["All For One","Amplify"],"picked":"Electrodynamics","floor":16},{"not_picked":["Self Repair+1","Leap"],"picked":"Hologram+1","floor":18}],"player_experience":355088,"relics_obtained":[{"floor":6,"key":"Letter Opener"},{"floor":14,"key":"Darkstone Periapt"}],"event_choices":[{"cards_removed":["Strike_B"],"damage_healed":0.0,"max_hp_gain":0.0,"max_hp_loss":0.0,"gold_gain":0.0,"event_name":"Bonfire Elementals","player_choice":"Offered Basic","floor":2.0,"gold_loss":0.0,"damage_taken":0.0},{"damage_healed":0,"gold_gain":0,"cards_transformed":["Strike_B","Defend_B"],"player_choice":"Became Test Subject","damage_taken":0,"max_hp_gain":0,"max_hp_loss":0,"event_name":"Drug Dealer","floor":20,"gold_loss":0,"cards_obtained":["Gash","Reprogram"]},{"cards_removed":["Reprogram"],"damage_healed":0,"gold_gain":0,"player_choice":"Elegance","damage_taken":0,"max_hp_gain":0,"max_hp_loss":0,"event_name":"Back to Basics","floor":21,"gold_loss":0}],"is_beta":false,"boss_relics":[{"not_picked":["Cursed Key","Sozu"],"picked":"Inserter"}],"items_purged_floors":[5,19],"is_endless":false,"potions_floor_spawned":[1,3,14,18],"killed_by":"2 Thieves","ascension_level":10}}