{"host":"zxd7sxkt31l2m2hb","time":1611680415,"event":{"mods":["AchievementEnabler","BaseMod","BetterRewards","Colored Map","Colored Powertips","Highlight Path","Minty Spire (QoL Compilation)","Quick Restart","StSLib","SuperFastMode","The Jungle","slay the spire mod where everything is the same but ironclad has a cowboy hat"],"gold_per_floor":[114,114,129,129,144,144,144,144,144,159,37,37,37,52,52,152,152,167,167],"floor_reached":18,"language":"DEU","playtime":3426,"items_purged":[],"score":152,"play_id":"d688f4bd-f453-424d-9ef9-e53ee5eebdcb","local_time":"20210126180015","daily_mods":["SealedDeck","Flight","Night Terrors"],"is_ascension_mode":false,"campfire_choices":[{"data":"Warcry","floor":6,"key":"SMITH"},{"data":"Warcry","floor":7,"key":"SMITH"},{"data":"Warcry","floor":8,"key":"SMITH"},{"data":"Shrug It Off","floor":15,"key":"SMITH"}],"circlet_count":0,"master_deck":["Whirlwind","Burning Pact","Warcry+1","Flex+1","Warcry+1","Dual Wield","Dual Wield","Anger","Anger","Anger","Flame Barrier+1","Warcry+1","Seeing Red","Shrug It Off+1","Feel No Pain","Armaments","Exhume"],"relics":["Burning Blood","Ornamental Fan","SlaversCollar"],"acts_visited":["Exordium","TheCity"],"potions_floor_usage":[],"damage_taken":[{"damage":11,"enemies":"Jaw Worm","floor":1,"turns":2},{"damage":0,"enemies":"Cultist","floor":3,"turns":2},{"damage":0,"enemies":"2 Louse","floor":5,"turns":2},{"damage":3,"enemies":"Blue Slaver","floor":10,"turns":2},{"damage":0,"enemies":"2 Fungi Beasts","floor":14,"turns":3},{"damage":39,"enemies":"Slime Boss","floor":16,"turns":10},{"damage":2,"enemies":"3 Byrds","floor":18,"turns":3}],"seed_played":"-4735054310349275430","potions_obtained":[{"floor":5,"key":"Dexterity Potion"},{"floor":10,"key":"ElixirPotion"}],"is_trial":false,"path_per_floor":["M","?","M","?","M","R","R","R","T","M","$","$","$","M","R","B",null,"M"],"character_chosen":"IRONCLAD","items_purchased":["Shrug It Off","Feel No Pain"],"campfire_rested":0,"item_purchase_floors":[11,11],"current_hp_per_floor":[75,75,80,80,80,80,80,80,80,80,80,80,80,80,80,47,80,80,80],"gold":167,"neow_bonus":"","is_daily":true,"chose_seed":false,"campfire_upgraded":4,"win_rate":0.0,"timestamp":1611680415,"path_taken":["M","?","?","?","M","R","R","R","T","?","$","$","$","M","R","BOSS","M"],"items_purchased_type":["Card","Card"],"build_version":"2020-12-22","purchased_purges":0,"victory":false,"max_hp_per_floor":[80,80,80,80,80,80,80,80,80,80,80,80,80,80,80,80,80,80,80],"card_choices":[{"not_picked":["Rupture","Cleave","Anger"],"picked":"SKIP","floor":1},{"not_picked":["Rampage","Bloodletting"],"picked":"Flame Barrier","floor":3},{"not_picked":["Havoc","Disarm"],"picked":"Warcry","floor":5},{"not_picked":["Rupture","Heavy Blade"],"picked":"Seeing Red","floor":10},{"not_picked":["Sever Soul","Warcry"],"picked":"Armaments","floor":14},{"not_picked":["Limit Break","Feed"],"picked":"Exhume","floor":16}],"player_experience":103926,"relics_obtained":[{"floor":9,"key":"Ornamental Fan"}],"event_choices":[{"damage_healed":0,"gold_gain":0,"player_choice":"Forge","damage_taken":0,"max_hp_gain":0,"max_hp_loss":0,"event_name":"Accursed Blacksmith","floor":2,"gold_loss":0,"cards_upgraded":["Flex"]},{"damage_healed":0,"gold_gain":0,"player_choice":"Upgraded","damage_taken":0,"max_hp_gain":0,"max_hp_loss":0,"event_name":"Upgrade Shrine","floor":4,"gold_loss":0,"cards_upgraded":["Flame Barrier"]}],"is_beta":false,"boss_relics":[{"not_picked":["Fusion Hammer","Astrolabe"],"picked":"SlaversCollar"}],"items_purged_floors":[],"is_endless":false,"potions_floor_spawned":[5,10],"killed_by":"3 Byrds","ascension_level":0}}