{"host":"sian7qp8a9pc9xwd","time":1611625944,"event":{"mods":["BaseMod","Minty Spire (QoL Compilation)","StSLib","SuperFastMode"],"gold_per_floor":[17,17,17,37,55,55,96,96,121,146,146,146,146],"floor_reached":12,"language":"ENG","playtime":711,"items_purged":[],"score":133,"play_id":"27bd8a3b-32af-40ce-82f9-b82077496b87","local_time":"20210125205224","is_ascension_mode":true,"campfire_choices":[{"data":"Footwork","floor":6,"key":"SMITH"},{"data":"Neutralize","floor":8,"key":"SMITH"}],"circlet_count":0,"master_deck":["AscendersBane","Strike_G+1","Strike_G","Strike_G","Strike_G","Strike_G","Defend_G","Defend_G","Defend_G","Defend_G","Defend_G","Survivor","Neutralize+1","Adrenaline+1","Blur","Footwork+1","PiercingWail","Footwork"],"relics":["Ring of the Snake","Golden Idol","HornCleat","Orichalcum","Art of War"],"acts_visited":["Exordium"],"potions_floor_usage":[7,7],"damage_taken":[{"damage":0,"enemies":"Small Slimes","floor":1,"turns":3},{"damage":0,"enemies":"Jaw Worm","floor":4,"turns":5},{"damage":0,"enemies":"2 Louse","floor":5,"turns":3},{"damage":17,"enemies":"3 Sentries","floor":7,"turns":13},{"damage":0,"enemies":"Blue Slaver","floor":10,"turns":6},{"damage":9,"enemies":"Gremlin Nob","floor":12,"turns":6}],"seed_played":"-6606676174182184800","potions_obtained":[{"floor":1,"key":"Explosive Potion"},{"floor":5,"key":"Swift Potion"}],"is_trial":false,"path_per_floor":["M","?","T","M","M","R","E","R","T","M","?","E"],"character_chosen":"THE_SILENT","items_purchased":[],"campfire_rested":0,"item_purchase_floors":[],"current_hp_per_floor":[59,43,43,43,43,43,26,26,26,26,13,4,4],"gold":146,"neow_bonus":"THREE_RARE_CARDS","is_daily":false,"chose_seed":false,"campfire_upgraded":2,"win_rate":0.0,"timestamp":1611625944,"path_taken":["M","?","?","M","M","R","E","R","T","M","?","E"],"items_purchased_type":[],"build_version":"2020-12-22","purchased_purges":0,"victory":false,"max_hp_per_floor":[66,66,66,66,66,66,66,66,66,66,66,66,66],"card_choices":[{"not_picked":["Die Die Die","Tools of the Trade"],"picked":"Adrenaline","floor":0},{"not_picked":["Dagger Throw","Quick Slash"],"picked":"Blur","floor":1},{"not_picked":["Backflip","Deflect"],"picked":"Footwork","floor":4},{"not_picked":["Prepared","Skewer"],"picked":"PiercingWail","floor":5},{"not_picked":["Blade Dance","Acrobatics","Terror"],"picked":"SKIP","floor":7},{"not_picked":["Predator","Backflip"],"picked":"Footwork","floor":10}],"player_experience":793020,"relics_obtained":[{"floor":3,"key":"HornCleat"},{"floor":7,"key":"Orichalcum"},{"floor":9,"key":"Art of War"}],"event_choices":[{"damage_healed":0,"gold_gain":0,"player_choice":"Take Damage","damage_taken":16,"relics_obtained":["Golden Idol"],"max_hp_gain":0,"max_hp_loss":0,"event_name":"Golden Idol","floor":2,"gold_loss":0},{"damage_healed":0,"gold_gain":0,"player_choice":"Entered Light","damage_taken":13,"max_hp_gain":0,"max_hp_loss":0,"event_name":"Shining Light","floor":11,"gold_loss":0,"cards_upgraded":["Strike_G","Adrenaline"]}],"is_beta":false,"boss_relics":[],"items_purged_floors":[],"is_endless":false,"potions_floor_spawned":[1,5],"killed_by":"Gremlin Nob","ascension_level":14}}