{"host":"cbabs5wvj1yqiyjm","time":1611621580,"event":{"mods":["AchievementEnabler","Act Like it!","Bartender","BaseMod","Bestiary","Better Third Choice","BetterRewards","Colored Powertips","Curses Come First","Downfall","Friendly Minions","Hallownest","Hermit","Infinite Spire","Kratos Character Expansion","Marisa????????","Minty Spire (QoL Compilation)","Rare Cards Sparkle","Replay The Spire","SOS???????","Spicy Shops","StSLib","Td1madao Mod","The Bladedancer","The Bug Knight","The Cursed","The Disciple","The Forsaken","The Marked","The Necromancer","The Problem Sleuth","The Servant 0.9.4","Wandering Minibosses","???Mod??????Boss"],"gold_per_floor":[99,119,119,139,132,143,143,33,56,46,66,66,88,110,125,221,221,221,165,165,101,855,855,855,855,898,916,716,738,738,782,810,920,920,975,1005,1034,1034,1034,1055,1055,1086,1086,1116,1139,1139,41,55,79,85,85],"floor_reached":50,"language":"ENG","playtime":5979,"items_purged":[],"score":655,"play_id":"5cb6bddd-6db3-479e-9ad4-2203ab111f76","local_time":"20210125193940","is_ascension_mode":true,"campfire_choices":[{"floor":1.0,"key":"DIG"},{"floor":12.0,"key":"REST"},{"floor":18.0,"key":"RECALL"},{"floor":25.0,"key":"REST"},{"floor":28.0,"key":"REST"},{"floor":30.0,"key":"REST"},{"floor":43,"key":"REST"},{"floor":46,"key":"REST"}],"circlet_count":0,"master_deck":["Strike_Bartender+1","Strike_Bartender+1","Strike_Bartender","Defend_Bartender","Defend_Bartender","Defend_Bartender","Defend_Bartender","Somersault","Top_Shelf","Mirage","OpoOpo_Form","Training_Dummy","Step_Of_The_Wind","Step_Of_The_Wind","With_A_Twist","Torment","Well_Drinks","Breathe_Deep","On_The_House","Surge","Free_Pour","Butterfly_Float","Stick_and_Move+1","Scoop","Raptor_Form","Coeurl_Form","On_The_Rocks","Dancing_Jab","Ball_Of_Ice","Free_Pour","Blizzard_Spikes","Form_Shift","Power_Up_Punch","Coeurl_Form","Spirits_Within","infinitespire:Punishment","Fading_Blow+1","Center_Self","On_The_Rocks","Bitters+1","Meteodrive+1","Windup","Dolphin_Blow","Dolphin_Blow","KratosMod:FullCounter","Momentum","Ball_Of_Ice","Dancing_Jab","Rope_A_Dope","Blizzard_Spikes+1"],"relics":["Sneakers","Torii","Incense Burner","Replay:Bandana","Fusion Hammer","wanderingMiniBosses:MasterThiefsPresence","Whetstone","downfall:HeartBlessingRed","downfall:HeartBlessingBlue","Ring of Chaos","infinitespire:Joker Card","Replay:Bottled Flurry","Ice Cream","OrangePellets"],"acts_visited":["Exordium","TheCity","TheBeyond"],"potions_floor_usage":[50],"damage_taken":[{"damage":1.0,"enemies":"Small Slimes","floor":2.0,"turns":3.0},{"damage":0.0,"enemies":"Cultist","floor":4.0,"turns":3.0},{"damage":2.0,"enemies":"Jaw Worm","floor":5.0,"turns":7.0},{"damage":13.0,"enemies":"Red Slaver","floor":6.0,"turns":4.0},{"damage":0.0,"enemies":"downfall:FleeingMerchant","floor":8.0,"turns":4.0},{"damage":29.0,"enemies":"Gremlin Nob","floor":9.0,"turns":6.0},{"damage":0.0,"enemies":"downfall:FleeingMerchant","floor":10.0,"turns":4.0},{"damage":1.0,"enemies":"Lagavulin","floor":11.0,"turns":9.0},{"damage":0.0,"enemies":"Gremlin Gang","floor":13.0,"turns":4.0},{"damage":0.0,"enemies":"Blue Slaver","floor":14.0,"turns":4.0},{"damage":1.0,"enemies":"Lots of Slimes","floor":15.0,"turns":2.0},{"damage":21.0,"enemies":"The Guardian","floor":16.0,"turns":9.0},{"damage":5.0,"enemies":"3 Byrds","floor":19.0,"turns":7.0},{"damage":0.0,"enemies":"Chosen","floor":21.0,"turns":8.0},{"damage":8.0,"enemies":"Centurion and Healer","floor":22.0,"turns":4.0},{"damage":0.0,"enemies":"HollowMod:Nosk","floor":26.0,"turns":9.0},{"damage":0.0,"enemies":"Snake Plant","floor":27.0,"turns":7.0},{"damage":0.0,"enemies":"Cultist and Chosen","floor":29.0,"turns":7.0},{"damage":2.0,"enemies":"Book of Stabbing","floor":31.0,"turns":4.0},{"damage":7,"enemies":"Centurion and Healer","floor":32,"turns":5},{"damage":10,"enemies":"WA_ARCHETYPE_CALM","floor":33,"turns":14},{"damage":0,"enemies":"3 Shapes","floor":36,"turns":2},{"damage":1,"enemies":"Orb Walker","floor":37,"turns":5},{"damage":23,"enemies":"4 Shapes","floor":40,"turns":8},{"damage":0,"enemies":"Maw","floor":42,"turns":8},{"damage":12,"enemies":"Writhing Mass","floor":44,"turns":5},{"damage":18,"enemies":"Jaw Worm Horde","floor":45,"turns":5},{"damage":0,"enemies":"downfall:FleeingMerchant","floor":47,"turns":4},{"damage":64,"enemies":"Sphere and 2 Shapes","floor":48,"turns":4},{"damage":0,"enemies":"Spire Growth","floor":49,"turns":3},{"damage":21,"enemies":"SI_POISON_ARCHETYPE","floor":50,"turns":2}],"seed_played":"1978669020196831393","potions_obtained":[{"floor":4.0,"key":"BlessingOfTheForge"},{"floor":13.0,"key":"Toxic Potion"},{"floor":15.0,"key":"Explosive Potion"},{"floor":16.0,"key":"ColorlessPotion"},{"floor":19.0,"key":"BlessingOfTheForge"},{"floor":22.0,"key":"DuplicationPotion"},{"floor":33,"key":"Strength Potion"}],"is_trial":false,"path_per_floor":["R","M","?","M","M","M","T","$","E","$","E","R","M","M","M","B",null,"R","M","?","M","M","?","T","R","E","M","R","M","R","E","M","B",null,"R","M","M","?","AVR","M","T","M","R","M","M","R","$","M","M","B"],"character_chosen":"BARTENDER","items_purchased":["With_A_Twist","Torment","Windup","Dolphin_Blow","KratosMod:FullCounter","Ice Cream","Momentum","OrangePellets","Ball_Of_Ice","Dancing_Jab"],"campfire_rested":6,"item_purchase_floors":[8,8,47,47,47,47,47,47,47,47],"current_hp_per_floor":[70,69,69,69,67,54,54,54,25,25,24,45,45,45,44,23,70,70,65,65,65,57,57,57,70,70,70,80,80,80,78,71,61,80,80,80,79,79,79,56,56,56,80,68,50,74,74,10,10,0,0],"gold":85,"neow_bonus":"ONE_RANDOM_RARE_CARD","is_daily":false,"chose_seed":false,"campfire_upgraded":0,"win_rate":0.0,"timestamp":1611621580,"path_taken":["R","M","?","M","M","M","T","?","E","$","E","R","M","M","M","BOSS","R","M","?","?","?","?","T","R","E","M","R","?","R","E","M","BOSS","R","M","M","?","AVR","M","T","M","R","M","?","R","$","M","M","BOSS"],"items_purchased_type":["Card","Card","Card","Card","Card","Relic","Card","Relic","Card","Card"],"build_version":"2020-12-22","purchased_purges":0,"victory":false,"max_hp_per_floor":[70,70,70,70,70,70,70,70,70,70,70,70,70,70,70,70,70,70,70,70,70,70,70,70,70,70,70,80,80,80,80,80,80,80,80,80,80,80,80,80,80,80,80,80,80,80,80,80,80,80,80],"card_choices":[{"not_picked":["Dart","Dragonkick"],"picked":"Mirage","floor":2.0},{"not_picked":["With_A_Twist","Wall_of_Ice"],"picked":"OpoOpo_Form","floor":4.0},{"not_picked":["Foot_Thrust","Fading_Blow"],"picked":"Training_Dummy","floor":5.0},{"not_picked":["Torment","High_Tide"],"picked":"Step_Of_The_Wind","floor":6.0},{"not_picked":["Hook","Feint"],"picked":"Step_Of_The_Wind","floor":8.0},{"not_picked":["Dragonkick","Wall_of_Ice"],"picked":"Well_Drinks","floor":9.0},{"not_picked":["Elbow_Slash","Blizzard_Spikes"],"picked":"Breathe_Deep","floor":10.0},{"not_picked":["RockBreaker","Axe_Heel_Kick"],"picked":"On_The_House","floor":11.0},{"not_picked":["Foot_Thrust","Glare"],"picked":"Surge","floor":13.0},{"not_picked":["Foot_Thrust","Tornado_Kick"],"picked":"Free_Pour","floor":14.0},{"not_picked":["Meteodrive","Scoop"],"picked":"Stick_and_Move","floor":15.0},{"not_picked":["Spirits_Within","Dolphin_Blow"],"picked":"Butterfly_Float","floor":16.0},{"not_picked":["Glare","Scoop"],"picked":"Stick_and_Move+1","floor":19.0},{"not_picked":["Ripple","Dancing_Jab+1"],"picked":"Raptor_Form","floor":21.0},{"not_picked":["Free_Pour","Snap_Punch"],"picked":"Coeurl_Form","floor":22.0},{"not_picked":["Dolphin_Blow","Greased_Lightning"],"picked":"On_The_Rocks","floor":26.0},{"not_picked":["Scoop+1","Scowl"],"picked":"Dancing_Jab","floor":27.0},{"not_picked":["Wall_of_Ice","Scoop+1"],"picked":"Ball_Of_Ice","floor":29.0},{"not_picked":["Dancing_Jab","Foot_Thrust"],"picked":"Free_Pour","floor":31},{"not_picked":["Stick_and_Move","Free_Pour"],"picked":"Blizzard_Spikes","floor":32},{"not_picked":["Dolphin_Blow","Butterfly_Float"],"picked":"Form_Shift","floor":33},{"not_picked":["Ripple","Dancing_Jab+1"],"picked":"Power_Up_Punch","floor":36},{"not_picked":["RockBreaker+","Axe_Heel_Kick"],"picked":"Coeurl_Form","floor":37},{"not_picked":["Pony_Shot+1","On_The_Rocks+1"],"picked":"Fading_Blow+1","floor":40},{"not_picked":["Sucker_Punch","Rising_Crane"],"picked":"Center_Self","floor":42},{"not_picked":["Snap_Punch","Fading_Blow"],"picked":"On_The_Rocks","floor":44},{"not_picked":["Glare+1","Fading_Blow+1"],"picked":"Bitters+1","floor":45},{"not_picked":["Dragonkick","Surge"],"picked":"Meteodrive+1","floor":47},{"not_picked":["On_The_Rocks","Bloodbath_Bartender"],"picked":"Rope_A_Dope","floor":48},{"not_picked":["Stick_and_Move+1","Pony_Shot"],"picked":"Blizzard_Spikes+1","floor":49}],"player_experience":80767,"relics_obtained":[{"floor":1.0,"key":"Torii"},{"floor":7.0,"key":"Incense Burner"},{"floor":9.0,"key":"Replay:Bandana"},{"floor":11.0,"key":"Iron Hammer"},{"floor":22.0,"key":"wanderingMiniBosses:MasterThiefsPresence"},{"floor":26.0,"key":"Whetstone"},{"floor":41,"key":"Replay:Bottled Flurry"}],"event_choices":[{"cards_removed":["Strike_Bartender"],"damage_healed":0.0,"max_hp_gain":0.0,"max_hp_loss":0.0,"gold_gain":0.0,"event_name":"Purifier","player_choice":"Purged","floor":3.0,"gold_loss":0.0,"damage_taken":0.0}],"is_beta":false,"boss_relics":[{"not_picked":["Replay:Ancient Bell","Runic Pyramid"],"picked":"Fusion Hammer"},{"not_picked":["Kintsugi","Abe\u0027s Treasure"],"picked":"Ring of Chaos"}],"items_purged_floors":[],"is_endless":false,"potions_floor_spawned":[4,13,15,16,19,22,26,33,42,45,48],"killed_by":"SI_POISON_ARCHETYPE","ascension_level":1}}