{"host":"09xy7x44mql7nhdq","time":1611686876,"event":{"mods":["AchievementEnabler","BaseMod","Colored Map","Colored Powertips","Dark Map","Filter the Spire","Minty Spire (QoL Compilation)","Quick Restart","Relic Stats","Slay the Relics Exporter","everything is the same but u backflip on backflip","ojb\u0027s Better Paths Mod","ojb\u0027s Info Mod","slay the spire mod where everything is the same but ironclad has a cowboy hat"],"gold_per_floor":[110,121,45,56,36,66,66,86,112,152,184,208,220,220],"floor_reached":13,"language":"ENG","playtime":713,"items_purged":[],"score":194,"play_id":"aa1c8b82-56b7-471d-87b5-744b826b93ff","local_time":"20210126134756","is_ascension_mode":true,"campfire_choices":[{"data":"Feed","floor":7,"key":"SMITH"}],"circlet_count":0,"master_deck":["AscendersBane","Strike_R","Strike_R","Strike_R","Strike_R","Strike_R","Defend_R","Defend_R","Defend_R","Defend_R","Bash","Headbutt","Feed+1","Feed","True Grit","Burning Pact","Power Through","Burning Pact","Hemokinesis"],"relics":["Coffee Dripper","PreservedInsect","MawBank","Centennial Puzzle"],"acts_visited":["Exordium"],"potions_floor_usage":[6,10,13],"damage_taken":[{"damage":0,"enemies":"Cultist","floor":1,"turns":3},{"damage":6,"enemies":"2 Louse","floor":2,"turns":3},{"damage":2,"enemies":"Small Slimes","floor":4,"turns":3},{"damage":8,"enemies":"Gremlin Nob","floor":6,"turns":3},{"damage":11,"enemies":"Looter","floor":8,"turns":3},{"damage":8,"enemies":"Lagavulin","floor":10,"turns":5},{"damage":9,"enemies":"Large Slime","floor":11,"turns":4},{"damage":8,"enemies":"Blue Slaver","floor":12,"turns":3},{"damage":37,"enemies":"3 Sentries","floor":13,"turns":10}],"seed_played":"8989375176999643989","potions_obtained":[{"floor":2,"key":"Block Potion"},{"floor":4,"key":"ElixirPotion"},{"floor":5,"key":"Energy Potion"},{"floor":6,"key":"Fruit Juice"},{"floor":12,"key":"FearPotion"}],"is_trial":false,"path_per_floor":["M","M","$","M","?","E","R","M","T","E","M","M","E"],"character_chosen":"IRONCLAD","items_purchased":["Feed"],"campfire_rested":0,"item_purchase_floors":[3],"current_hp_per_floor":[68,62,62,63,63,58,58,51,51,43,34,29,0,0],"gold":220,"neow_bonus":"BOSS_RELIC","is_daily":false,"chose_seed":false,"campfire_upgraded":1,"win_rate":0.0,"timestamp":1611686876,"path_taken":["M","M","$","M","?","E","R","M","T","E","M","M","E"],"items_purchased_type":["Card"],"build_version":"2020-12-22","purchased_purges":0,"victory":false,"max_hp_per_floor":[75,75,75,78,78,81,81,85,85,85,85,88,93,93],"relic_stats":{"Centennial Puzzle":[9],"counters":[9,37],"PreservedInsect":61,"MawBank":48,"obtain_stats":[{"Centennial Puzzle":10,"PreservedInsect":6,"Coffee Dripper":0,"MawBank":9,"Burning Blood":0},{"Centennial Puzzle":6,"PreservedInsect":4,"Coffee Dripper":0,"MawBank":5,"Burning Blood":0},{"Centennial Puzzle":20,"PreservedInsect":12,"Coffee Dripper":0,"MawBank":15,"Burning Blood":0}]},"card_choices":[{"not_picked":["Clash","Dual Wield","Warcry"],"picked":"SKIP","floor":1},{"not_picked":["Body Slam","Sword Boomerang"],"picked":"Headbutt","floor":2},{"not_picked":["Reckless Charge","Pommel Strike"],"picked":"Feed","floor":4},{"not_picked":["Iron Wave","Flex"],"picked":"True Grit","floor":6},{"not_picked":["Cleave","Shockwave"],"picked":"Burning Pact","floor":8},{"not_picked":["Thunderclap","Clash"],"picked":"Power Through","floor":10},{"not_picked":["Sever Soul","Combust"],"picked":"Burning Pact","floor":11},{"not_picked":["Flex","Infernal Blade"],"picked":"Hemokinesis","floor":12}],"player_experience":1107870,"relics_obtained":[{"floor":6,"key":"PreservedInsect"},{"floor":9,"key":"MawBank"},{"floor":10,"key":"Centennial Puzzle"}],"event_choices":[{"damage_healed":0,"gold_gain":0,"player_choice":"Bought 1 Potion","damage_taken":0,"max_hp_gain":0,"max_hp_loss":0,"event_name":"The Woman in Blue","floor":5,"gold_loss":0}],"is_beta":false,"boss_relics":[],"items_purged_floors":[],"is_endless":false,"potions_floor_spawned":[2,4,6,12],"killed_by":"3 Sentries","ascension_level":20}}