{"host":"t1puqh5lxz8sp6fn","time":1611640132,"event":{"mods":["AchievementEnabler","BaseMod","Colored Powertips","Minty Spire (QoL Compilation)","Rare Cards Sparkle","Relic Stats","StSLib"],"gold_per_floor":[118,134,153,166,181,181,213,213,239,239,239,269,319,344,344,443,493,504,504,504,504,515,515,515,515],"floor_reached":24,"playtime":838,"items_purged":[],"score":326,"play_id":"05999eac-52b1-4af0-92cc-bf3c7d1a228f","local_time":"20210126024852","is_ascension_mode":true,"campfire_choices":[{"floor":6.0,"key":"REST"},{"floor":8.0,"key":"DIG"},{"floor":11.0,"key":"DIG"},{"floor":15.0,"key":"DIG"},{"floor":23,"key":"DIG"}],"circlet_count":0,"master_deck":["AscendersBane","Strike_B+1","Strike_B+1","Strike_B+1","Strike_B+1","Defend_B+1","Defend_B+1","Defend_B+1","Defend_B+1","Zap","Dualcast","Conserve Battery","Glacier","Doom and Gloom","Self Repair","Sweeping Beam+1","Rainbow","Ball Lightning","Seek+1","Echo Form","Tempest+1","FTL"],"relics":["Cracked Core","Shovel","Oddly Smooth Stone","Tiny Chest","Whetstone","Smiling Mask","Nunchaku","Odd Mushroom","Vajra","Toxic Egg 2","Ancient Tea Set","Tiny House","Kunai","Ornamental Fan"],"acts_visited":["Exordium","TheCity"],"potions_floor_usage":[18],"damage_taken":[{"damage":0.0,"enemies":"2 Louse","floor":1.0,"turns":2.0},{"damage":7.0,"enemies":"Small Slimes","floor":2.0,"turns":4.0},{"damage":0.0,"enemies":"Jaw Worm","floor":3.0,"turns":4.0},{"damage":16.0,"enemies":"Lots of Slimes","floor":4.0,"turns":3.0},{"damage":5.0,"enemies":"Exordium Wildlife","floor":5.0,"turns":7.0},{"damage":5.0,"enemies":"Lagavulin","floor":7.0,"turns":8.0},{"damage":0.0,"enemies":"The Mushroom Lair","floor":12.0,"turns":2.0},{"damage":8.0,"enemies":"Gremlin Nob","floor":14.0,"turns":3.0},{"damage":24,"enemies":"The Guardian","floor":16,"turns":11},{"damage":22,"enemies":"2 Thieves","floor":18,"turns":4},{"damage":11,"enemies":"Shell Parasite","floor":22,"turns":8},{"damage":35,"enemies":"Book of Stabbing","floor":24,"turns":3}],"seed_played":"2923585962649651841","potions_obtained":[{"floor":1.0,"key":"SneckoOil"},{"floor":3.0,"key":"ColorlessPotion"},{"floor":7.0,"key":"Explosive Potion"},{"floor":17,"key":"Fire Potion"}],"is_trial":false,"path_per_floor":["M","M","M","M","M","R","E","R","T","?","R","?","T","E","R","B",null,"M","T","?","?","M","R","E"],"character_chosen":"DEFECT","items_purchased":[],"campfire_rested":1,"item_purchase_floors":[],"current_hp_per_floor":[50,43,43,27,29,51,53,53,53,46,46,46,46,38,38,21,67,52,52,37,37,33,33,0,0],"gold":515,"neow_bonus":"ONE_RARE_RELIC","is_daily":false,"chose_seed":false,"campfire_upgraded":0,"win_rate":0.0,"timestamp":1611640132,"path_taken":["M","M","M","M","M","R","E","R","T","?","R","?","?","E","R","BOSS","M","?","?","?","M","R","E"],"items_purchased_type":[],"build_version":"2020-12-13","purchased_purges":0,"victory":false,"max_hp_per_floor":[75,75,75,75,75,75,75,75,75,75,75,75,75,75,75,75,80,80,80,85,85,85,85,85,85],"relic_stats":{"Nunchaku":[3],"Shovel":4,"counters":[12,59],"Ornamental Fan":[4],"Tiny Chest":1,"Whetstone":["Strike_B","Sweeping Beam"],"Kunai":[2],"Smiling Mask":0,"obtain_stats":[{"Tiny House":17,"Oddly Smooth Stone":7,"Vajra":13,"Whetstone":9,"Odd Mushroom":12,"Smiling Mask":10,"Ancient Tea Set":15,"Nunchaku":11,"Shovel":0,"Ornamental Fan":23,"Tiny Chest":8,"Kunai":19,"Toxic Egg 2":14,"Cracked Core":0},{"Tiny House":9,"Oddly Smooth Stone":6,"Vajra":7,"Whetstone":6,"Odd Mushroom":7,"Smiling Mask":6,"Ancient Tea Set":8,"Nunchaku":6,"Shovel":0,"Ornamental Fan":11,"Tiny Chest":6,"Kunai":10,"Toxic Egg 2":8,"Cracked Core":0},{"Tiny House":44,"Oddly Smooth Stone":28,"Vajra":30,"Whetstone":28,"Odd Mushroom":30,"Smiling Mask":28,"Ancient Tea Set":33,"Nunchaku":28,"Shovel":0,"Ornamental Fan":56,"Tiny Chest":28,"Kunai":48,"Toxic Egg 2":33,"Cracked Core":0}]},"card_choices":[{"not_picked":["Chill","Stack"],"picked":"Conserve Battery","floor":1.0},{"not_picked":["Hologram","Go for the Eyes"],"picked":"Glacier","floor":2.0},{"not_picked":["Aggregate","Consume"],"picked":"Doom and Gloom","floor":3.0},{"not_picked":["Cold Snap","Rip and Tear"],"picked":"Self Repair","floor":4.0},{"not_picked":["Beam Cell","Leap"],"picked":"Sweeping Beam","floor":5.0},{"not_picked":["Leap","Stack"],"picked":"Rainbow","floor":7.0},{"not_picked":["Go for the Eyes","Rebound"],"picked":"Ball Lightning","floor":12.0},{"not_picked":["Streamline","Lockon"],"picked":"Seek+1","floor":14.0},{"not_picked":["Amplify+1","Rainbow+1"],"picked":"Echo Form","floor":16},{"not_picked":["Multi-Cast+1","Steam Power+1"],"picked":"Tempest+1","floor":18},{"not_picked":["Chill+1","Blizzard"],"picked":"FTL","floor":22}],"player_experience":455330,"relics_obtained":[{"floor":7.0,"key":"Oddly Smooth Stone"},{"floor":8.0,"key":"Tiny Chest"},{"floor":9.0,"key":"Whetstone"},{"floor":11.0,"key":"Nunchaku"},{"floor":12.0,"key":"Odd Mushroom"},{"floor":13.0,"key":"Vajra"},{"floor":14.0,"key":"Toxic Egg 2"},{"floor":15.0,"key":"Ancient Tea Set"},{"floor":19,"key":"Kunai"},{"floor":23,"key":"Ornamental Fan"}],"event_choices":[{"damage_healed":0.0,"max_hp_gain":0.0,"max_hp_loss":0.0,"gold_gain":0.0,"event_name":"Scrap Ooze","player_choice":"Success","floor":10.0,"gold_loss":0.0,"damage_taken":7.0,"relics_obtained":["Smiling Mask"]},{"damage_healed":0.0,"max_hp_gain":0.0,"max_hp_loss":0.0,"gold_gain":0.0,"event_name":"Mushrooms","player_choice":"Fought Mushrooms","floor":12.0,"gold_loss":0.0,"damage_taken":0.0},{"damage_healed":0,"gold_gain":0,"player_choice":"Shed Blood","damage_taken":20,"max_hp_gain":5,"max_hp_loss":0,"event_name":"Forgotten Altar","floor":20,"gold_loss":0},{"damage_healed":0,"gold_gain":0,"player_choice":"Simplicity","damage_taken":0,"max_hp_gain":0,"max_hp_loss":0,"event_name":"Back to Basics","floor":21,"gold_loss":0,"cards_upgraded":["Strike_B","Strike_B","Defend_B","Defend_B","Defend_B","Defend_B"]}],"is_beta":false,"boss_relics":[{"not_picked":["SacredBark","Philosopher\u0027s Stone"],"picked":"Tiny House"}],"items_purged_floors":[],"is_endless":false,"potions_floor_spawned":[1,3,4,7],"killed_by":"Book of Stabbing","ascension_level":12}}